2855 4871
561 362 685 455 298
1055 364 1148 427 M.
1197 362 1453 429 FABII
1498 362 2144 447 QUINTILIANI

555 486 639 558 tis
670 484 998 557 occurrit:
1036 485 1453 559 amabamus
1485 484 1693 577 etiam
1726 487 1799 557 in
1832 489 2289 586 praeteritum,
2322 514 2451 561 nec
2482 489 2657 561 cari-

559 620 660 676 tas
686 599 820 672 suit
843 599 984 691 illa,
1009 600 1129 673 sed
1159 600 1458 673 invicem
1488 600 1875 674 satisfactio.
1895 602 2327 702 Utinamque
2352 602 2491 678 hoc
2510 630 2653 676 nou

557 716 827 817 palam,
871 744 1016 789 non
1058 716 1424 791 manifeste
1469 718 1910 809 fecissemus,
1946 740 2023 793 ut
2058 719 2405 793 videretur
2446 722 2655 793 frater

558 857 758 904 meus
804 832 1000 905 nullo
1053 832 1264 906 modo
1314 852 1706 906 mutaturus
1752 852 2292 919 testamentum:
2344 860 2656 932 personae

559 945 765 1045 igitur
801 946 996 1021 nullo
1035 949 1245 1021 modo
1285 968 1810 1047 comparantur3
1843 948 2114 1023 alienus
2150 972 2217 1021 et
2250 951 2487 1030 frater.
2524 951 2660 1025 Su-

559 1088 896 1161 pervacua
918 1062 1188 1135 mentio
1216 1063 1568 1137 discordiae
1586 1122 1605 1155 ,
1640 1090 1865 1163 quum
1894 1084 1965 1137 et
1994 1064 2113 1136 illo
2146 1086 2463 1165 tempore
2500 1092 2661 1138 con-

559 1175 802 1247 stiterit
833 1176 1271 1267 innocentia,
1313 1198 1380 1251 et
1415 1177 1489 1249 id
1528 1200 1805 1277 tempus
1828 1233 1847 1269 ,
1882 1180 2071 1278 quod
2110 1179 2183 1251 in
2218 1180 2509 1278 culpam
2544 1180 2660 1251 de-

562 1289 868 1382 ducitur,
904 1317 1048 1365 uon
1082 1293 1309 1365 solum
1345 1293 1493 1367 sine
1531 1292 1868 1369 discordia
1892 1294 2137 1385 fuerit,
2166 1320 2413 1367 verum
2450 1294 2661 1367 etiam

564 1408 788 1510 major
819 1428 1024 1506 atque
1056 1410 1308 1483 arctior
1335 1411 1611 1503 caritas,
1643 1402 1797 1510 post
1826 1411 2023 1483 illam
2043 1466 2062 1499 ,
2094 1410 2179 1483 de
2212 1437 2355 1509 qua
2385 1409 2661 1493 loeutus

562 1550 718 1597 sum
737 1581 754 1613 ‚
792 1524 1264 1622 poenitentiam
1285 1582 1304 1616 ,
1334 1526 1760 1599 increverit¹.
1791 1527 2201 1599 Proximum
2231 1546 2367 1613 est,
2396 1546 2483 1596 ut
2518 1525 2665 1624 opi-

562 1664 714 1727 nor,
749 1659 1060 1713 excutere
1095 1666 1371 1712 causas:
1408 1660 1477 1712 et
1504 1642 1697 1739 quod
1728 1640 1815 1721 ad
1848 1666 1962 1711 me
1990 1640 2283 1739 quidem
2319 1638 2660 1737 pertinet,

563 1754 799 1830 videor
819 1756 902 1829 de
923 1756 1031 1845 his
1049 1757 1206 1831 satis
1230 1757 1503 1831 locutus
1523 1785 1538 1828 z
1562 1784 1729 1832 uam
1752 1757 1812 1829 si
1834 1756 2214 1839 inimicitiae
2240 1782 2325 1828 eo
2346 1776 2662 1853 tempore

565 1895 708 1947 non
744 1872 1066 1963 fuerunt,
1101 1900 1243 1969 quo
1281 1874 1486 1945 frater
1522 1899 1723 1947 meus
1754 1872 2023 1971 accepit
2062 1886 2463 1959 venenum,
2486 1866 2663 1940 mihi

565 2006 742 2059 certe
783 1986 914 2058 hoc
960 1987 1268 2061 faciendi
1311 1988 1481 2063 ratio
1520 2015 1665 2063 non
1706 1988 1879 2061 fuit:
1922 1987 2045 2084 qui
2082 1987 2137 2059 si
2179 2012 2400 2063 essem
2438 1983 2663 2057 malus

563 2103 790 2192 frater,
819 2104 920 2176 uti
949 2124 1186 2179 tamen
1215 2104 1544 2177 bonitatis
1568 2104 2008 2179 simulatione
2034 2102 2417 2191 debebam,
2442 2126 2664 2200 usque

563 2218 654 2291 ad
705 2221 1170 2299 mutationem
1213 2222 1645 2296 testamenti:
1698 2248 1867 2296 nam
1908 2220 2085 2319 quid
2125 2218 2488 2309 obstabat,
2532 2242 2665 2314 quo

567 2333 800 2418 minus
826 2362 969 2408 non
1000 2335 1340 2409 ultionem
1372 2358 1649 2415 ,tantum
1670 2392 1689 2425 ‚
1722 2336 1845 2411 sed
1872 2336 2083 2410 etiam
2113 2334 2389 2411 lucrum
2422 2358 2665 2415 conse-

567 2450 852 2545 querer?
875 2452 946 2524 Si
973 2479 1102 2551 ego
1126 2479 1272 2529 uon
1296 2453 1519 2528 habui
1547 2453 1891 2529 rationem
1918 2451 2133 2530 dandi
2156 2449 2411 2524 veneni
2436 2448 2665 2536 fratri,

565 2564 814 2638 videbo
855 2595 945 2640 an
983 2568 1096 2641 hic
1133 2569 1497 2650 habuerit:
1534 2569 1729 2644 heres
1770 2589 1869 2644 est
1904 2597 1919 2640 z
1966 2567 2097 2640 hoc
2141 2592 2265 2667 per
2310 2591 2383 2638 se
2426 2585 2667 2665 potens

569 2701 687 2752 est.
717 2683 1016 2775 Omnia,
1035 2711 1475 2784 quaecunque
1495 2703 1635 2759 toto
1660 2683 1828 2756 orbe
1853 2705 2192 2756 terrarum
2218 2680 2667 2754 committun-

569 2817 679 2871 tur
707 2797 997 2889 scelera,
1029 2799 1533 2898 circumspicite
1552 2855 1571 2888 ‚
1597 2797 1869 2899 judices
1889 2853 1909 2888 ‚
1937 2797 2266 2896 pleraque
2290 2821 2372 2868 ex
2400 2791 2667 2894 cupidi-

568 2929 704 2982 tate
751 2934 1168 2989 nascuntur:
1222 2915 1369 2994 haec
1411 2913 1710 2989 latrones
1751 2913 1955 3003 facit,
1998 2912 2143 2984 haec
2188 2910 2481 3010 piratas,
2532 2909 2665 2980 haec

571 3025 748 3120 intra
777 3053 1014 3112 muros
1047 3029 1256 3108 etiam
1275 3086 1295 3119 ,
1323 3051 1536 3131 atque
1562 3029 1748 3102 intra
1774 3029 2019 3104 domos
2054 3047 2358 3113 nostras,
2394 3045 2467 3096 et
2504 3044 2669 3096 tem-

573 3139 721 3238 pla,
757 3142 928 3230 sicas
969 3171 1457 3242 percussorum
1502 3143 1723 3221 acuit:
1765 3143 1929 3220 inde
1960 3161 2125 3214 nata
2157 3160 2324 3214 sunt
2354 3162 2663 3210 venena:

573 3278 650 3332 ut
685 3257 864 3332 mihi
903 3259 1214 3335 videatur
1255 3289 1490 3337 rerum
1526 3280 1775 3337 natura
1808 3257 2138 3338 omnibus
2178 3255 2255 3328 in
2302 3253 2665 3326 hominem

571 3372 836 3462 collatis
875 3375 1080 3464 ‚bouis
1123 3403 1352 3462 unum
1399 3395 1675 3448 metum
1716 3371 2207 3472 opposuisse22
2256 3367 2420 3442 tolle
2469 3392 2670 3467 pecu-

571 3532 736 3594 mdess
757 3549 814 3586 ut
834 3537 904 3586 ita
925 3534 1086 3601 lame,
1101 3537 1254 3608 fessoe
1273 3554 1429 3588 naves
1452 3548 1581 3587 tem·
1666 3531 1843 3594 Unum
1859 3531 2086 3602 pretium
2106 3547 2228 3600 app.
2250 3525 2383 3580 Obr.
2404 3525 2522 3595 Ego
2540 3520 2665 3574 nihi!

573 3611 864 3682 penatibus
885 3617 1080 3686 passim
1095 3629 1404 3668 occurrunt.
1422 3613 1577 3672 Ovid.
1660 3624 1839 3682 mmm
1858 3628 2023 3662 unum
2044 3623 2273 3676 metum,
2298 3606 2505 3661 scilicet
2525 3625 2557 3662 a
2582 3621 2669 3654 cu-

574 3682 990 3766 Metamorphos.
1017 3699 1086 3746 vl
1101 3734 1118 3760 ,
1148 3697 1276 3764 5193
1309 3693 1498 3748 Claud.
1522 3695 1579 3746 in
1658 3693 1825 3764 pidis,
1840 3691 2186 3764 propinquis,
2203 3703 2255 3741 et
2272 3690 2363 3760 qui
2378 3707 2434 3740 se
2450 3683 2669 3738 heredes

571 3775 694 3826 Ruf.
719 3775 772 3840 J,
800 3775 919 3844 276.
941 3795 988 3825 v.
1014 3777 1214 3831 Passer.
1243 3773 1312 3826 ad
1335 3777 1577 3844 Propert.
1660 3775 1775 3828 fore
1790 3785 2007 3845 speram
2024 3792 2038 3824 z
2056 3790 2181 3824 nam
2190 3769 2421 3843 pretium
2430 3806 2449 3833 ‚
2464 3769 2541 3824 ita
2560 3767 2673 3818 sim-

573 3854 721 3926 Eleg.
745 3855 835 3908 lib.
863 3857 949 3920 HJ,
971 3873 1055 3922 21,
1077 3871 1160 3926 19,
1182 3873 1237 3924 p.
1261 3853 1382 3906 530.
1409 3856 1576 3906 Bunn.
1658 3856 1869 3930 pliciter
1888 3855 1993 3907 dici
2012 3871 2169 3926 posse
2188 3869 2301 3906 non
2322 3865 2473 3923 puto.
2494 3845 2670 3906 Sahal-

653 3953 694 3987 1.
722 3939 1017 3991 lact-evenit.
1045 3936 1166 3990 Vid.
1201 3936 1268 3990 ad
1297 3935 1579 3992 Declama-
1662 3939 1861 4007 tingius
1902 3956 2009 3990 non
2054 3933 2190 3999 male
2226 3931 2439 4002 legebat
2458 3971 2475 3998 ‚
2512 3944 2663 3982 uuum

583 4016 775 4069 tionem
799 4021 915 4072 vul
931 4058 947 4084 ,
977 4035 1022 4072 ι.
1664 4019 1805 4070 hunc
1820 4029 2043 4082 metum,
2066 4015 2269 4069 scilicet
2281 4032 2345 4066 ex
2360 4010 2661 4082 cupiditate.

661 4114 709 4146 a.
771 4097 943 4150 Unum
1013 4109 1208 4150 metum
1277 4097 1579 4169 opposuisse.
1664 4099 1833 4150 Bunu.
