2855 4871
668 422 1509 489 DECLAMATIONES.
1555 425 1698 489 XL.
2110 427 2231 492 585

1099 820 1281 925 ij

683 1046 935 1144 Rapta,
961 1043 1048 1115 ab
1079 1042 1337 1145 ephebo
1365 1032 1689 1145 stuprata.

154 1229 493 1288 Burnum
530 1248 661 1288 mx.
700 1230 929 1311 Rapuit
965 1228 1223 1309 quidam
1262 1230 1604 1311 virginem,
1641 1243 1702 1288 et
1738 1228 1977 1312 ephebo
1995 1275 2012 1306 ,
2055 1252 2240 1313 quem

228 1328 513 1403 amabat,
551 1328 805 1389 tradidit
841 1328 1283 1410 stuprandam:
1327 1342 1502 1411 rapta
1545 1328 1621 1389 ad
1661 1332 2053 1410 magistratus
2093 1353 2242 1413 pro-

226 1426 412 1487 ducta
430 1472 448 1502 ,
474 1442 740 1488 mortem
768 1426 991 1513 ephebi
1014 1428 1194 1508 petit:
1226 1426 1408 1487 offert
1435 1449 1497 1489 se
1527 1427 1660 1504 ille,
1684 1430 1794 1510 qui
1815 1429 2041 1512 rapuit.

898 1617 1050 1663 PRO
1098 1614 1501 1663 RAPTORE.

246 1741 437 1835 Ego,
462 1736 773 1837 judiceS‚
809 1737 1048 1835 rapui,
1085 1765 1213 1837 ego
1249 1737 1543 1809 domum
1586 1738 1748 1809 duxi
1772 1796 1790 1829 ‚
1834 1765 1959 1837 ego
1993 1738 2248 1836 pariter

154 1851 444 1942 inclusi,
480 1878 607 1951 ego
646 1852 787 1922 vim
837 1851 1110 1924 duobus
1152 1852 1307 1923 feci.
1354 1852 1589 1925 Perire
1635 1852 1813 1923 mihi
1862 1840 2246 1941 satius⁸est,

154 1992 376 2063 quam
422 1965 612 2038 hunc
658 1965 890 2039 videre
936 1987 1367 2065 pereuntem.
1413 1965 1726 2058 callide„
1763 1965 2031 2065 puella,
2063 1992 2252 2037 com-

154 2102 393 2153 menta
421 2106 491 2152 es
515 2096 532 2125 ¹
565 2109 579 2152 :
614 2107 841 2154 unum
868 2082 1045 2182 petis
1065 2140 1084 2173 ,
1121 2102 1202 2153 ut
1230 2082 1402 2154 duos
1431 2081 1685 2181 pariter
1717 2081 2002 2152 occidas,

154 2322 353 2343 W
358 2324 1222 2348 mmmmm-mmm
1226 2326 1419 2346 m
1422 2324 1614 2346 mm
1907 2323 2098 2345 mm
2102 2322 2251 2341 m

1092 2494 1328 2568 XLI.

710 2687 895 2760 Orba
923 2690 1225 2784 confessa
1249 2683 1705 2784 sacrileqium.
1773 2681 1778 2686 ’

149 2877 595 2936 MAets'rnArus
619 2893 696 2932 ΒΕ
719 2893 1010 2933 conasse
1043 2892 1245 2932 sumn
1285 2893 1678 2933 suppmcmn.
1713 2873 1808 2930 Dr:
1841 2890 2090 2931 unus-ro
2119 2890 2260 2929 sup-

234 2990 442 3031 rucno
490 2988 791 3030 rnlnuuos
835 2989 1181 3029 uretur-13
1226 2988 1460 3028 uem-r.
1512 2969 1667 3045 Quae
1719 2981 1986 3048 quatuor
2041 2965 2260 3030 liberos

235 3065 514 3129 habebat
532 3113 550 3144 ‚
588 3069 825 3129 amissis
860 3066 1063 3128 tribus
1081 3113 1101 3143 ,
1148 3081 1207 3126 et
1250 3069 1480 3128 marito
1503 3114 1520 3141 ‚
1566 3066 1837 3140 detracta
1879 3081 1972 3128 est
2013 3089 2048 3127 a
2088 3066 2216 3128 filio
2239 3112 2258 3144 ,

236 3186 439 3249 quum
452 3165 745 3245 laqueum
761 3165 1078 3226 induisset.
1100 3163 1500 3246 sacrilegium
1516 3167 1584 3226 in
1599 3167 1848 3227 civitate
1863 3165 2260 3226 commissum

232 3275 345 3323 est.
370 3262 536 3322 Adiit
558 3265 691 3345 ipsa
718 3263 1177 3343 magistratum,
1202 3273 1262 3321 et
1286 3261 1443 3321 dixit
1466 3283 1499 3322 a
1523 3283 1582 3322 se
1607 3262 1870 3323 factum:
1898 3260 2030 3320 vult
2054 3260 2130 3320 de
2153 3259 2262 3319 illa

236 3359 621 3441 supplicium
638 3381 897 3422 sumere.
918 3357 1203 3442 Appellat
1219 3380 1337 3441 pro
1359 3380 1432 3419 ea
1449 3357 1616 3418 filius
1635 3357 1916 3418 tribunos
1935 3357 2012 3416 de
2031 3353 2260 3438 injusto

240 3456 572 3538 supplicio·
597 3455 664 3514 C.
691 3459 767 3518 D.

978 3557 1136 3647 {³110
1186 3597 1440 3644 FILIO.

257 3721 503 3796 Subito
536 3727 847 3795 Fortuna
867 3781 885 3812 ,
916 3723 1093 3796 sicut
1125 3722 1331 3810 solet,
1363 3720 1516 3818 ipsa
1543 3719 1686 3791 suis
1715 3719 2128 3791 muneribus
2155 3718 2264 3788 in-

158 3839 401 3912 vidi12.
438 3839 676 3932 Alius,
718 3841 982 3941 inquit,
1016 3868 1141 3940 pro
1188 3839 1323 3910 alio
1358 3863 1560 3936 agere
1605 3863 1749 3908 non
1795 3855 2050 3935 potest:
2087 3832 2263 3905 alius

240 3989 286 4024 ι.
334 3972 537 4025 Callicle
566 3973 749 4047 puella
787 3987 1041 4030 conventa
1083 3985 1171 4028 est.
1330 3989 1378 4024 2.
1424 3972 1534 4024 S'm's
1567 3971 1862 4024 muneribus
1893 3967 2098 4020 invidit.
2133 3969 2264 4018 For-

160 4051 472 4122 Legendmn
512 4057 691 4124 potius
712 4093 731 4122 ‚
772 4069 1065 4108 commenta
1104 4073 1170 4108 es.
1254 4065 1385 4103 tuna
1415 4049 1600 4102 eadem
1626 4047 1771 4120 apud
1795 4050 2003 4099 Petu-on.
2032 4045 2265 4096 carmine

162 4133 313 4184 Pura.
1255 4128 1322 4181 de
1346 4129 1489 4182 Bello
1512 4127 1679 4180 civili:
1712 4151 1733 4172 κ
1755 4128 1950 4181 Omnia
1971 4143 2082 4196 quae
2106 4123 2264 4176 tribui
