2855 4871
565 420 647 486 32
1067 421 1162 486 M.
1211 421 1461 485 FABII
1508 420 2148 503 QUINTILIANI

1241 668 1529 690 mmm

566 670 954 693 mm

1826 670 2663 695 *mmmmm-st

1421 850 1786 929 CCLII.

1059 1082 1408 1153 Parasitus
1442 1096 1679 1181 raptor
1702 1082 2081 1156 candidata:
2100 1099 2117 1127 ¹
2132 1140 2147 1155 .

562 1260 866 1320 luscam-1⁸1
893 1274 1208 1315 MALBPICU
1233 1274 1328 1314 srr
1355 1275 1551 1315 acrio.
1581 1256 1830 1318 Ranon
1854 1259 1907 1317 X
1932 1278 2147 1318 nutu
2162 1268 2185 1293 ⁸
2210 1278 2456 1320 somn.
2488 1262 2661 1321 Pau-

639 1357 802 1438 peris
825 1366 882 1415 et
906 1352 1114 1413 divitis
1136 1351 1268 1413 filia
1287 1352 1699 1414 sacerdotium
1720 1356 2031 1437 petebant.
2054 1358 2293 1417 Rumor
2308 1371 2465 1432 erat,
2484 1357 2663 1418 futu·

643 1472 784 1513 rum
807 1464 878 1512 ut
904 1452 1190 1533 pauperis
1212 1449 1346 1511 filia
1375 1450 1656 1511 sacerdos
1686 1466 2028 1513 crearetur:
2066 1455 2276 1535 rapuit
2304 1475 2440 1514 eam
2473 1476 2665 1537 para-

641 1549 792 1609 situs
821 1546 1046 1607 divitis.
1075 1548 1129 1606 X
1153 1547 1352 1607 millia
1377 1560 1629 1631 accepta
1651 1570 1688 1609 a
1712 1549 1905 1610 divite
1932 1550 2119 1611 solvit
2144 1571 2179 1610 e
2210 1549 2377 1633 lege:
2412 1564 2665 1613 accusat

645 1664 878 1727 pauper
899 1644 1154 1704 divitem
1181 1644 1459 1727 inscripti
1482 1643 1794 1705 maleficii.

1427 1837 1790 1905 SERMO.

653 1998 990 2090 Pleraeque
1026 2000 1493 2065 controversia:
1530 1998 1655 2065 sub
1687 1998 1811 2066 hac
1842 1999 1990 2088 lege
2022 1998 2253 2087 positae
2278 1996 2441 2063 duas
2470 2020 2661 2088 quae—

563 2108 808 2173 stiones
839 2104 1118 2185 habent,
1155 2130 1235 2171 ex
1267 2107 1431 2195 ipsis
1464 2130 1691 2172 earum
1715 2107 1937 2173 verbis
1960 2123 2229 2171 tractas:
2262 2128 2347 2171 an
2376 2105 2663 2194 inscrip-

563 2232 705 2279 tum
733 2214 817 2279 sit
835 2211 1018 2303 quod
1043 2211 1371 2302 objicitur,
1399 2231 1466 2279 et
1488 2238 1571 2279 an
1591 2214 1990 2280 maleficium
2010 2214 2121 2295 sit,
2144 2211 2326 2303 quod
2346 2212 2663 2302 frequen-

565 2338 666 2385 ter
706 2317 841 2384 dixi
857 2316 906 2397 3,
945 2342 1082 2385 non
1117 2342 1380 2409 semper
1420 2337 1811 2411 utramque,
1861 2320 2177 2410 quoniam
2222 2318 2363 2383 fere
2408 2316 2523 2383 ubi
2568 2314 2663 2382 de

567 2425 882 2513 inscripto
907 2441 1191 2504 constat,
1221 2426 1429 2516 quaeri
1452 2427 1624 2493 solet
1646 2425 1731 2492 de
1756 2426 2115 2492 maleficio:
2142 2424 2195 2490 si
2219 2421 2305 2490 de
2328 2422 2663 2490 maleficio

567 2531 912 2612 convenit,
949 2532 1020 2596 in
1057 2533 1570 2598 controversiam
1608 2534 1827 2612 venit,
1870 2557 1953 2598 an
2000 2533 2392 2621 inscriptum
2426 2531 2531 2595 sit.
2576 2531 2665 2594 In

563 2637 688 2703 hac
711 2637 1156 2702 controversia
1184 2637 1372 2702 tertia
1395 2661 1669 2730 quoque
1702 2637 2046 2730 adjiciatur
2072 2637 2350 2728 quaestio
2382 2657 2663 2702 necesse

565 2759 696 2823 est,
735 2765 886 2832 quae
921 2742 1340 2831 generalibus
1372 2742 1674 2809 constat4
1707 2743 1999 2824 duabus„
2042 2766 2126 2809 an
2164 2741 2363 2832 hujus
2400 2740 2661 2806 malefi-

564 2852 744 2914 cium
782 2849 896 2928 sit,
933 2847 1049 2913 sed
1083 2871 1208 2938 pro
1238 2847 1406 2913 hac⁵
1442 2848 1657 2916 media
1692 2851 2033 2916 eximitur:
2068 2872 2204 2915 non
2240 2849 2417 2913 enim
2444 2849 2663 2938 quaeri

563 2970 786 3043 potest
823 2976 908 3018 an
943 2954 1026 3018 sit
1055 2953 1491 3032 maleficium;
1524 2980 1745 3046 neque
1780 2958 1957 3022 enim
1990 2957 2058 3020 in
2090 2977 2311 3020 rerum
2350 2969 2663 3019 naturam

565 3056 772 3138 cadit,
805 3075 882 3124 ut
909 3060 1258 3148 quisquam
1279 3061 1661 3128 mortalium
1684 3059 1753 3126 id
1778 3061 2179 3127 maleficium
2202 3075 2433 3149 neget,
2462 3058 2663 3149 cujus

567 3188 830 3256 poenam
872 3164 1155 3230 solutam
1197 3187 1340 3231 esse
1375 3167 1771 3234 contendat:
1818 3190 2190 3258 quoeremus
2228 3189 2385 3256 ergo
2426 3188 2509 3230 an
2554 3167 2659 3231 in·

565 3272 882 3360 scriptum
909 3271 1022 3350 sit,
1053 3287 1121 3335 et
1141 3294 1228 3336 an
1251 3271 1449 3363 hujus
1473 3273 1871 3340 maleficium
1896 3276 1998 3340 sit.

643 3431 685 3465 ι.
706 3413 1022 3467 candidate.
1043 3414 1392 3488 Competitn'x.
1415 3413 1565 3468 Deci.
1635 3415 1974 3489 frequenter,
2022 3434 2129 3469 non
2178 3433 2379 3489 semper
2416 3423 2657 3486 umque.

563 3492 835 3547 GCOEXX
854 3491 1063 3546 dicitur.
1648 3496 1871 3548 Senum.

640 3590 688 3625 2.
727 3573 927 3645 Raptor
963 3572 1018 3624 X
1055 3573 1249 3626 millia.
1293 3577 1374 3628 Ita
1425 3573 1569 3646 apud
1718 3575 1771 3642 4.
1792 3577 1920 3646 Quoe
1928 3574 2255 3649 generalibus
2266 3589 2479 3630 constat.
2493 3577 2661 3646 Lege,

567 3655 714 3726 Sulp.
754 3657 951 3706 Victor.
985 3656 1114 3706 lust.
1152 3657 1304 3711 Orat.
1341 3675 1397 3728 p.
1430 3654 1524 3709 261
1551 3677 1567 3708 :
1649 3673 1764 3730 quoe
1784 3673 1849 3707 ex
1866 3654 2204 3727 generalibus.
2237 3657 2478 3720 Constat,
2512 3657 2661 3707 acci-

570 3759 593 3782 «
613 3733 720 3802 Qui
733 3735 1274 3805 virginemvitiaverit,
1285 3734 1569 3789 detdecem
1646 3735 1767 3806 pio,
1792 3734 1991 3784 oritur:
2019 3746 2077 3785 ut
2100 3731 2245 3805 apud
2264 3734 2434 3786 Piaut.
2456 3732 2659 3805 Amph.

573 3837 594 3859 ι
615 3811 797 3864 millia.
818 3837 842 3859 a
869 3811 1086 3864 Senon.
1650 3827 1753 3867 act.
1787 3815 1839 3878 1,
1876 3833 2019 3867 scen.
2056 3832 2111 3880 ι,
2148 3834 2223 3869 vs.
2256 3817 2351 3886 783
2388 3816 2533 3868 Curt-
2574 3816 2659 3882 X,

635 3895 687 3948 3.
718 3893 873 3964 Quod
879 3893 1190 3967 frequenter
1207 3893 1331 3946 dixi.
1351 3895 1465 3960 An,
1488 3895 1565 3948 di·
1646 3913 1763 3966 cap.
1804 3893 1902 3946 ult.
1928 3897 1974 3961 S.
2020 3911 2109 3958 ης
2138 3895 2173 3947 Ι.
2210 3895 2340 3966 194,
2362 3896 2423 3948 ff.
2444 3894 2513 3947 de
2539 3913 2657 3967 reg.

564 3975 726 4039 citur,
761 3990 870 4026 non
899 3990 1100 4044 semper
1131 3983 1435 4044 utrumque,
1468 3991 1565 4039 an,
1645 3979 1760 4028 Jur.
1788 3975 2098 4030 Scaurum.

563 4073 671 4127 qua
689 4055 752 4106 de
757 4055 1069 4128 frequenter
1087 4053 1222 4116 dixi,
1246 4073 1352 4106 non
1369 4071 1571 4126 semper
1718 4054 1767 4108 5.
1788 4055 1891 4107 Sed
1898 4073 1999 4128 pro
2020 4058 2135 4110 hac.
2156 4057 2240 4110 An
2254 4069 2472 4128 propter
2484 4057 2661 4109 hanc?

563 4132 630 4184 de
663 4145 907 4206 utruque,
955 4151 1051 4205 an,
1087 4151 1202 4207 quoe
1243 4131 1362 4204 (vei
1393 4131 1568 4207 quod)
1648 4133 1863 4188 Senum.
