2855 4871
680 427 1522 496 DECLAMATIONES.
1569 429 1770 495 ccl..
2185 455 2264 520 27

207 552 408 649 gratia
423 552 772 642 niteretur,
787 552 944 652 plus
960 571 1197 624 tamen
1216 553 1478 652 putavit
1493 552 1683 653 apud
1697 581 1815 625 vos
1829 554 2051 626 valere
2066 555 2272 628 virtu-

203 687 333 736 tem
347 723 367 755 ,
390 689 455 742 et
474 667 910 767 religionem,
933 688 999 738 et
1023 667 1239 738 fidem
1260 687 1560 740 vestram
1580 723 1599 757 ,
1621 667 1792 740 sieut
1810 694 1960 740 vere
1981 669 2268 768 putavit.

204 783 546 856 Hodierno
581 782 795 882 igitur
830 782 1097 883 judicio
1136 784 1532 882 apparebit,
1565 810 1654 856 an
1691 783 1792 855 illi
1823 783 2270 882 abolitionem

202 921 414 995 petere
438 925 715 972 necesse
734 899 961 970 fuerit.
987 901 1147 970 Non
1172 900 1333 971 estis
1352 900 1757 972 exhortandi
1779 900 1956 972 mihi
1975 900 2065 972 ad
2080 923 2272 973 tuen·

202 1011 351 1084 darn
388 1014 769 1088 castitatem
788 1071 807 1105 .,
848 1013 1102 1087 civitati
1136 1034 1295 1086 ante
1330 1015 1566 1087 omnia
1595 1016 2095 1088 necessariam:
2127 1043 2274 1087 ma·

202 1129 563 1222 trimoniiS‚
624 1131 893 1203 etiamsi
928 1157 1053 1230 ego
1086 1131 1417 1202 tacuerim
1441 1189 1461 1222 ‚
1510 1130 1694 1204 scitis
1737 1132 2076 1204 contineri
2109 1132 2276 1204 civi-

200 1267 393 1320 tatem
412 1306 434 1340 ,
478 1248 587 1322 his
616 1247 943 1347 populos,
984 1247 1090 1320 his
1124 1246 1376 1320 liberos
1411 1268 1481 1320 et
1522 1248 2024 1322 successionem
2063 1249 2276 1348 patri-

200 1363 587 1438 moniorum
618 1421 639 1454 ,
689 1383 758 1436 et
796 1364 1095 1462 gradum
1154 1363 1654 1454 hereditatum,
1702 1364 1811 1436 his
1841 1365 2276 1437 securitatem

198 1475 669 1564 domesticam:
692 1477 1047 1576 quomodo
1064 1477 1255 1550 enim
1275 1477 1905 1578 peregrinabimur,
1922 1478 2278 1578 quomodo

200 1590 279 1660 ad
330 1592 659 1664 colendos
714 1591 1153 1664 discedemus
1186 1593 1442 1692 agros?
1485 1620 1644 1692 quae
1699 1594 1904 1666 nobis
1949 1593 2278 1666 securitas

200 1704 455 1778 dabitur
482 1705 1028 1806 suscipientibus
1056 1707 1436 1804 legationes
1465 1708 1808 1807 publicas,
1845 1707 2177 1792 euntibus
2203 1707 2276 1778 in

200 1820 501 1894 militiam
536 1879 559 1913 ‚
624 1848 849 1921 quum
900 1822 1298 1921 frequenter
1339 1822 1528 1895 bella
1573 1823 1762 1896 sint?
1807 1843 2030 1922 potest
2085 1821 2280 1893 vobis

198 1938 608 2036 contingere,
636 1957 716 2010 ut
738 1959 808 2012 et
829 1939 1199 2038 praemium
1224 1939 1367 2011 viro
1392 1939 1552 2012 forti
1573 1939 1928 2029 dederitis,
1951 1960 2018 2012 et
2039 1959 2276 2011 tamen

200 2054 615 2130 adulterium
642 2055 1101 2130 vindicemus.

772 2333 2237 2360 mmmmmmmmm
2246 2333 2283 2350 Α

1104 2522 1364 2601 CCL.

762 2752 1039 2825 Sortitio
1076 2756 1706 2849 iqnominiosorum.

198 2952 309 3029 Qui
344 2974 747 3016 insomnium
775 2972 1103 3015 muna-rus
1135 2972 1379 3029 ruam-r,
1414 2970 1858 3013 fauonii-nesus
1895 2969 2007 3010 srr.
2035 2950 2289 3009 lenonu-

264 3072 431 3113 moso
480 3073 563 3112 ΝΕ
602 3072 729 3126 Qtu
770 3072 862 3112 su·
905 3070 1104 3110 acrio.
1152 3050 1297 3110 Duo
1346 3048 1760 3110 adolescentes
1797 3048 2062 3107 invicem
2113 3066 2292 3128 agere

266 3161 614 3233 coeperunt.
657 3148 869 3207 Sortiti
905 3162 1049 3231 sunt
1078 3148 1281 3207 utrius
1308 3145 1618 3228 judicium
1650 3148 1824 3230 prius
1859 3157 2157 3227 ageretur.
2196 3146 2252 3204 Is
2274 3190 2290 3220 ,

268 3249 369 3328 qui
402 3260 579 3310 sorte
600 3246 861 3322 vicerat,
902 3246 1028 3327 egit
1058 3257 1120 3306 et
1161 3245 1485 3306 damnavit
1523 3242 1897 3326 injuriarum
1933 3266 1946 3302 :
1992 3242 2289 3303 damnato

266 3366 437 3427 agere
468 3345 711 3407 volenti
735 3345 1095 3427 praescribit.

1061 3488 1425 3553 SERMO.

278 3654 641 3719 Pati-onum
672 3652 1041 3717 necessarie
1080 3648 1404 3717 dabimus.
1435 3650 1602 3716 Nam
1636 3649 1833 3716 etiam
1870 3663 1946 3712 ut
1975 3668 2171 3737 agere
2199 3644 2292 3710 illi

207 3755 408 3841 liceat,
436 3777 537 3827 est
560 3776 791 3825 tamen
817 3757 1320 3847 ignominiosus.

896 3952 1605 4017 DECLAMATIO.

289 4112 799 4189 Icuommoso
836 4134 932 4187 ms:
970 4134 1121 4203 Qus
1166 4134 1279 4188 srr
1326 4134 1570 4189 Acrlo.
1625 4113 1693 4185 Si
1731 4110 1943 4183 hodie
1981 4106 2292 4207 primum
