2855 4871
1941 246 1960 286 Ὶ

488 424 1321 491 DECLAMATIONES.
1370 425 2034 494 CCCLXXXVIII.
2179 431 2304 521 509

220 552 362 641 mi,
393 550 840 650 propinquis,
874 549 1296 641 domesticiS,
1328 548 1626 640 libertis,
1661 549 1824 622 aviae
1849 553 2159 647 (facinus
2193 554 2308 625 in·-

221 664 599 765 dignum!)
634 665 833 737 matri
862 684 1141 738 tanturn
1176 665 1464 763 probare
1499 691 1642 737 non
1667 692 2066 764 possumuS,
2095 694 2312 766 usque

226 807 311 852 eo
342 807 412 851 se
442 779 741 851 libenter
768 778 986 851 credit
1014 778 1328 850 orbatam
1352 793 1403 869 ¹,
1435 799 1513 852 ut
1541 806 1736 869 suos,
1771 807 1912 853 non
1949 783 2083 854 nisi
2120 810 2314 855 mor-

226 916 421 984 tuos,
456 916 795 995 agnoscat.
832 893 1046 984 Quod
1080 895 1135 966 si
1170 916 1377 967 antea
1409 896 1728 993 ignotum
1761 898 1931 990 fuit,
1969 920 2314 998 quantum

227 1011 547 1110 pecuniae
570 1010 908 1109 cupiditas
932 1010 1141 1109 possit
1159 1068 1178 1102 ‚
1202 1011 1444 1083 victrix
1467 1010 1674 1085 etiam
1699 1014 1784 1085 de
1805 1035 2052 1088 natura
2078 1016 2319 1088 trium-

228 1126 419 1225 phat.
472 1124 733 1197 Mulier
770 1125 983 1198 modo
1035 1125 1351 1215 cadaver,
1392 1147 1757 1223 tamquam
1812 1128 2036 1201 filium
2057 1187 2076 1220 ‚
2133 1156 2323 1201 com-

231 1242 434 1341 plexa
449 1297 469 1330 ‚
494 1268 687 1313 nunc
706 1240 932 1313 filium
949 1298 969 1333 ,
990 1262 1350 1339 tamquam
1372 1242 1683 1331 cadaver,
1703 1242 1902 1340 fugit.
1914 1244 2092 1333 Quae
2108 1244 2322 1317 funus

232 1382 446 1429 suum
486 1355 921 1428 tantumsibi
959 1356 1285 1448 credidit,
1320 1356 1853 1455 gratulationem
1883 1360 2152 1430 nemini
2185 1386 2324 1431 cre·

234 1472 453 1563 didit,
491 1471 842 1545 infelicem
885 1499 1187 1571 puerum
1224 1472 1372 1545 sola
1404 1500 1550 1546 non
1587 1474 1897 1573 agnoscit
1932 1502 2012 1547 ex
2048 1475 2324 1574 propin-

236 1588 399 1688 quis
424 1616 440 1661 :
471 1615 747 1661 causam
773 1587 1121 1689 quaeritisj?
1143 1588 1309 1687 quia
1330 1588 1522 1665 vivit.

1015 1796 1558 1861 NARRATIO.

342 1952 739 2025 Habuimus
762 1952 1273 2025 adolescentem
1295 1952 1648 2052 optimum
1670 1954 2185 2055 propinquum,
2213 1954 2338 2025 mi-

244 2069 593 2143 tissimum
638 2088 1052 2170 patronum,
1087 2068 1576 2142 fidelissimum
1621 2070 1970 2159 amicum3
2013 2070 2340 2142 maritum

240 2211 405 2258 vero
426 2185 732 2257 nimium
753 2212 1034 2285 quoque
1052 2186 1406 2277 uxorium3
1427 2186 1618 2285 quod
1639 2186 2056 2285 ignovimus.
2079 2183 2342 2255 Filium

244 2300 651 2373 sustulerat:
680 2329 854 2401 puer
876 2302 1212 2374 continuo
1242 2301 1329 2373 ad
1354 2302 1582 2374 aviam
1613 2302 1977 2375 translatus
2002 2322 2122 2373 est.
2150 2299 2348 2373 Scili-

247 2438 362 2490 cet
401 2416 492 2489 ab
536 2416 655 2490 illa
680 2430 705 2462 ²
754 2417 989 2491 matris
1040 2417 1484 2518 indulgentia
1524 2439 1857 2519 occupata
1898 2438 2037 2508 est,
2095 2437 2162 2490 et
2203 2414 2347 2487 haec

246 2531 561 2604 ablatum
596 2559 741 2604 non
772 2533 1133 2632 indignata
1167 2554 1267 2606 est
1300 2563 1314 2606 :
1354 2555 1496 2607 toto
1535 2534 1636 2606 illi
1675 2561 1960 2633 corpore
1997 2531 2344 2603 innotuit:

248 2671 399 2718 non
422 2667 657 2718 tamen
680 2646 1074 2718 ulteriorem
1102 2648 1266 2718 aviae
1296 2647 1620 2719 notitiam
1647 2647 1997 2746 profiteor,
2023 2664 2350 2742 nepotem

250 2786 467 2831 suum
516 2759 775 2860 optime
817 2759 994 2831 facie
1044 2759 1254 2831 novit.
1297 2759 1613 2832 Moriens
1660 2758 1867 2857 igitur
1915 2755 2349 2858 propinquus

250 2893 518 2964 noster,
561 2893 1057 2946 testamentum
1102 2873 1372 2972 scripsit
1410 2875 1616 2946 breve
1660 2893 1725 2944 et
1765 2867 2134 2970 simplex³z
2181 2897 2352 2942 nam

237 3013 489 3091 neque
528 2987 653 3060 diu
688 2988 771 3060 de
808 2987 1033 3087 primo
1072 2986 1328 3060 herede
1367 2987 1816 3087 cogitandum
1850 2986 2018 3076 fuit,
2063 2984 2350 3057 habenti

256 3104 533 3194 filium;
568 3129 696 3176 nec
732 3103 818 3177 de
851 3103 1190 3194 secundo,
1228 3103 1512 3177 habenti
1544 3131 1850 3177 uxorem.
1883 3107 2026 3176 Nec
2051 3129 2217 3175 sane
2248 3102 2348 3173 iu-

254 3219 605 3292 vidimus
586 3219 699 3294 isti
724 3219 1107 3292 honorata4
1128 3219 1259 3294 viri
1240 3219 1584 3320 judicia,
1613 3221 1867 3320 quibus
1903 3220 2172 3291 utinam
2207 3243 2350 3315 gra-

258 3336 431 3408 tiam
457 3335 770 3410 referret!
804 3363 1033 3436 neque
1066 3336 1214 3409 avia
1246 3359 1513 3438 captare
1546 3357 2036 3412 testamentum
2071 3335 2217 3434 ejus
2248 3334 2350 3405 fas

260 3519 496 3559 mortuo.
510 3506 629 3559 vid.
651 3508 815 3560 Cicer.
840 3509 896 3560 in
918 3509 1063 3560 Brut.
1092 3520 1144 3560 et
1167 3527 1266 3580 pro
1344 3510 1524 3582 genitia
1547 3517 1794 3579 occupata
1819 3506 1926 3557 hoec
1955 3503 2092 3556 hunc
2117 3503 2352 3556 ablatum

264 3585 486 3638 Caecina.
511 3585 605 3636 En.
625 3585 943 3638 -Cadaver
960 3584 1189 3656 confusis
1211 3585 1271 3637 la·-
1348 3591 1746 3662 nonindiqnata
1767 3598 1854 3640 est.
1875 3587 2112 3638 Scnumu.
2131 3615 2194 3623 -
2222 3582 2349 3635 Toto

267 3665 585 3734 momentis,
626 3666 769 3738 quod
792 3662 947 3737 filius
986 3677 1269 3738 putarem.
1353 3668 1440 3720 illi
1472 3683 1697 3738 corpore.
1730 3666 1861 3718 Toto
1894 3662 1980 3715 itti
2009 3662 2124 3732 (sc.
2159 3659 2354 3730 matri)

266 3747 502 3800 omnino
530 3743 653 3816 filii.
687 3747 854 3799 Grion.
888 3747 1096 3799 Retinet
1118 3745 1275 3820 filius
1354 3765 1562 3817 corpore
1583 3763 1690 3798 non
1714 3744 1970 3798 innocuit=
1999 3741 2135 3792 lianc
2161 3749 2350 3792 tamen.

270 3826 652 3899 Schultingius‚
679 3839 736 3879 ut
758 3823 924 3898 paulo
945 3841 1095 3898 post,
1120 3827 1275 3880 cada·
1355 3827 1574 3878 Senum.

271 3927 379 3976 ver,
406 3919 675 3981 tamquam
685 3905 898 3981 filiurn,
922 3903 1212 3977 complexa.
1429 3904 1479 3956 3.
1522 3903 1594 3955 Et
1631 3899 1864 3973 simplex.
1903 3898 2039 3950 Nam
2079 3895 2358 3966 vulgariter

354 4007 373 4042 ι
387 4029 399 4040 .
427 3991 599 4042 Credit
615 3989 864 4042 orbatam.
890 3987 1123 4042 Credidit
1133 3990 1278 4042 orba-
1357 3999 1566 4039 tantum
1589 3983 1698 4037 filio
1723 3980 2080 4035 substituerat.
2103 3979 2285 4030 AEnon.

277 4079 386 4120 tam
412 4069 589 4122 AErod.
1431 4065 1482 4132 4.
1520 4065 1810 4116 Honor-ata.
1853 4057 2200 4110 Honorantia.
2239 4056 2356 4108 Seu.

352 4167 403 4205 a.
426 4151 507 4205 Ab
530 4149 641 4208 illa.
669 4152 755 4208 Aa
772 4151 883 4208 alia
905 4153 1085 4206 matris
1112 4149 1281 4206 indul-
1360 4145 1484 4200 vid.
1511 4144 1580 4198 ad
1601 4143 1888 4199 Declamat.
1917 4137 2134 4194 cem.
