2855 4871
594 431 677 495 50
1096 425 1189 489 Μ.
1238 424 1490 488 FABII
1533 423 2172 507 QUINTILIANI

592 550 1008 650 recipiantur
1035 575 1049 619 :
1094 546 1227 619 hoc
1271 567 1523 618 natura
1575 545 1808 618 simile
1863 568 2001 638 est,
2043 547 2266 622 facere
2311 549 2551 640 scelus,
2593 570 2646 620 et

589 666 899 766 probare.
936 665 1084 753 An,
1118 662 1175 734 si
1202 661 1360 760 quis
1387 680 1706 732 nostrum
1738 662 2240 762 transfugisset,
2275 690 2417 736 non
2439 664 2646 764 ipsum

588 781 798 853 modo
814 779 1197 879 pessimum
1216 777 1434 848 civem
1452 797 1518 847 et
1533 777 1861 848 omnibus
1880 777 2237 877 suppliciis
2257 779 2544 879 dignum
2551 777 2647 879 ju·

585 894 929 983 dicaretis;
950 893 1071 966 sed
1091 891 1385 963 infamia
1404 891 1674 982 etiam¹,
1705 892 1760 963 si
1791 892 1914 991 qui
1939 916 2376 993 receperunt,
2406 916 2473 967 et
2485 893 2648 966 velut

582 1032 896 1084 auctores
922 1006 1295 1094 scelerum,
1318 1005 1508 1077 velut
1544 1007 1901 1105 magistros
1927 1007 2378 1106 turpitudinis
2397 1007 2650 1106 collige-

584 1129 781 1200 retis:
806 1126 995 1197 idem
1016 1149 1160 1194 non
1184 1122 1620 1196 reflectamus
1637 1122 1710 1194 in
1735 1122 1900 1196 nos?
1918 1123 2204 1196 tandem
2225 1125 2514 1200 utilitate
2529 1124 2646 1196 du-

578 1245 693 1333 cti,
716 1243 790 1314 in
818 1237 1095 1312 auxiliis
1118 1237 1419 1310 habituri
1445 1264 1720 1328 sumus,
1745 1265 1920 1338 quos
1943 1239 2400 1338 recipiemus?
2429 1241 2646 1338 Finga-

576 1386 737 1433 mus
778 1383 936 1430 eam
971 1353 1255 1430 civitatis
1298 1379 1442 1426 esse
1484 1353 1873 1446 fortunam,
1910 1375 1990 1426 ut
2025 1355 2299 1429 auxiliis
2331 1383 2501 1457 opus
2533 1356 2644 1429 sit:
2703 1421 2708 1426 .

576 1476 705 1548 hos
738 1474 814 1545 in
847 1469 1207 1552 auxiliis2?
1236 1467 1495 1542 scilicet
1535 1468 1658 1567 qui
1703 1496 1927 1566 quum
1971 1497 2052 1542 ex
2098 1471 2309 1544 altera
2347 1492 2529 1572 parte
2567 1471 2650 1540 in·

573 1610 936 1665 tuerentur
975 1588 1269 1690 patriam
1290 1644 1309 1676 ‚
1342 1607 1408 1657 et
1442 1586 1854 1660 memoriam
1890 1587 2231 1688 pueritiae,
2267 1609 2334 1660 et
2375 1587 2646 1660 necessi-

571 1707 856 1781 tudines
876 1731 1123 1778 omnes
1140 1762 1159 1796 ‚
1183 1703 1270 1776 ad
1290 1703 1644 1774 fortunam
1673 1721 1908 1773 tamen
1939 1701 2479 1794 inclinaverunt,
2505 1729 2647 1802 pro-

575 1823 773 1895 niore
809 1847 935 1922 pro
977 1819 1180 1892 nobis
1225 1839 1694 1908 sacramento,
1743 1817 2028 1890 fortiore
2061 1819 2306 1891 animo
2346 1817 2650 1893 stabunt?

568 1937 1035 2034 (Transfugas
1067 1960 1212 2005 non
1246 1930 1438 2006 esse³
1470 1932 1978 2032 recipiendos.)
2020 1933 2214 2006 Adeo
2261 1934 2529 2007 facilius
2567 1953 2648 2004 est

570 2055 646 2125 in
676 2053 819 2125 istis
848 2053 1073 2124 scelus
1102 2048 1666 2151 deprehendere,
1706 2077 1920 2148 quam
1956 2051 2481 2151 poenitentiam:
2517 2051 2650 2122 inu·

571 2170 691 2241 tile
733 2195 895 2268 ergo
942 2164 1257 2239 rnilitum
1302 2193 1556 2265 genus,
1600 2166 1804 2239 nobis
1843 2167 2142 2239 minime
2187 2169 2645 2242 necessarium.

560 2285 857 2385 Quippe
900 2277 1111 2356 etiam
1144 2282 1257 2373 hi,
1290 2284 1411 2380 qui
1442 2281 1878 2381 recipiendos
1907 2309 2050 2355 esse
2081 2285 2498 2384 transfugas,
2536 2282 2650 2355 hoc

572 2401 818 2475 dicunt
840 2458 859 2493 ‚
905 2399 980 2471 in
1016 2397 1367 2499 superiore
1401 2423 1543 2470 esse
1587 2395 1737 2469 loco
1771 2417 2080 2470 nostram
2115 2398 2492 2473 civitatem:
2537 2424 2650 2470 ne-

572 2546 711 2619 que
746 2516 938 2589 enirn
967 2540 1205 2587 amore
1240 2513 1494 2603 nostri,
1526 2513 1645 2585 sed
1684 2532 1874 2585 metu
1905 2512 2346 2589 imminentis
2379 2518 2647 2589 fortunae

572 2631 1073 2731 transfugiunt.
1109 2632 1220 2701 An
1261 2627 1535 2701 facilius
1562 2627 1997 2727 deposituros
2040 2631 2476 2730 propositum
2512 2628 2648 2701 bel-

571 2747 765 2823 landi
789 2748 1017 2820 hostes
1040 2766 1400 2845 putamu5‚
1429 2744 1482 2815 si
1514 2742 1744 2843 plures
1769 2744 2306 2845 transfugerint?
2333 2745 2649 2818 m'inime:

575 2890 741 2935 nam
774 2862 887 2951 hi,
923 2862 1046 2959 qui
1088 2860 1357 2933 bellum
1391 2884 1629 2957 gerere
1662 2879 1900 2931 contra
1931 2885 2056 2932 nos
2090 2885 2234 2931 non
2276 2862 2573 2949 audent,
2603 2857 2651 2931 si

573 2981 811 3054 locum
858 2980 934 3051 in
984 2980 1251 3051 civitate
1304 3000 1534 3050 nostra
1582 3003 1728 3049 non
1773 2976 2187 3067 habuerint,
2226 3004 2406 3080 saepe
2453 2980 2651 3078 depo-

576 3094 791 3169 nendi
826 3092 991 3165 belli
1024 3114 1335 3166 auctores
1364 3113 1605 3181 erunt;
1645 3119 1838 3165 nunc
1867 3094 1938 3164 in
1973 3093 2323 3193 privatum
2357 3096 2488 3169 sibi
2520 3095 2651 3167 sin-

576 3211 724 3310 guli
758 3208 1137 3283 consulunt
1166 3235 1180 3279 :
1220 3229 1320 3281 est
1352 3236 1692 3309 magnum
1729 3210 1804 3281 in
1837 3210 2129 3311 singulis
2174 3233 2650 3285 momentum:

652 3364 697 3399 1.
720 3346 825 3398 Sed
845 3344 1071 3416 infamia
1095 3345 1271 3396 etiam.
1296 3342 1466 3415 Lege3
1490 3344 1579 3398 sed
1658 3346 1975 3423 reficeremus
2001 3346 2056 3397 in
2081 3364 2206 3413 nos,
2229 3346 2276 3399 si
2300 3347 2510 3401 tandem
2533 3365 2582 3397 u.
2605 3342 2650 3394 d.

570 3428 795 3501 infames
824 3428 1000 3478 etiam.
1036 3424 1274 3478 Gnouov'.
1310 3426 1414 3479 sed
1450 3426 1577 3497 quid
1657 3428 1692 3479 ι’.
1711 3449 1760 3479 a.
1780 3428 1830 3479 h.
1848 3446 1888 3479 s.
1907 3444 1957 3500 q.
1977 3427 2264 3500 recipimus.
2287 3426 2650 3481 AErodAEtiam

570 3518 649 3559 est
672 3504 897 3575 infames
913 3502 1177 3577 colliqere,
1200 3517 1293 3557 aut
1313 3504 1579 3577 infamia?
1653 3510 1698 3561 si
1725 3510 1819 3580 qui
1849 3520 2148 3582 receperunt
2175 3528 2260 3562 eos
2291 3510 2436 3563 velut
2459 3530 2508 3562 a.
2537 3528 2573 3561 s.
2608 3525 2649 3558 ν.

570 3604 639 3638 an
675 3599 734 3636 ut
763 3584 1083 3656 aryumentis
1111 3582 1387 3656 colligere,
1424 3584 1571 3637 Decl.
1653 3604 1724 3639 m.
1753 3600 1790 3639 t.
1815 3586 2143 3661 colligaretis.
2170 3588 2322 3640 Idem
2345 3592 2508 3641 ne.1n
2529 3604 2654 3639 mav-

569 3664 775 3729 chn,
812 3663 886 3713 ita
926 3662 1180 3714 infamia?
1214 3662 1457 3728 mallem,
1489 3664 1575 3716 sed
1651 3670 1774 3739 gine
1795 3669 1952 3719 etiam
1972 3672 2138 3743 quasi.
2167 3670 2335 3721 nunu.

570 3744 799 3815 infamia
829 3743 1017 3807 etiam,
1050 3741 1213 3814 siqui
1242 3749 1570 3814 receperunt,
1725 3766 1773 3801 2.
1819 3748 1928 3802 Hos
1964 3750 2020 3801 in
2057 3749 2286 3803 auxiliis.
2329 3750 2444 3821 Quo
2483 3749 2570 3802 hos
2601 3746 2650 3797 t'n

564 3825 712 3879 velut
730 3844 779 3877 a.
804 3843 842 3877 s.
870 3844 917 3875 υ.
944 3842 1014 3875 m.
1039 3833 1075 3874 t.
1096 3823 1426 3896 coniyerett's.
1447 3826 1572 3877 Non
1649 3830 1900 3883 auxiliis?
1921 3830 1990 3883 de
2014 3849 2118 3903 qua
2140 3830 2407 3902 particula
2428 3850 2534 3903 quo
2555 3828 2650 3883 vid.

565 3907 731 3960 modo
768 3906 1077 3978 judicaretis
1120 3905 1440 3977 pessimum,
1477 3907 1571 3960 sed
1652 3908 1967 3963 Gronov.ad
1983 3912 2167 3965 Senec.
2180 3927 2424 3965 controv.
2437 3914 2650 3965 Senum.

562 3990 819 4041 notar-etis
842 3985 1085 4050 infamia,
1112 4002 1236 4036 mox
1256 3983 1411 4055 lego,
1435 3985 1572 4037 idem
1721 3990 1774 4042 3.
1800 3991 2120 4067 Transfuqas
2141 4012 2246 4045 non
2269 4010 2386 4046 esse.
2413 3990 2653 4064 Transfu-

562 4088 669 4121 uon
685 4070 999 4145 reflectemus
1012 4068 1069 4120 in
1084 4084 1200 4132 nos,
1219 4068 1312 4140 qui
1330 4066 1568 4133 tandem,
1646 4088 1740 4143 qas
1769 4070 1880 4122 dico
1913 4088 2018 4121 non
2048 4069 2165 4141 (vel
2203 4071 2368 4147 nego)
2405 4072 2652 4143 reeipien-

564 4162 665 4202 otc.
690 4148 769 4203 cl.
794 4146 1153 4218 Schultingius
1170 4146 1411 4214 volebat,
1437 4147 1569 4201 idem
1649 4151 1754 4204 dos.
1781 4150 2000 4205 Senum.
