2855 4871
565 380 1985 499 DECLAMATioNES.CCLxxxl11.
2198 435 2309 501 161

221 553 628 654 reipublicae
661 553 1070 651 dignitatem
1113 571 1412 624 tuemur.
1444 552 1737 625 Discede
1780 555 1869 626 ab
1912 556 2319 656 insipiente,

219 670 318 741 ab
355 670 626 741 insano.
664 668 800 739 Sed
831 694 978 739 non
1011 692 1285 739 necesse
1319 665 1581 753 habeo,
1610 666 1916 767 judices,
1962 670 2081 742 diu
2124 698 2323 745 com-

220 785 563 858 mendare
590 771 1048 889 volpisofficia
1081 783 1346 872 civilia,
1380 782 1457 855 in
1493 783 1747 881 quibus
1776 784 1926 885 jam
1964 787 2085 859 diu
2122 790 2323 861 satis-

219 901 381 973 feci.
405 900 670 973 Omnis
689 898 869 971 mihi
889 898 1062 971 actio
1083 898 1158 970 in
1183 897 1613 997 dispicienda
1630 899 1768 971 vita
1795 900 1920 972 filii
1946 902 2165 1000 posita
2188 924 2319 977 est:

217 1014 447 1087 videte
466 1072 485 1105 ,
517 1034 598 1086 ut
624 1013 763 1085 alia
793 1034 1054 1087 taceam
1073 1071 1093 1104 ‚
1129 1013 1457 1099 habitum
1489 1013 1720 1112 ipsum
1747 1041 1763 1087 ε
1798 1036 2069 1088 caeteros
2097 1018 2321 1111 enim,

222 1158 404 1229 quos
443 1129 773 1201 abdicant
816 1150 1080 1227 patres»,
1119 1128 1267 1199 sine
1311 1130 1702 1202 narratione
1750 1131 1859 1203 cul
1867 1158 1971 1230 pae
2009 1132 2325 1205 abdicare

221 1272 370 1317 non
399 1257 770 1343 possunt¹:
809 1242 881 1314 in
910 1242 1042 1314 hoc
1071 1240 1217 1314 filio
1250 1241 1406 1313 satis
1440 1263 1541 1314 est
1568 1243 1657 1315 ad
1690 1244 1933 1316 odium
1953 1303 1973 1336 ‚
2004 1246 2326 1319 habitum

222 1359 614 1431 ostendere.
651 1356 832 1447 Quis
861 1376 964 1429 est
990 1356 1112 1429 iste
1143 1354 1270 1428 filii
1304 1354 1625 1427 habitus?
1658 1383 1811 1455 quae
1840 1359 2115 1431 sordes?
2155 1361 2329 1460 quid

223 1476 408 1549 mihi
452 1475 638 1548 hanc
681 1473 1017 1546 invidiam
1064 1473 1278 1564 facis,
1327 1492 1408 1545 ut
1452 1500 1673 1572 quum
1722 1474 1976 1547 habeas
2018 1498 2327 1575 patrem,

223 1591 470 1662 cibum
513 1590 603 1661 ab
643 1587 795 1661 aliis
828 1586 1104 1688 petas&
1131 1587 1477 1661 Adversus
1514 1589 1871 1661 fortunam
1915 1610 1981 1662 te
2016 1618 2326 1666 exerces:

224 1705 404 1805 quid
438 1704 629 1777 enim
672 1702 982 1775 accidere
1017 1703 1287 1799 gravius
1316 1704 1578 1803 potest?
1612 1704 1866 1802 friguS,
1900 1708 2165 1779 famem
2200 1735 2330 1808 pa-

223 1821 423 1911 teris,
459 1846 550 1891 ne
583 1819 867 1919 quando
895 1818 1256 1891 accidant?
1297 1840 1363 1890 et
1403 1818 1561 1891 ideo
1602 1819 1867 1918 aliquid
1910 1823 2193 1919 pateris,
2238 1851 2330 1896 ne

225 1938 514 2037 quando
549 1936 960 2035 patiendum
987 1935 1116 2007 sit?
1143 1938 1286 2007 Vos
1313 1962 1472 2008 vero
1502 1962 1683 2008 novo
1712 1962 1961 2034 genere
1991 1939 2326 2033 ambitus,

225 2053 706 2127 adorationem
761 2051 1040 2125 miseria
1092 2052 1408 2151 captatis:
1463 2050 1627 2124 inde
1680 2052 1797 2124 illa
1846 2053 2289 2153 impudentia
2310 2114 2329 2149 ‚

225 2170 418 2267 quod
463 2168 956 2241 verecundiam
999 2168 1181 2239 inter
1221 2167 1521 2239 crimina
1570 2168 1858 2266 ponitis»,
1915 2190 1984 2242 et
2026 2170 2333 2270 appella-

225 2287 488 2357 tionem
538 2310 822 2383 quoque
867 2282 1166 2383 passim³
1215 2276 1442 2382 nuper
1493 2282 1797 2356 dedistis.
1858 2285 2113 2357 Omnis
2168 2314 2327 2360 vero

225 2401 683 2502 philosophiae
715 2398 1084 2475 tractatus4
1115 2400 1382 2473 alienus
1417 2400 1729 2473 moribus
1759 2422 2002 2476 nostrae
2032 2403 2325 2478 civitatis

225 2538 370 2592 est:
405 2539 642 2590 tamen
679 2517 921 2616 utique
957 2517 1347 2616 placuerat.
1386 2543 1623 2588 nonne
1662 2518 1813 2589 aliae
1848 2539 2045 2591 sectae
2073 2518 2325 2618 justio-

229 2633 380 2706 res?
399 2634 782 2707 attenderes
812 2633 1144 2732 physicis.
1184 2661 1549 2748 quaereres,
1582 2656 1911 2705 utrumne
1946 2633 2126 2732 ignis
2157 2657 2327 2708 esset

228 2749 524 2822 initium
555 2777 830 2840 rerum3
861 2778 951 2822 an
975 2778 1131 2824 vero
1162 2753 1455 2830 minutis
1485 2752 1705 2823 editus
1741 2771 1807 2822 et
1837 2749 2323 2824 ⁵mirabilibus

229 2971 254 2994 ι
275 2960 372 2999 aut
405 2948 496 3018 qui
530 2949 772 3020 cynicum
805 2945 948 3019 apud
982 2965 1230 3000 censores
1310 2949 1425 3002 sim.
1454 2945 1701 3000 AErodius
1725 2947 1921 3000 inserto
1949 2944 2211 2998 vocabulo
2229 2969 2243 2998 ε
2270 2958 2321 3000 et

229 3053 252 3076 α
273 3047 428 3081 reum
449 3027 517 3080 de
537 3028 774 3081 moribus
797 3029 950 3095 facit,
971 3047 1135 3101 quum
1157 3041 1234 3080 to·
1313 3026 1606 3078 timiditatis
1641 3021 2047 3096 appellationem
2090 3044 2315 3100 quoque.

230 3134 252 3157 ι
271 3125 390 3164 tum
413 3112 610 3161 crimen
635 3129 743 3162 uuo
765 3107 958 3172 verbo,
983 3112 1038 3162 in
1063 3109 1234 3182 quali-
1311 3105 1457 3155 Nihil
1483 3121 1716 3174 agnosco
1741 3105 1936 3155 sanius,
1963 3103 2147 3156 Forte:
2174 3105 2319 3177 quod

231 3191 367 3243 abet
413 3190 636 3244 actionis
674 3205 828 3260 parte
860 3191 1036 3263 posito
1055 3228 1072 3254 ‚
1106 3192 1230 3244 satis
1313 3186 1669 3240 verecundiam
1702 3187 1841 3237 inter
1868 3185 2091 3238 crimina
2122 3187 2319 3256 ponitis

230 3295 254 3318 e
273 3271 578 3324 indicetur?
597 3296 620 3319 ι
651 3273 828 3324 AEnon.
1311 3277 1362 3319 et
1381 3265 1731 3338 appellatione
1753 3283 1961 3337 quoque
1982 3267 2180 3318 dudum
2202 3287 2317 3339 pes-

305 3350 1234 3423 1.Sinenarrationecu1poeabdicare
1310 3347 1656 3400 mmdedistis:
1684 3359 1956 3416 assumpto
1992 3347 2191 3400 seilicet
2224 3367 2317 3420 cy-

225 3452 332 3484 non
367 3442 597 3504 possunt.
627 3431 746 3482 vid.
783 3432 931 3482 Petit.
967 3429 1037 3482 ad
1069 3432 1232 3502 Leges
1311 3427 1551 3478 nieorum
1574 3427 1788 3477 nomine
1807 3423 1875 3476 ab
1900 3444 2093 3477 canum
2111 3428 2315 3479 invere-

226 3513 430 3564 Atticas
453 3511 528 3575 11,
550 3510 661 3562 tab.
689 3528 734 3576 ι,
758 3528 879 3582 pag.
907 3510 1022 3579 137.
1311 3505 1523 3560 cundia.
1546 3508 1711 3560 Gnou.
1735 3504 2105 3578 Appellatione
2126 3528 2177 3580 q.
2204 3511 2315 3582 ipsa

297 3607 346 3640 2.
361 3589 544 3642 Cibum
561 3600 722 3659 petas.
737 3586 797 3639 ld
819 3600 925 3654 est,
942 3587 1227 3640 mendices.
1305 3589 1521 3661 passim,
1533 3607 1637 3638 non
1654 3588 2080 3659 napea-derisistis.
2094 3591 2311 3645 Senot-r.

225 3669 380 3736 Ovid.
403 3670 542 3734 Ibin,
563 3687 582 3721 ι
599 3687 690 3722 12:
721 3691 742 3714 ιι
761 3671 1124 3740 Exiguumque
1139 3687 1230 3739 pe-
1308 3671 1350 3722 F
1351 3684 1498 3734 orte
1524 3667 1929 3741 appellationem
1958 3689 2165 3743 quoque
2190 3691 2315 3745 pas-

231 3775 254 3798 ·
275 3765 354 3802 tas
389 3771 482 3802 ore
516 3764 773 3803 tremente
805 3751 997 3803 cibum.
1021 3773 1042 3798 n
1082 3751 1230 3803 Deci.
1307 3750 1406 3802 sim
1425 3749 1671 3821 superbie
1692 3747 1928 3801 edidistis.
1956 3751 2122 3802 Bona.
2238 3799 2248 3807 ,

223 3833 595 3886 ccclxvnt:
629 3834 790 3884 «Haec
819 3834 868 3884 ei
895 3835 1026 3903 petit
1055 3832 1230 3886 cibum
1380 3829 2067 3898 4.Tractatus.Vid.ad1nst.
2088 3832 2310 3904 fluxu,

231 3934 254 3957 ι
271 3915 384 3964 seni
400 3951 420 3977 .,
457 3914 546 3964 eni
583 3911 742 3964 alieni
779 3913 1088 3982 por-riguum
1107 3935 1131 3960 n
1179 3924 1232 3965 et
1315 3929 1372 3976 2,
1401 3911 1491 3974 16,
1516 3923 1568 3962 et
1588 3927 1816 3980 procem.
1840 3909 1931 3960 lib.
1958 3912 2101 3974 vul,
2126 3909 2173 3962 5.

225 3993 420 4062 passim
453 3991 606 4062 apud
635 3990 787 4042 alios.
819 3992 897 4042 Ita
925 3989 1066 4045 aimus
1097 3990 1230 4058 cip-rev
1381 3989 1431 4041 5.
1468 3989 1803 4041 Mirabilibus.
1843 3988 1925 4038 Al.
1960 3989 2311 4042 innumerabi-

223 4073 411 4126 Graecis
425 4096 438 4124 ε
453 4072 611 4126 v-Th.
624 4075 765 4142 Mag.
781 4073 836 4124 in
851 4071 1089 4138 ώοῧμιι.
1103 4075 1228 4125 Βωι.
1312 4069 1551 4136 libus,vel
1566 4068 1934 4133 insecabilibus,
1952 4085 2111 4138 marg.
2132 4071 2305 4123 AErod.

297 4153 346 4206 3.
363 4155 440 4206 Ee
453 4152 872 4227 appellationem
887 4173 1097 4227 quoque
1113 4173 1232 4224 pas·
1310 4152 1528 4206 minutis
1542 4189 1559 4216 ,
1573 4163 1623 4203 et
1636 4146 2113 4216 innumerabilibus,
2134 4150 2309 4204 mallet

433 4242 485 4296 6.
2002 4253 2055 4288 11
