2855 4871
1088 471 1182 534 M.
1229 470 1481 534 FABH
1526 471 2171 552 QUINTILIANI

583 593 670 666 ad
703 619 1069 665 summum
1091 607 1110 638 ¹
1152 593 1226 664 in
1270 591 1625 690 republica
1658 615 1893 666 nostra
1928 594 2306 686 honorem,
2342 623 2489 668 non
2526 593 2673 668 ani-

579 735 774 798 mm,
805 735 946 780 non
977 709 1226 799 virtus,
1259 734 1408 780 non
1434 733 1683 780 manus
1710 709 1955 799 mittit,
1986 710 2109 782 sed
2133 736 2294 782 arca
2315 731 2387 783 et
2406 710 2671 810 dispen-

579 846 780 897 sator.
817 827 1004 896 Bene
1037 822 1314 896 hercule
1343 823 1757 922 negotiaris,
1791 823 1907 896 sed
1935 825 2329 924 excogitasti
2360 851 2509 897 non
2538 851 2673 896 me·

582 940 812 1012 diocre
829 999 848 1030 ‚
881 969 1023 1014 non
1055 941 1210 1013 dico
1235 939 1441 1013 famae
1468 961 1676 1038 atque
1705 940 2091 1039 opinionis,
2118 941 2235 1014 sed
2268 941 2668 1039 patrimonii

581 1057 790 1128 etiam
821 1056 954 1147 tui,
986 1083 1210 1155 quum
1233 1055 1497 1154 alioqui
1518 1054 1935 1146 abundaret,
1959 1055 2509 1155 compendium:
2540 1057 2667 1146 dic,

579 1173 730 1262 dic,
771 1173 1014 1271 quanti
1049 1171 1340 1245 emeris?
1377 1171 1553 1270 quid
1586 1171 1839 1243 velis2?
1865 1174 1977 1242 Tu
2014 1171 2189 1243 mihi
2225 1173 2441 1262 dicis,
2476 1201 2671 1273 pecu·

575 1288 772 1362 niam
807 1289 1006 1377 dedi,
1043 1310 1110 1360 et
1140 1315 1220 1360 ex
1261 1288 1485 1360 otiosa
1514 1285 1831 1388 jacente3
1870 1288 2271 1387 patrimonii
2312 1311 2515 1388 parte
2554 1287 2667 1360 ali-

577 1403 750 1502 quid
787 1403 1186 1493 numeravi3
1227 1431 1451 1502 quum
1493 1430 1620 1502 ego
1664 1403 1933 1494 dicam,
1971 1407 2221 1476 Arcem
2262 1402 2667 1490 conscendi,

577 1518 899 1592 satellites
934 1519 1174 1610 stravi,
1211 1519 1561 1592 nefarium
1588 1545 1841 1617 corpus
1869 1518 2173 1618 repetitis
2204 1517 2465 1590 ictibus
2488 1516 2670 1590 truci-

579 1631 758 1704 davi.
803 1633 1182 1706 Pecuniam
1233 1634 1433 1722 dedi,
1478 1634 1563 1706 de
1606 1633 2068 1731 tyrannicidio
2107 1631 2449 1732 loquutus
2484 1659 2667 1704 sum:

577 1773 725 1820 rem
782 1750 1040 1822 feceras
1093 1749 1799 1849 periculosissimam,
1849 1749 1984 1822 nisi
2036 1748 2109 1820 in
2156 1748 2667 1846 tyrannicidam

575 1862 958 1938 incidisses.
983 1866 1160 1940 Satis
1187 1866 1279 1940 sit
1304 1865 1535 1955 vobi5‚
1561 1893 1602 1938 o
1627 1865 1903 1954 diviteS‚
1929 1865 2061 1936 hoc
2090 1885 2345 1937 vestras
2372 1885 2669 1963 praestare

573 1977 892 2051 fortunas
908 1979 1122 2079 ,quod
1155 2008 1283 2080 per
1309 1980 1807 2080 dispensatores
1840 1979 2225 2071 foeneratiS,
2254 1980 2456 2079 quod
2490 1979 2671 2050 fami·

571 2091 744 2164 liam
776 2121 902 2194 per
934 2107 1402 2194 procuratores
1436 2095 1831 2186 continetis,
1864 2095 2056 2195 quod
2094 2096 2436 2194 pleraque
2480 2093 2669 2195 possi-

575 2206 750 2280 detis
799 2211 1114 2285 absentes
1141 2269 1160 2303 ,
1201 2213 1391 2311 quod
1432 2214 1917 2313 ignorantibus
1964 2213 2159 2286 vobis
2202 2234 2273 2286 et
2318 2214 2667 2310 quiescen-

572 2321 806 2412 tibus,
861 2325 917 2396 si
980 2327 1135 2424 quis
1191 2348 1294 2399 est
1335 2348 1547 2401 tantae
1575 2327 1937 2400 felicitatis
1988 2328 2214 2417 labor,
2256 2355 2384 2428 per
2424 2328 2667 2400 alienas

574 2462 829 2512 manus
853 2443 1128 2515 transit:
1157 2444 1511 2545 contingat
1536 2445 1722 2518 istud
1743 2445 2008 2518 deliciis
2029 2444 2260 2519 vestris
2276 2502 2296 2534 ‚
2324 2446 2667 2543 contingat

575 2554 1191 2631 abundantissimae
1235 2560 1654 2659 plerumque
1692 2558 1977 2633 luxuriae
2011 2588 2027 2630 :
2074 2586 2221 2632 non
2264 2560 2525 2633 dabitis
2564 2582 2663 2657 ty-

575 2672 985 2746 rannicidiis
1031 2674 1543 2776 cognitorem43
1588 2702 1719 2749 nec
1766 2675 1855 2748 ad
1894 2702 2015 2749 vos
2058 2676 2307 2749 alienis
2352 2676 2663 2776 periculis

585 473 714 550 422

655 2857 698 2891 ι.
725 2842 810 2893 Ita
833 2842 1098 2910 videlicet,
1122 2844 1206 2897 lex
1228 2844 1366 2897 nihil
1383 2848 1591 2918 potest?

575 2918 646 2968 ad
660 2936 941 2973 summum.
963 2926 1166 2977 Ironice
1187 2922 1298 2977 haec
1313 2923 1584 2991 dicuntur,

574 3013 691 3066 quae
713 2998 997 3052 foedissima
1013 3015 1067 3053 et
1081 3005 1268 3053 mirum
1288 3006 1345 3055 in
1365 3004 1583 3055 modum

575 3075 861 3146 depravata
876 3117 893 3145 ‚
919 3100 981 3132 ex
1003 3082 1086 3135 his
1113 3102 1228 3155 quae
1252 3099 1582 3155 sequnntur,

577 3158 750 3229 aliqua
776 3160 922 3211 ducti
945 3166 1250 3231 conjectura
1279 3166 1583 3218 emendavi-

575 3256 710 3289 mus·
739 3240 879 3289 Ante
905 3240 1060 3305 istud,
1088 3243 1228 3313 quod
1264 3254 1321 3294 tu
1351 3244 1583 3315 effecisse

571 3318 850 3387 pecuniam
863 3330 1016 3390 putas
1025 3358 1042 3385 ‚
1049 3321 1255 3390 fecerat
1267 3323 1583 3393 respublica,

563 3394 764 3465 fecerat
787 3398 1078 3470 indiqnatio
1089 3438 1108 3465 ,
1127 3399 1332 3470 fecerat
1350 3400 1585 3474 ingenita

577 3479 747 3531 virtus.
769 3478 833 3529 Et
859 3494 1071 3549 postea,
1091 3480 1196 3532 Hic
1213 3499 1370 3551 porro
1391 3482 1437 3534 si
1457 3482 1586 3553 quid

573 3574 759 3619 avar-e,
791 3557 836 3609 si
866 3559 992 3629 quid
1017 3560 1205 3630 cupide
1223 3559 1465 3630 fecisset,
1494 3571 1583 3613 &aa

458 3636 470 3648 ‘
568 3637 748 3708 potius
771 3639 1018 3707 pecunia,
1045 3660 1204 3711 quam
1233 3642 1344 3712 ipsa
1376 3640 1489 3713 leqe
1512 3641 1584 3692 ad

572 3716 984 3785 tyrannicidium
999 3720 1388 3771 conduceretur?
1396 3722 1578 3771 AEnon.

573 3796 632 3847 ln
667 3816 828 3869 marg.
869 3795 1032 3850 habet
1055 3801 1128 3851 ita
1149 3802 1294 3869 vide,
1334 3803 1418 3855 lex
1440 3806 1579 3856 enim

569 3890 751 3948 potest.
787 3910 859 3922 -·
891 3882 1206 3937 Abundaoet.
1250 3886 1579 3953 Abundans,

573 3958 840 4013 Francius.

647 4052 694 4086 2.
720 4039 916 4106 Quanti
933 4044 1142 4105 emeris,
1163 4043 1292 4115 quid
1307 4042 1451 4095 velis.
1470 4043 1581 4095 Ali-

573 4114 700 4184 quid
725 4119 974 4172 excidisse
993 4122 1223 4189 videtur,
1247 4137 1299 4175 et
1317 4126 1514 4177 fuisse'
1500 4144 1580 4177 m-

577 4206 810 4261 tearum·
847 4199 976 4266 Dic,
1006 4200 1122 4261 dic,
1155 4204 1345 4273 quanti
1365 4204 1576 4268 emeris,

1664 2858 1724 2899 ut
1744 2858 1915 2918 optes,
1940 2845 2081 2919 quod
2106 2844 2246 2901 velis.
2276 2844 2447 2899 Onon.
2482 2846 2665 2915 Quanti

1663 2926 1875 2990 emeris,
1898 2926 2039 2997 quod
2062 2923 2215 2991 velis,
2240 2924 2427 2977 AErod.
2454 2923 2659 2975 Sountr.

1734 3004 1784 3055 3.
1808 3004 1979 3056 Otiose
1984 3006 2212 3074 jacente.
2235 3004 2315 3054 lta
2330 3004 2465 3055 Plin.
2484 3004 2579 3074 Ep.
2592 3002 2663 3065 X,

1663 3082 1730 3135 62
1750 3104 1763 3133 ε
1791 3106 1812 3127 α
1832 3084 2071 3134 Pecunia
2088 3080 2348 3154 publicae,
2368 3098 2472 3135 etc.
2492 3100 2665 3133 vereor

1669 3182 1783 3217 -ne
1820 3166 2003 3217 otiosae
2036 3166 2315 3235 jaceant·
2292 3160 2507 3216 1-Nihil
2544 3180 2659 3231 ergo

1664 3246 1779 3296 sani
1802 3246 1857 3296 in
1876 3244 2105 3311 lectura,
2124 3256 2173 3295 et
2192 3262 2257 3295 ex
2276 3244 2471 3310 otiosa,
2490 3240 2657 3295 AErod.

1662 3324 1733 3375 Et
1754 3323 1939 3389 otiose,
1960 3332 2011 3375 et
2029 3282 2189 3374 etiam
2214 3332 2443 3389 tacente,
2462 3338 2619 3390 marg.

1738 3404 1789 3470 4.
1830 3403 1903 3455 At
1944 3422 2053 3457 non
2088 3404 2271 3456 dabitis
2312 3402 2659 3475 tyrannicidi&

1662 3481 1995 3575 ‹req-nitorem.
2020 3482 2199 3533 Sicut'
2184 3502 2241 3534 m
2260 3481 2376 3535 aliis
2394 3482 2655 3551 rebuspti·

1662 3564 1793 3616 vatis
1840 3578 1894 3616 et
1938 3562 2241 3617 domesticis
2262 3602 2283 3631 ‚
2330 3566 2653 3635 cognitores,

1642 3648 1861 3701 ,amicos
1880 3682 1898 3711 ‚
1950 3658 2435 3717 procuratoresque
2480 3657 2657 3715 gerunt

1660 3740 1833 3779 vestra
1846 3729 2057 3797 negotia
2068 3764 2085 3792 ‚
2102 3746 2137 3779 o
2150 3726 2339 3779 divites
2350 3766 2369 3792 ,
2384 3746 2493 3779 non
2508 3728 2581 3778 sic
2596 3723 2655 3775 de

1662 3806 2011 3878 tyrannicidio
2025 3806 2367 3872 mandabitis,
2380 3806 2655 3876 alienisque

1663 3900 1931 3960 tamquam
1962 3891 2331 3959 procuratoris
2364 3902 2457 3941 aut
2488 3888 2653 3957 cogni·

1658 3970 1789 4021 toris
1820 3967 2065 4021 manibus
2097 3968 2437 4043 tyrannicida
2468 3968 2657 4020 efficie-

1658 4048 1825 4114 mini‚
1866 4062 1927 4099 ut
1964 4046 2141 4101 honor
2176 4063 2231 4101 et
2267 4047 2534 4120 panium
2562 4062 2653 4115 per

1658 4124 1788 4179 alias
1810 4144 2067 4197 personas
2088 4126 2243 4180 vobis
2266 4129 2576 4198 acquiratur.
2598 4122 2649 4175 S

1659 4205 1988 4275 cognitorem
2016 4204 2105 4259 hic
2133 4224 2239 4278 pro
2262 4204 2473 4277 judice,
2496 4218 2645 4265 euve,
