2855 4871
627 443 752 525 462
1129 441 1226 506 M.
1273 440 1525 506 FA1311
1568 437 2205 522 Qnm'rlmml

617 565 1070 658 respondisse,
1095 567 1521 630 innocentem
1546 587 1689 628 esse
1714 562 2088 642 dominam,
2116 583 2184 629 et
2212 588 2304 631 ne
2332 583 2559 632 notam
2584 569 2709 657 qui-

619 675 778 741 dem
803 673 1194 762 negotiatori
1219 695 1232 734 :
1262 669 1559 759 denique
1596 669 1650 734 si
1684 668 1949 733 dubitas
1968 680 2009 747 ¹,
2044 694 2155 736 me
2188 676 2421 738 uxoris
2452 691 2583 740 tuae
2610 674 2707 737 ha·

615 783 762 849 bitu
787 783 1006 846 mitte:
1037 779 1296 859 videro,
1321 802 1402 843 an
1432 779 1641 868 possit
1664 777 2062 843 discernere.

621 1035 710 1054 m
717 1029 1791 1054 mmm
2188 1031 2707 1052 mmmm-*m

1380 1211 1961 1290 CCCLXIV.

1151 1443 1591 1514 Conviciator
1614 1467 1883 1542 pauper
1906 1449 2185 1516 occisus.

627 1650 870 1730 Pauper
905 1645 986 1706 ad
1017 1644 1224 1705 divitis
1255 1642 1519 1703 domum
1557 1654 1738 1702 nocte
1765 1642 2101 1702 conviciari
2134 1643 2402 1705 solebat.
2442 1647 2707 1724 Quodam

704 1755 1021 1824 tempore,
1061 1739 1234 1798 dives
1271 1738 1601 1820 processit,
1636 1749 1697 1796 et
1736 1737 2008 1797 insanire
2046 1758 2191 1798 eum
2230 1739 2481 1816 dicens,
2520 1741 2707 1802 decem

706 1840 892 1899 servis
935 1836 1294 1919 imperavit,
1337 1847 1406 1893 ut
1448 1854 1593 1892 eum
1634 1833 1895 1894 domum
1943 1835 2257 1896 ducerent.
2306 1839 2471 1898 Cum
2512 1839 2711 1899 iisdem

708 1935 943 1996 occisus
957 1978 974 2010 ,
1001 1945 1248 2018 postero
1273 1929 1372 1990 die
1395 1932 1681 1992 inventus
1704 1943 1811 1990 est.
1836 1930 2020 1992 Dives
2042 1932 2221 1994 caedis
2244 1955 2389 1994 reus
2414 1949 2523 1996 est.

1494 2119 1858 2187 SERMO.

715 2282 772 2342 A
810 2293 996 2366 parte
1037 2274 1260 2340 divitis
1301 2274 1488 2340 color
1528 2273 1637 2342 ille
1680 2273 2013 2344 introduci
2056 2293 2313 2364 potest,
2358 2295 2437 2344 ut
2478 2276 2714 2344 dicatur

633 2407 884 2476 pauper
907 2383 1114 2451 fuisse
1145 2381 1457 2451 factiosus
1474 2431 1495 2465 ‚
1522 2397 1639 2452 aut
1670 2382 2127 2453 turbulentus:
2158 2383 2478 2453 habuisse
2506 2384 2711 2477 hujus-

633 2491 816 2563 modi
857 2492 1098 2559 furoris
1139 2491 1240 2559 sui
1282 2492 1593 2571 comites,
1644 2492 1887 2581 quibus
1932 2492 2001 2559 in
2050 2491 2307 2559 insidiis
2351 2492 2710 2583 dispositis,

631 2602 772 2689 ipse
792 2614 1052 2667 tantum
1071 2597 1156 2663 ad
1177 2597 1639 2663 concitandam
1660 2599 1861 2663 rixam
1884 2622 1955 2665 se
1976 2598 2390 2681 ostenderet;
2416 2620 2711 2667 caeterum

633 2704 778 2773 illos
802 2706 870 2774 iu
897 2702 1204 2795 praesidio
1235 2702 1545 2781 haberet,
1568 2704 1625 2769 si
1648 2702 1811 2794 quid
1842 2705 2015 2770 Forte
2044 2704 2229 2771 dives
2256 2706 2622 2773 moliretur.
2646 2710 2715 2773 Et

632 2815 762 2880 hoc
795 2814 934 2903 ipsa
962 2813 1060 2879 rei
1093 2808 1390 2876 conditio
1412 2826 1767 2891 monstrat;
1794 2834 2001 2900 quum
2032 2813 2116 2877 sit
2136 2810 2531 2879 incredibile
2554 2836 2715 2900 pau·

630 2942 864 3008 pereni
901 2920 1114 2985 solum
1135 2969 1152 3000 ,
1187 2936 1253 2985 et
1281 2932 1599 3007 praeterea
1635 2933 1833 2983 nocte
1870 2916 1954 2983 ad
1992 2919 2369 2983 convicium
2401 2914 2600 2984 diviti
2630 2920 2711 2983 fa·

632 3025 944 3093 ciendum
981 3027 1262 3093 venisse.
1297 3027 1519 3111 Quare
1557 3026 1735 3091 enim
1770 3023 1878 3091 die
1917 3027 2200 3091 tacuit²?
2228 3050 2437 3117 quare
2478 3027 2545 3091 in
2584 3028 2715 3092 foro

635 3156 769 3197 non
811 3128 1189 3196 maledixit?
1225 3135 1521 3219 Apparet
1560 3131 1749 3196 illum
1795 3150 2059 3197 noctem
2101 3152 2550 3223 exspectasse,
2594 3156 2713 3222 quo

633 3237 886 3304 facilius
915 3236 1190 3300 comites
1213 3233 1687 3300 absconderet:
1719 3252 2017 3326 paratum
2049 3260 2209 3327 ergo
2234 3238 2321 3304 ad
2346 3240 2549 3303 rixam
2574 3262 2713 3303 cum

633 3346 769 3413 telo
789 3343 1068 3411 venisse.
1095 3341 1384 3407 Divitem
1407 3342 1573 3409 nihil
1600 3342 1728 3407 tale
1754 3343 2153 3431 suspioetum
2168 3394 2185 3423 ,
2212 3346 2423 3433 magis
2446 3344 2717 3411 insanire

633 3452 1048 3531 credentem,
1070 3448 1364 3529 dedisse,
1392 3452 1508 3539 qui
1530 3448 1955 3516 deducerent.
1972 3452 2167 3517 Tunc
2184 3474 2347 3516 vero
2367 3474 2713 3542 pauperem

635 3560 823 3650 quasi
844 3557 1140 3624 custodia
1168 3555 1629 3623 excanduisse:
1656 3558 2003 3623 accessisse
2028 3573 2093 3622 et
2118 3575 2393 3624 caeteros
2412 3558 2545 3651 ejus
2568 3580 2719 3621 con·-

635 3668 804 3733 scios
819 3716 835 3746 ‚
861 3663 1164 3755 quidum
1181 3660 1208 3707 3
1235 3664 1493 3751 eripere
1522 3686 1885 3754 pauperem
1908 3663 2185 3742 vellent,
2210 3664 2421 3731 rixam
2448 3665 2719 3731 concita·

635 3773 851 3839 verint
869 3822 885 3852 ,
913 3788 980 3839 et
1011 3770 1287 3835 fortasse
1321 3770 1511 3836 illum
1540 3794 1903 3861 pauperem
1928 3770 2191 3835 silentio
2214 3770 2609 3848 occiderint,
2640 3792 2715 3831 ne

713 3952 756 3986 1.
793 3934 1030 4005 Denique
1059 3932 1104 3984 si
1133 3932 1346 3985 dubius.
1377 3933 1640 4005 Denique,
1722 3930 1987 3984 Francius*
2008 3932 2255 3985 malebat.
2278 3962 2351 3973 -
2376 3934 2597 3985 Contine
2614 3930 2717 3981 ab·

638 4014 836 4087 inquit,
855 4014 900 4065 si
917 4013 1130 4065 dubitas.
1157 4012 1376 4065 Senum.
1391 4042 1463 4051 --
1480 4012 1531 4067 V
1532 4012 1643 4063 ide·-
1722 4012 1977 4063 maderet.
2008 4014 2229 4066 Comiter
2258 4031 2311 4065 se
2335 4011 2713 4072 abscon-deme,

639 4110 712 4143 m.
743 4091 944 4144 Videte.
971 4092 1191 4143 Senot-r.
1724 4090 1901 4142 AE-rod.

711 4170 1647 4238 2.Quaoee·imdietaaait.vodie
1794 4173 1978 4242 &Qui
2008 4170 2148 4223 dum.
2186 4172 2513 4245 Quaqua-t,
2544 4167 2711 4221 Μ.
