2855 4871
546 418 1381 485 DECLAMATIONES.
1429 419 1879 487 CCCXXXI.
2135 423 2264 512 349

156 541 355 614 aliud
382 567 601 642 genus
625 541 983 615 actionum
1004 555 1055 631 ¹,
1093 540 1311 613 alium
1346 540 1780 641 quaesitorem
1799 601 1818 634 ,
1855 571 1996 616 non
2019 545 2262 617 eadem

156 679 524 757 tempora,
570 683 715 728 non
765 657 1000 757 paria,
1055 657 1173 730 sed
1226 656 1612 756 periculum
1667 686 1846 758 par:
1899 660 2030 732 hoc
2085 662 2142 732 si
2190 663 2268 734 fit

158 775 437 847 actione
459 774 877 876 injuriarum
892 832 911 865 ,
935 800 1101 848 sane
1122 773 1433 873 aliquam
1454 773 1994 848 similitudinem
2013 776 2266 850 habere

156 890 501 962 videatur.
530 891 884 988 Interrogo
912 889 1103 960 enim
1131 909 1233 978 te,
1263 916 1349 961 an
1378 889 1432 961 si
1463 916 1624 988 ego,
1660 890 1781 988 qui
1813 911 2046 963 tecum
2080 891 2270 993 inju-

160 1006 434 1077 riarum
465 1005 573 1104 egi
593 1061 613 1096 ‚
647 1003 859 1076 semel
893 1003 1301 1106 objecissem
1338 1003 1471 1076 tibi
1495 1006 1628 1077 hoc
1651 1005 1842 1079 idem
1869 1006 2128 1086 crimen
2149 1065 2170 1097 ,
2205 1027 2273 1078 et

162 1142 237 1193 tu
276 1142 485 1192 antea
521 1121 887 1192 damnatus
922 1146 1065 1192 non
1104 1145 1316 1192 esses:
1355 1147 1536 1192 num
1571 1121 1793 1222 capite
1836 1121 2052 1195 fueris
2091 1121 2273 1222 peri-

162 1235 573 1310 clitaturus?
613 1262 798 1324 non,
841 1256 921 1307 ut
956 1231 1207 1335 opinor
1242 1264 1258 1308 :
1304 1262 1451 1308 non
1494 1263 1654 1335 ergo
1693 1264 1821 1336 ego
1858 1237 2028 1326 feci,
2077 1258 2158 1308 ut
2197 1256 2270 1309 tu

164 1353 391 1453 capite
418 1351 931 1452 periclitareris;
964 1350 1085 1423 sed
1124 1351 1268 1443 illi,
1300 1353 1422 1449 qui
1466 1374 1532 1425 te
1570 1374 1729 1425 ante
1759 1353 1864 1426 bis
1895 1352 2273 1425 damnave-

166 1491 357 1541 runt.
395 1471 642 1566 Neque
668 1468 859 1540 enim
886 1489 1311 1540 senectutem
1346 1469 1549 1540 affert
1580 1496 1902 1541 summus
1935 1469 2117 1559 dies,
2156 1468 2276 1542 sed

166 1584 429 1684 longus
464 1583 634 1656 ordo
668 1583 857 1655 vitae:
893 1610 1023 1656 nec
1057 1584 1461 1658 ebrietatem
1498 1586 1662 1658 facit
1698 1586 1823 1657 illa
1860 1587 2085 1686 potio,
2126 1608 2279 1686 poet

167 1727 390 1799 quam
422 1699 941 1772 concidendum
974 1720 1073 1772 est
1091 1758 1109 1790 ,
1132 1701 1251 1772 sed
1282 1703 1768 1801 tempestivum
1791 1717 1815 1746 ²
1841 1703 2238 1776 convivium
2257 1761 2276 1794 ,

170 1836 238 1887 et
270 1814 570 1887 aviditas
597 1815 819 1886 nimia
849 1842 863 1886 :
904 1841 1049 1887 non
1087 1840 1248 1914 ergo
1286 1842 1443 1886 mea
1476 1816 1747 1890 actione
1779 1817 2108 1890 effectum
2145 1841 2277 1910 est,

173 1953 250 2002 ut
274 1930 792 2030 periclitareris:
821 1930 939 2003 sed
964 1929 1100 2002 illis
1122 1929 1534 2021 actionibuS,
1552 1931 1807 2028 quibus
1821 1931 1969 2032 jam
1997 1933 2281 2004 damna-

175 2068 283 2120 tus
320 2075 417 2120 es.
464 2047 597 2120 Sed
636 2047 996 2120 absolutus
1032 2073 1229 2139 sum,
1270 2047 1535 2147 inquit,
1574 2049 1774 2121 tertio
1805 2076 1819 2120 :
1858 2049 2279 2140 viderimuS,

175 2185 528 2264 quantum
540 2164 672 2238 hoc
688 2163 775 2236 ad
794 2163 1085 2264 gloriam
1104 2186 1295 2237 tuam
1310 2165 1680 2264 pertineat:
1701 2161 1980 2238 interim
1999 2165 2284 2238 damna-

177 2302 287 2352 tus
319 2306 393 2352 es
421 2279 667 2379 saepius
703 2307 718 2350 :
761 2279 1021 2352 etenim
1061 2279 1147 2351 de
1187 2279 1574 2379 petulantia
1610 2301 1728 2353 tua
1763 2279 1894 2354 hoc
1929 2279 2031 2352 illi
2070 2279 2283 2380 primi

168 2394 447 2498 judices
487 2414 883 2487 senserunt,
915 2393 1049 2467 hoc
1086 2395 1373 2468 secundi
1417 2417 1824 2471 senserunt:
1865 2423 2055 2470 nunc
2089 2397 2282 2470 abso·

177 2508 373 2581 lutus
415 2536 507 2581 es.
551 2509 745 2580 Nihil
788 2509 873 2581 de
912 2509 1245 2610 religione
1290 2538 1574 2603 eorum,
1618 2512 1738 2610 qui
1780 2512 2288 2612 pronunciave-

184 2648 393 2715 runt,
431 2654 680 2726 querar
714 2654 729 2696 :
783 2648 977 2699 erant
1017 2648 1293 2718 tamen,
1337 2654 1492 2727 quae
1533 2649 1599 2701 te
1642 2628 2092 2729 adjuvarent:
2141 2654 2283 2699 non

182 2742 364 2814 illud
413 2742 770 2815 dicebatur
809 2744 879 2814 in
915 2742 1231 2844 judici03
1272 2745 1435 2815 Non
1480 2764 1578 2814 est
1617 2741 1734 2813 hic
1775 2742 1966 2831 taliS,
2015 2742 2091 2812 in
2144 2769 2284 2841 quo

185 2858 573 2958 petulantia
598 2859 942 2931 credenda
965 2859 1083 2949 sit3
1117 2858 1462 2931 modestos
1489 2886 1717 2932 mores
1739 2858 1952 2932 habet
1968 2916 1987 2951 ,
2014 2858 2288 2931 nemini

185 3000 507 3074 unquam
544 2974 707 3047 fecit
740 2974 1117 3076 injuriam:
1158 2974 1277 3047 sed
1318 2974 1678 3048 dicebatur
1703 2974 1878 3047 illud
1908 3002 1922 3046 :
1959 3001 2102 3046 non
2132 2974 2284 3077 jam

186 3089 659 3191 injuriarum³
710 3090 965 3189 petitur
1014 3089 1183 3162 ultio
1213 3118 1228 3161 :
1294 3092 1513 3190 capite
1574 3090 2076 3192 periclitaturus
2137 3111 2281 3164 est:

190 3206 463 3279 etiamsi
506 3207 679 3305 quid
722 3207 1116 3296 commisit,
1159 3208 1327 3281 satis
1368 3230 1606 3281 tamen
1640 3236 2006 3309 poenarum
2044 3208 2282 3280 dedit:

190 3324 345 3423 ipsa
399 3320 531 3394 hac
582 3321 1053 3394 sollicitudine
1101 3321 1688 3424 circumscripsisti
1737 3321 2288 3395 misericordiam

184 3438 561 3538 judicum,
602 3438 658 3509 si
696 3438 994 3512 alterum
1030 3438 1325 3511 occisuri
1364 3462 1578 3539 erant.

274 3606 319 3641 ι.
353 3586 520 3640 Aliud
540 3606 703 3661 genus
728 3591 1013 3641 actionum.
1044 3585 1210 3640 Aliud
1360 3608 1407 3643 2.
1443 3592 1842 3662 Tempestivum.
1881 3590 1964 3643 sie
1998 3608 2158 3661 supra
2189 3606 2288 3661 pro

192 3689 358 3747 yemis
409 3670 675 3722 actionum
696 3709 716 3737 ,
768 3669 919 3722 aliud
968 3670 1209 3743 quaesito-
1285 3672 1677 3741 intempestive.
1713 3673 1860 3723 Pt'ru.
1883 3667 2018 3722 Vide
2051 3668 2118 3721 ad
2141 3666 2288 3719 Decl.

196 3770 311 3801 rum
326 3788 345 3817 ,
367 3746 569 3801 Schult.
590 3748 809 3803 Simile?
827 3748 959 3801 dixit
964 3753 1085 3821 jam
1108 3748 1141 3800 ἰ.
1168 3748 1204 3801 Ι.
1286 3748 1477 3800 CCLX.
1501 3746 1664 3802 Gnou.

195 3830 347 3884 atiud
371 3849 537 3905 yemis
556 3830 853 3895 actionum,
879 3829 1043 3882 alium
1072 3846 1211 3903 quoe-
1360 3828 1411 3881 3.
1449 3828 1572 3880 Νοη
1589 3832 1709 3903 jam
1751 3830 2076 3901 injuriarum.
2111 3824 2290 3879 AErod.

198 3912 407 3963 silerem
422 3949 439 3976 ,
474 3910 605 3962 Obr.
634 3940 704 3950 —-
730 3912 855 3963 Non
884 3911 1060 3981 paria.
1092 3908 1171 3960 An
1190 3946 1206 3974 ,
1288 3927 1396 3962 non
1422 3910 1978 3961 tamen.-Poenamm
2001 3906 2152 3958 dedit.
2174 3906 2292 3956 Ρω-

200 3988 379 4042 millia
417 3990 569 4061 paria
587 3990 613 4039 ?
662 4008 727 4041 an
750 4026 767 4051 ,
812 3987 967 4040 nulla
1010 3988 1163 4060 paria
1185 3988 1211 4038 Ρ
1290 4009 1476 4041 narum
1497 3991 1636 4042 dedit
1662 3992 1770 4060 ipsa
1801 3989 1898 4059 hqc
1918 3986 2034 4040 soll.
2065 3988 2294 4040 Circum-

202 4070 410 4125 Deinde
435 4089 569 4123 nova
596 4070 848 4140 periodo,
866 4083 928 4122 ut
946 4072 1014 4123 sit
1038 4069 1211 4138 objec—
1290 4070 1530 4141 scripsisti
1547 4068 1896 4121 misericordia
1895 4066 2194 4137 judicium.-
2210 4064 2296 4118 sed

208 4150 309 4211 tio;
327 4150 433 4201 Sed
444 4148 737 4222 periculum
754 4150 1103 4220 pausatum.
1293 4146 1518 4199 aloemm
1542 4148 1756 4199 occisuri
1777 4157 1950 4208 erant,
1980 4144 2156 4197 AErod.
