2855 4871
611 425 1454 494 DECLAMATIONES.
1499 428 1812 494 CCLIX.
2179 435 2262 502 63

204 547 395 637 datis,
430 547 551 620 hoc
576 548 895 647 primum
924 568 1128 650 puto,
1168 570 1245 621 ut
1272 548 1422 642 isti,
1449 551 1508 622 si
1537 553 1906 650 permittit,
1941 557 2260 655 gratuler.

200 665 361 738 Filia
377 667 517 768 ejus
534 666 979 765 probissima,
1004 666 1237 766 puella
1256 693 1335 739 ac
1353 669 1966 762 verecundissima,
1992 672 2264 746 nullam

198 783 438 882 accepit
472 782 842 884 injuriam;
874 784 1143 857 amicus
1172 804 1239 856 et
1262 811 1478 884 gener
1503 786 1785 880 nullum
1815 788 2036 862 scelus
2059 791 2220 863 fecit
2247 819 2262 863 ε

196 923 345 968 nam
372 899 426 970 si
451 899 627 996 quid
658 899 793 971 tale
832 899 1173 998 cogitare,
1220 920 1287 971 et
1313 899 1386 970 i'n
1421 899 1747 973 animum
1783 902 2115 977 inducere
2147 932 2266 1005 po·

195 1014 410 1088 tuisset
431 1073 455 1110 ,ἡ
498 1016 623 1088 illo
660 1037 973 1116 tempore
1008 1015 1299 1088 vitiandi
1331 1015 1584 1089 habuit
1615 1018 2090 1108 occasionem,
2126 1048 2267 1119 quo

190 1132 583 1231 naufragam
613 1132 871 1205 inlitus
892 1153 1225 1210 evexerat.
1246 1131 1550 1231 Reliqua
1571 1161 1728 1233 pars
1748 1135 2044 1207 actionis
2067 1163 2267 1230 meae,

191 1273 318 1319 non
350 1267 497 1319 tam
531 1246 621 1332 ad
662 1245 1184 1337 defensionem,
1223 1246 1538 1348 judices,
1587 1271 1877 1348 spectat,
1922 1278 2137 1348 quam
2179 1252 2270 1325 ad

188 1361 775 1462 deprecationem:
825 1388 997 1434 nam
1038 1359 1235 1434 nulla
1280 1363 1586 1461 profecto
1628 1364 1878 1436 certior
1917 1367 2085 1438 ratio
2128 1388 2270 1459 est,

190 1505 383 1575 quam
424 1498 511 1550 ut
556 1479 771 1551 istum
814 1478 1135 1578 priorum
1186 1497 1588 1576 temporum
1633 1479 2082 1553 admoneam.
2133 1483 2272 1555 Hic

188 1592 403 1680 enim,
446 1593 721 1694 judices
746 1647 766 1680 ,
816 1591 1215 1664 adolescens
1260 1591 1496 1690 (quod
1535 1591 1616 1663 in
1659 1591 1793 1664 hoc
1830 1593 2120 1666 demum
2151 1596 2272 1697 'ju-

187 1708 347 1780 dicio
394 1707 799 1781 audivimus
830 1735 871 1780 a
900 1706 1109 1780 divite
1144 1705 1333 1802 dici)
1376 1734 1684 1807 pauper,
1729 1735 1950 1798 unam
1983 1710 2120 1782 sibi
2149 1709 2274 1783 do-

188 1850 413 1914 mum,
460 1851 679 1923 quam
712 1823 1001 1914 coleret,
1058 1821 1303 1922 elegit,
1354 1848 1584 1894 unum
1628 1822 1856 1914 hunc,
1899 1825 2013 1897 cui
2057 1825 2272 1899 fidem

188 1964 368 2011 suam
401 1939 887 2039 impenderet:
914 1964 992 2010 ac
1027 1937 1218 2010 brevi
1248 1938 1603 2028 moribus,
1647 1929 2035 2029 sanctitate,
2071 1941 2276 2012 inno·
2374 2029 2380 2036 ,

189 2054 405 2126 centia
448 2053 646 2144 fecit,
695 2073 773 2124 ut
815 2052 996 2124 inter
1037 2077 1281 2124 omnes
1324 2051 1539 2124 etiam
1571 2053 1942 2152 superioris
1981 2054 2272 2126 fortunae

188 2170 569 2243 carissimus
622 2171 991 2243 videretur.
1048 2171 1289 2268 Itaque
1342 2168 1662 2260 hercule,
1717 2197 1942 2270 quum
1991 2199 2272 2272 peregre

187 2285 520 2382 proficisci
559 2284 999 2376 destinasset,
1051 2309 1490 2384 quamquam
1523 2285 2045 2386 navigationum
2089 2289 2278 2387 peri-

190 2401 333 2473 cula
365 2427 511 2474 non
549 2401 897 2503 ignoraret
925 2401 1361 2492 adolescens,
1410 2422 1650 2477 tamen
1679 2427 1954 2477 secutus
1988 2430 2114 2504 per
2140 2432 2276 2477 ma·

190 2516 277 2589 ria
291 2575 311 2607 ,
338 2544 461 2615 per
476 2538 934 2617 tempestates.
952 2520 1115 2591 Non
1135 2518 1446 2590 nimium
1468 2519 1555 2592 de
1574 2518 1854 2592 fortuna
1871 2520 2270 2619 querimur:

190 2633 387 2705 etiam
416 2633 471 2706 si
500 2635 949 2733 naufragium
985 2633 1161 2707 illud
1195 2634 1454 2706 multos
1484 2654 1741 2724 metus,
1775 2634 2058 2733 longam
2082 2660 2276 2707 vexa-

189 2748 439 2821 tionem
458 2806 478 2840 ,
508 2748 790 2849 aliquod
822 2748 1052 2822 attulit
1083 2748 1622 2822 detrimentum:
1659 2769 1894 2821 tamen
1919 2775 2068 2821 rem
2094 2748 2276 2819 diffi-

189 2862 516 2937 cillimam
568 2865 896 2964 expressit
919 2924 939 2955 ,
986 2864 1150 2936 fidei
1201 2865 1798 2964 experimentum:
1845 2864 1920 2934 in
1963 2863 2084 2935 illa
2125 2889 2278 2935 om-

190 2976 383 3049 nium
434 2979 892 3079 trepidatione
920 3037 939 3070 ,
988 2980 1062 3050 in
1092 3004 1233 3077 qua
1261 3006 1388 3077 pro
1412 2998 1540 3050 sua
1570 2978 1864 3079 quisque
1893 2976 2110 3051 salute
2145 2978 2277 3051 sol·

188 3090 439 3183 licitus,
466 3093 649 3166 nihil
676 3093 762 3165 de
791 3093 1111 3193 proximo
1140 3093 1494 3193 cogitabat
1515 3124 1534 3183 ;
1559 3118 1783 3192 quum
1814 3093 1995 3165 inter
2021 3092 2276 3165 fluctus

190 3226 255 3277 et
293 3208 545 3281 turbati
597 3208 803 3281 maris
849 3207 1111 3299 minas,
1149 3208 1261 3280 vix
1305 3208 1626 3297 evadere,
1676 3235 1752 3279 ac
1797 3234 1937 3279 sua:
1982 3208 2276 3307 quisque

192 3323 531 3397 consulere
554 3322 759 3396 saluti
777 3322 1157 3414 videretur,
1186 3350 1332 3397 non
1352 3322 1753 3396 mehercule
1779 3322 2024 3411 miror,
2057 3321 2274 3422 quod,

196 3439 493 3533 quamvis
514 3438 825 3537 optimus
843 3458 1067 3538 pater,
1104 3438 1323 3517 filiam
1351 3460 1589 3511 tamen
1629 3437 1958 3536 respicere
1984 3464 2128 3508 non
2159 3465 2277 3538 po-

194 3551 329 3623 tuit.
364 3554 545 3645 Quis
576 3552 767 3623 enim
792 3551 926 3624 hoc
956 3554 1261 3627 crederet
1284 3580 1479 3653 posse
1510 3554 1659 3625 fieri
1677 3610 1696 3643 ,
1729 3572 1807 3624 ut
1829 3552 2044 3625 modo
2070 3552 2277 3625 saluti

194 3694 317 3739 suae
338 3670 759 3760 consuleret,
782 3696 1025 3743 verum
1047 3670 1257 3742 etiam
1275 3691 1594 3769 suscepto
1617 3694 1828 3742 onere
1852 3668 2278 3741 infirmitatis

192 3782 420 3858 alienae
440 3844 459 3877 ,
491 3785 782 3859 evadere
814 3786 889 3857 in
919 3807 1207 3875 terram,
1242 3808 1313 3859 et
1329 3786 1606 3859 vincere
1631 3786 1963 3859 minantis
1982 3787 2275 3857 fortunae
2327 3804 2330 3812 ’

189 3923 407 3975 metus
429 3900 701 4002 posset?
730 3903 973 4000 ltaque
1004 3928 1147 3973 non
1178 3928 1410 3975 servus
1447 3901 1633 3974 ullus
1659 3924 1804 3975 tam
1839 3899 2096 3986 fidelis,
2131 3926 2272 3969 non

185 4010 459 4091 libertus
518 4038 669 4089 tam
712 4016 1051 4089 beneficio
1109 4015 1454 4117 obligatus
1497 4002 2064 4089 ”manumittentis
2114 4014 2275 4103 fuit,

184 4152 263 4201 ut
280 4131 409 4206 hoc
434 4132 679 4207 subire
705 4131 1093 4229 periculum
1121 4152 1362 4231 posset.
1394 4134 1598 4205 Unus
1622 4130 1890 4203 amicus
1922 4129 2276 4224 (nondum
