2855 4871
592 428 715 495 272
1090 402 1183 467 M.
1230 402 1484 467 FABII
1529 399 2165 483 QUINTILIANI

586 552 731 594 rem
754 525 869 594 dat
884 526 1060 591 bene
1079 524 1367 606 meritis3
1390 547 1477 589 an
1503 546 1679 601 eam,
1703 544 1851 613 quae
1871 523 2212 587 constituit
2233 546 2504 613 poenam
2531 546 2696 614 pec-

587 633 931 703 cantibus?
965 632 1227 699 Deinde
1263 631 1654 721 specialiter,
1687 647 1914 695 utrum
1951 654 2131 711 eam,
2173 654 2320 719 quae
2351 631 2694 699 honorem

585 742 731 807 viro
750 740 904 805 forti
923 738 1065 818 dat,
1090 762 1174 803 an
1202 760 1375 816 eam,
1402 758 1552 827 quae
1575 757 1844 823 poenam
1862 733 2188 803 desertori
2205 738 2587 805 constituit?
2609 742 2694 805 In

586 862 867 937 utraque
894 865 967 913 re
997 845 1334 935 speciosus
1358 860 1427 909 et
1452 860 1717 933 apertus
1745 860 2055 909 tractatus
2085 860 2219 910 est:
2243 869 2399 911 nam
2420 844 2690 913 descri-

586 954 746 1019 bere
770 974 1153 1041 possumus,
1178 967 1424 1040 quanta
1452 972 1606 1013 cum
1630 947 2018 1015 difficultate
2041 950 2302 1015 fortiter
2322 968 2688 1040 pugnetur,

588 1076 657 1126 et
693 1074 943 1148 quanto
980 1080 1134 1122 cum
1164 1054 1499 1144 periculo;
1530 1071 1598 1120 et
1629 1077 1940 1120 excusare
1973 1071 2042 1120 et
2072 1053 2232 1120 dare
2267 1057 2533 1122 veniam
2567 1058 2688 1124 ali·

590 1189 790 1257 quam
808 1187 849 1244 1,
874 1180 951 1229 ut
972 1178 1207 1229 natura
1225 1159 1501 1250 dignum
1527 1162 1642 1227 sit:
1681 1177 1749 1225 et
1773 1160 2044 1227 difficile
2071 1162 2332 1228 fortiter
2353 1185 2687 1253 pugnare,

590 1294 792 1364 quam
827 1272 1070 1336 mirum
1108 1292 1252 1335 esse
1292 1269 1584 1358 aliquem
1605 1318 1622 1349 ,
1663 1269 1781 1358 qui
1815 1268 2109 1334 deserat:
2140 1268 2252 1335 hic
2285 1270 2540 1335 clamor
2571 1270 2690 1334 ille

589 1379 935 1467 utriusque
960 1376 1315 1455 exercitus,
1344 1374 1474 1439 tela
1499 1374 1610 1438 illa
1633 1374 1701 1437 in
1726 1396 1847 1439 nos
1875 1390 1940 1439 et
1967 1374 2036 1439 in
2066 1374 2294 1441 oculos
2319 1376 2686 1457 venientia,

592 1501 661 1551 et
686 1484 929 1551 cadens
953 1481 1321 1549 secundum
1343 1484 1517 1548 latus
1540 1482 1906 1548 commilito
1921 1532 1940 1563 ,
1971 1498 2114 1548 tum
2137 1483 2422 1572 gemitus
2450 1483 2687 1549 vulne-

590 1606 927 1671 ratorum;
972 1606 1040 1654 et
1078 1590 1303 1678 fragor
1340 1588 1452 1653 ille
1492 1610 1828 1654 armorum
1871 1604 1939 1653 et
1976 1589 2153 1653 nitor
2195 1589 2377 1654 ferri.
2419 1588 2688 1655 Deinde

592 1719 799 1786 quum
837 1695 1440 1787 comparaverimus
1475 1694 1654 1783 leges
1675 1744 1693 1775 ,
1738 1694 2168 1761 nihilominus
2202 1711 2272 1761 et
2309 1695 2687 1761 molliamus

593 1804 1050 1891 quaestionem.

1284 1966 1986 2033 DECLAMATIO.

688 2124 848 2195 Non
872 2123 1111 2220 utique
1142 2123 1343 2221 periit
1364 2123 1511 2198 lex:
1540 2122 1798 2223 quare?
1820 2123 2156 2223 quoniam
2185 2124 2500 2223 plurima
2519 2124 2688 2197 acci-

592 2237 752 2310 dere
776 2256 1069 2335 possunt
1085 2293 1103 2326 ,
1131 2257 1211 2307 ut
1239 2236 1656 2309 desertorem
1687 2263 1832 2309 non
1856 2238 1958 2309 vir
1984 2237 2175 2309 fortis
2205 2238 2498 2310 occidat.
2521 2240 2686 2310 Haec

592 2352 785 2423 enim
814 2351 909 2421 sic
940 2350 1151 2441 dixi2,
1184 2370 1548 2450 tamquam
1582 2351 2072 2451 impunitatem
2107 2352 2466 2425 desertoris
2498 2373 2686 2453 pete-

592 2491 739 2537 rem
779 2492 795 2536 :
842 2491 1045 2536 nunc·
1078 2464 1163 2536 de
1206 2491 1407 2564 poena
1449 2465 1625 2538 nihil
1668 2466 1952 2539 detraho
1997 2466 2388 2556 desertoris3
2424 2467 2512 2538 de
2547 2467 2684 2539 mi-

591 2579 803 2654 nistro
838 2602 1153 2672 tantum,
1195 2581 1281 2654 de
1313 2609 1534 2655 manu
1564 2603 1838 2655 tantum
1873 2582 2220 2682 quaeritur.
2257 2585 2684 2682 Frequenter

589 2718 825 2770 autem
858 2724 1135 2770 necesse
1172 2717 1272 2769 est
1300 2698 1598 2788 accidat,
1638 2718 1717 2771 ut
1745 2697 2160 2770 desertorem
2188 2725 2333 2770 non
2359 2697 2466 2772 vir
2497 2697 2684 2770 fortis

590 2814 893 2886 occidat:
928 2815 1113 2914 finge
1149 2814 1530 2886 deseruisse
1558 2815 1904 2912 aliquem,
1941 2835 2006 2886 et
2033 2815 2392 2886 neminem
2421 2815 2684 2888 fortiter

586 2928 828 3000 fecisse
852 2959 870 3017 ;
902 2928 1272 3003 incolumis
1298 2929 1425 3003 erit
1449 2929 1787 3003 desertor?
1810 2930 2030 3031 Finge
2053 2929 2321 3003 fortiter
2339 2957 2680 3030 pugnasse

589 3040 899 3139 aliquem
918 3101 937 3132 ,
968 3044 1087 3115 sed
1121 3045 1193 3115 in
1220 3045 1373 3144 ipsa
1401 3072 1638 3144 pugna
1663 3044 2097 3119 debilitatum
2115 3103 2133 3134 ‚
2171 3046 2265 3116 ita
2288 3067 2366 3117 ut
2387 3073 2682 3118 manum

589 3157 965 3228 amitteret:
993 3160 1343 3259 numquid
1367 3181 1510 3233 non
1537 3187 1812 3233 necesse
1843 3181 1942 3232 est
1963 3161 2192 3233 subire
2218 3159 2530 3259 aliquem
2553 3160 2682 3232 hoc

590 3267 1105 3346 ministerium?
1132 3277 1285 3346 Hoc
1314 3276 1399 3348 de
1431 3277 1710 3349 alienis:
1745 3296 2068 3376 praeterea
2097 3276 2243 3367 lex,
2279 3300 2436 3374 quae
2461 3275 2680 3350 deser·

593 3410 815 3462 torem
850 3417 894 3463 a
929 3389 1076 3463 viro
1111 3391 1273 3464 forti
1306 3391 1530 3466 occidi
1555 3394 1796 3495 jussit,
1840 3388 2022 3466 nihil
2061 3389 2384 3494 cogitavit
2427 3387 2516 3466 de
2553 3393 2678 3465 hac

668 3577 712 3612 1.
741 3559 816 3610 Et
834 3561 959 3615 dare
980 3565 1189 3615 veniam
1210 3562 1467 3635 aliquam.
1498 3564 1595 3617 nic
1677 3566 1798 3616 τίων
1819 3583 2087 3638 puqnare,
2121 3564 2196 3616 ita
2227 3583 2334 3616 non
2365 3562 2560 3616 minan
2584 3580 2682 3616 esse

572 3645 809 3711 ‘quoque
846 3641 982 3694 male
1015 3640 1229 3694 habitus
1262 3639 1432 3696 locus.
1466 3643 1598 3694 For·
1677 3643 1904 3717 aliquem
1914 3683 1933 3712 ,
1953 3645 2044 3718 qai
2066 3645 2274 3697 deserat.
2297 3642 2536 3696 Gnonov.

591 3731 730 3771 tasse
751 3738 766 3769 ε
813 3738 937 3771 nam
985 3720 1259 3774 describere
1293 3739 1595 3795 possum&
1751 3743 1799 3779 2.
1823 3727 1952 3779 Hoec
1983 3727 2126 3778 enim
2153 3727 2226 3779 sie
2255 3725 2379 3776 dixi.
2415 3725 2548 3777 Haec
2575 3741 2680 3777 non

590 3807 789 3869 quanta
806 3815 929 3848 cum
946 3795 1599 3872 difficultatefortiterpu-
1677 3806 1750 3858 sic
1778 3804 1888 3856 dixi
1920 3816 1956 3857 t.
1993 3804 2028 3855 i.
2063 3804 2113 3856 d.
2145 3823 2202 3874 p.
2236 3821 2364 3854 nam
2395 3803 2464 3855 de
2495 3821 2678 3874 poena,

585 3887 796 3951 qnetur,
820 3886 871 3928 et
889 3887 1091 3950 quanto
1114 3895 1233 3928 eum
1258 3876 1490 3948 periculo
1503 3898 1525 3938 ,·
1547 3889 1599 3930 et
1677 3881 1878 3935 Schult.
1905 3895 1956 3935 et
1975 3882 2106 3935 obr.
2126 3884 2239 3936 Nec
2260 3883 2402 3934 enim
2424 3883 2500 3935 sie
2517 3882 2627 3934 dixi
2643 3893 2677 3933 t.

588 3973 853 4022 excusare,
870 3956 1321 4027 etpeterevem’am
1334 3955 1594 4028 aliquam.
1677 3960 1712 4012 i.
1746 3963 1795 4013 d.
1831 3979 1886 4032 p.
1927 3979 2054 4013 nam
2083 3961 2149 4013 de
2181 3978 2375 4032 pem,
2406 3963 2585 4014 Lntin.
2613 3987 2678 4000 -

590 4035 751 4105 (vel,
768 4047 821 4088 et
834 4037 1065 4090 dandam
1084 4039 1291 4090 ve'niam
1314 4038 1516 4109 dices-e)
1538 4049 1601 4090 ut
1674 4038 1896 4092 Accidat
1915 4053 1976 4094 ut
1995 4040 2312 4092 desertorem.
2337 4037 2676 4112 Accidatfln·

594 4126 781 4166 natura
804 4135 1054 4188 maynum
1077 4117 1141 4169 sit
1162 4128 1214 4169 et
1240 4112 1462 4190 difficile
1473 4116 1597 4188 for-
1673 4137 1765 4193 qe,
1791 4120 1996 4172 omissis
2017 4117 2262 4189 reliquis,
2287 4117 2467 4170 AErod.
