2855 4871
462 258 474 271 ’
565 324 682 393 192
1057 305 1150 368 M.
1201 303 1452 367 mnu
1499 302 2142 384 QmNTlLum

553 427 837 501 civitatis
857 484 876 517 ,
915 428 1254 527 quoniam
1297 448 1567 525 partem
1606 425 1916 523 aliquam
1950 425 2321 525 voluptatis
2360 426 2435 497 in
2474 423 2675 496 hanc

555 544 990 643 impenderat
1018 572 1034 614 :
1071 544 1194 616 sed
1224 545 1386 615 fecit
1419 540 1623 614 illum
1658 543 2203 640 arrogantiorem
2236 543 2385 642 ipsa
2416 543 2669 614 virtus,

555 660 796 756 Neque
819 680 1060 731 tamen
1084 658 1288 729 nobis
1317 657 1548 729 adhuc
1574 658 1970 756 persuaderi
2001 679 2225 756 potest
2240 716 2257 749 ‚
2288 679 2372 731 ut
2394 658 2505 729 vir
2526 660 2677 729 for-

557 774 680 863 tis,
717 774 837 872 qui
863 772 1196 845 amaverit
1227 793 1459 870 aperte
1478 830 1497 861 ,
1530 772 1651 869 qui
1682 796 1827 843 non
1862 793 2005 843 erat
2029 771 2230 843 laesus
2258 771 2406 844 ulla
2436 798 2675 843 mere-

557 891 736 963 tricis
783 890 1040 991 injuria
1067 947 1086 982 ,
1135 888 1370 962 oculos
1415 890 1654 961 volens
1700 910 1967 961 erueret
2003 918 2017 961 :
2072 890 2430 961 fortunam
2488 888 2673 961 illud

559 1029 886 1107 putamus
924 1007 1166 1079 fecisse
1189 1022 1238 1093 ¹,
1281 1027 1360 1078 ut
1389 1005 1446 1077 si
1481 1006 1594 1077 lex
1631 1005 2056 1105 permitteret
2092 1028 2412 1077 neutram
2446 1004 2675 1077 ultio-

560 1148 768 1211 nem,
818 1122 1104 1193 forsitan
1157 1141 1379 1192 totum
1417 1121 1536 1221 jus
1584 1120 2135 1193 remitteremus?
2181 1148 2371 1193 nunc
2420 1119 2673 1192 oculos

561 1238 708 1339 ejus
743 1262 1130 1323 servamuS,
1165 1261 1303 1334 qua
1337 1261 1731 1332 possumus.
1772 1237 1913 1306 Lex
1952 1234 2047 1305 ita
2085 1235 2341 1333 scripta
2383 1256 2529 1325 est,
2566 1254 2671 1306 UT

561 1370 622 1422 IS
668 1369 796 1437 QUI
845 1349 1312 1437 excaecaverit,
1361 1369 1508 1419 aut‘
1532 1348 1863 1420 talionem
1908 1349 2236 1448 patiatur,
2294 1370 2419 1421 aut
2464 1348 2671 1420 ducis

561 1491 774 1564 opera
803 1466 1142 1564 fungatur
1170 1493 1184 1535 ε
1225 1464 1402 1536 iuter
1430 1466 1555 1537 has
1589 1466 1761 1539 duas
1794 1493 1898 1537 res
1920 1522 1939 1557 ,
1974 1465 2261 1565 quaestio
2289 1488 2413 1538 est.
2445 1469 2679 1537 Ante-

564 1608 780 1679 quam
833 1608 1203 1680 comparo‚
1260 1581 1439 1652 illud
1489 1582 1906 1681 interrogare
1957 1583 2155 1674 volo,
2212 1582 2410 1683 cujus
2456 1608 2679 1655 causa

566 1697 892 1795 scriptam
931 1696 1158 1794 legem
1199 1722 1341 1768 esse
1380 1696 1625 1795 putas?
1656 1697 1978 1769 Dubitari
2014 1724 2157 1770 non
2192 1717 2453 1798 potest,
2490 1697 2677 1794 quin

565 1812 815 1912 scripta
846 1812 934 1885 sit
965 1813 1068 1903 ei,
1099 1838 1250 1912 quae
1279 1812 1699 1884 vindicanda
1726 1833 1863 1884 est:
1906 1838 2033 1885 nec
2064 1812 2237 1883 illud
2270 1811 2563 1911 quidem
2600 1812 2679 1883 in

567 1926 870 2000 dubium
903 1927 1168 2015 veniet,
1213 1926 1553 1998 ultionem
1588 1927 1875 2026 quidem
1913 1927 2167 1999 harum
2206 1927 2509 1999 duarum
2558 1932 2683 2020 (ut

567 2041 662 2113 ita
683 2041 1072 2141 appellem)
1101 2067 1466 2140 poenarum
1488 2066 1629 2114 esse
1650 2042 1723 2113 in
1746 2062 2074 2141 potestate
2096 2042 2447 2140 exigentis
2470 2042 2681 2132 Quid

570 2156 763 2228 enim
817 2157 1008 2230 aliud
1059 2158 1387 2256 cogitasse
1444 2158 2001 2256 legumlatorem·
2033 2158 2413 2256 putamus?
2464 2157 2681 2229 illum

573 2270 848 2369 utique,
880 2272 1002 2368 qui
1029 2292 1458 2363 excaecasset,
1487 2271 1780 2346 credidit
1808 2298 1952 2345 esse
1983 2272 2467 2372 puniendum,
2498 2272 2682 2345 adeo

571 2407 650 2459 ut
677 2414 765 2460 ne
801 2387 902 2459 illi
933 2387 1222 2488 quidem
1259 2390 1427 2490 ipsi,
1460 2389 1581 2489 qui
1614 2389 2115 2481 vindicabatur,
2150 2390 2545 2490 permiserit
2576 2410 2687 2462 to-

571 2521 720 2574 tam
755 2502 982 2602 legem
1025 2505 1387 2577 remittere.
1436 2504 1565 2578 Illa
1601 2506 1812 2605 igitur
1843 2506 1978 2577 fuit
2010 2505 2330 2605 cogitatio
2360 2533 2374 2576 :
2416 2506 2687 2578 meruit

573 2618 898 2718 quidem3
934 2621 1057 2722 qui
1094 2621 1274 2693 eruit
1305 2622 1587 2712 ocuIOS,
1624 2644 1703 2693 ut
1736 2643 1803 2692 et
1838 2621 1982 2720 ipse
2023 2620 2307 2720 perdat:
2350 2621 2405 2693 si
2438 2643 2685 2694 tamen

575 2735 896 2809 habuerit
925 2737 1483 2825 misericordem,
1511 2739 1567 2810 si
1597 2737 1916 2810 inciderit
1940 2739 2011 2808 in
2038 2765 2236 2830 eum,
2270 2737 2390 2836 qui
2420 2739 2687 2838 aliqua—

577 2870 779 2922 tenus
813 2851 1096 2924 reddere
1131 2853 1242 2924 irae
1273 2880 1412 2926 suae
1444 2853 1784 2925 rationem
1807 2867 1829 2895 ²
1863 2876 2125 2951 posset,
2163 2854 2461 2951 gratiam
2498 2855 2689 2926 refe-

581 2983 704 3035 rat.
735 2965 900 3036 Haec
933 2987 1164 3064 postea
1195 2993 1209 3037 t
1245 2966 1404 3066 eligi
1436 2994 1597 3066 ergo
1625 2967 1713 3038 ab
1746 2992 1827 3038 ea
1856 2993 2057 3066 poena
2086 2966 2326 3055 debet,
2353 2995 2510 3067 quae
2536 2995 2691 3068 gra-

579 3077 932 3152 vissimam
967 3080 1295 3181 injuriam
1335 3111 1535 3182 passa
1569 3105 1689 3156 est.
1726 3085 1901 3154 Puta
1940 3083 2122 3155 istud
2160 3111 2299 3158 esse
2330 3081 2647 3182 asperius
2670 3141 2691 3174 ,

585 3293 636 3345 Ιι.
653 3313 724 3346 m.
743 3295 960 3346 Scamm-
982 3297 1184 3349 Militia
1205 3297 1598 3373 (propugnator
1672 3315 1774 3350 suoe
1810 3301 2081 3350 tutionem.
2127 3302 2241 3351 Hoc
2280 3299 2348 3352 ad
2385 3302 2693 3353 misericor-

581 3377 724 3426 em‘m
738 3375 854 3447 fuit
876 3376 1149 3448 civitatis.)
1175 3377 1350 3429 AErod.
1674 3379 1814 3431 diam
1836 3398 1945 3432 non
1967 3381 2192 3433 sufficit:
2214 3399 2341 3432 nam
2364 3381 2467 3434 hoc
2490 3401 2619 3434 casu
2638 3397 2695 3436 et

665 3469 706 3504 ι.
747 3454 1030 3506 Fortunam
1068 3455 1206 3508 illud
1231 3471 1479 3527 putamus
1501 3459 1593 3530 fe·
1674 3463 2043 3516 immisericors
2059 3464 2143 3514 ἰηι-
2158 3480 2263 3515 suoe
2284 3463 2545 3515 rationem
2567 3463 2695 3516 red-

587 3533 721 3586 ct'sso.
743 3535 975 3598 Forsan,
985 3535 1212 3604 fortuna
1231 3536 1431 3590 elatum
1447 3550 1599 3609 puter-
1678 3539 1801 3592 dere
1830 3554 2024 3612 potest.
2054 3542 2191 3612 Lege
2218 3542 2399 3612 potius
2417 3563 2431 3592 z
2462 3545 2559 3614 qui
2590 3542 2697 3593 ali-

589 3631 704 3664 mus
721 3612 925 3685 fecisse.
947 3615 1112 3667 Gnox.
1137 3617 1435 3671 fortuitum
1465 3618 1599 3672 illud
1676 3633 1925 3695 quatenus
1949 3633 2231 3694 temperare
2255 3625 2344 3674 ἕνα·
2364 3641 2467 3674 suoe
2494 3623 2697 3674 ratione

579 3693 760 3764 fuisse.
785 3693 1002 3746 Senum.
1029 3695 1131 3747 Sed
1151 3714 1249 3748 cur
1269 3717 1405 3764 non,
1424 3698 1597 3769 fortu-
1674 3713 1855 3773 posset.
1878 3700 2004 3754 Vel:
2032 3719 2260 3754 coercere
2284 3701 2415 3753 iram
2439 3719 2589 3755 suam
2614 3721 2699 3752 m-

589 3791 714 3825 nam
735 3770 1158 3846 illudfut'sse?—-
1181 3776 1463 3830 Ultionem.
1484 3784 1596 3846 An,
1680 3785 1837 3836 tione.
1871 3783 2038 3836 Gnou.
2064 3813 2133 3822 —-
2160 3783 2418 3836 Gratiam.
2454 3787 2537 3835 An
2556 3823 2575 3850 ‚
2610 3803 2697 3835 ve-

588 3852 926 3905 electionem?
947 3853 1164 3907 Scitum.
1195 3856 1473 3928 optionem
1500 3861 1599 3912 La-
1681 3861 1867 3914 niam?
1888 3864 1959 3913 ita
1992 3864 2126 3915 bona
2154 3863 2327 3936 qratia
2342 3902 2361 3929 ,
2393 3879 2559 3935 pace,
2594 3880 2695 3934 pro

591 3935 752 3986 tinius
776 3949 826 3987 et
850 3933 1169 3989 Obrechtus.
1680 3944 1899 4010 iisdem,
1926 3959 1976 3996 et
2002 3943 2167 3996 venia.
2194 3945 2329 3996 Dein
2352 3965 2365 3995 ε
2398 3943 2508 3997 hoec
2531 3955 2699 4015 pomi

665 4029 712 4064 α.
759 4017 862 4086 Qui
899 4015 1234 4089 aliquatenus
1267 4020 1473 4072 reddere
1512 4023 1601 4073 im
1681 4021 1806 4096 eliqi
1827 4043 1872 4076 e.
1899 4045 1947 4076 a.
1974 4043 2018 4076 e.
2042 4043 2097 4096 p.
2124 4035 2177 4077 et
2198 4024 2379 4090 debet,
2400 4043 2449 4098 q.
2474 4025 2696 4078 Senon.
