<?xml version="1.0" encoding="UTF-8"?>
<!DOCTYPE html PUBLIC "-//W3C//DTD XHTML 1.0 Transitional//EN"
    "http://www.w3.org/TR/xhtml1/DTD/xhtml1-transitional.dtd">
<html xmlns="http://www.w3.org/1999/xhtml" xml:lang="en" lang="en">
 <head>
  <title>
</title>
<meta http-equiv="Content-Type" content="text/html;charset=utf-8" />
  <meta name='ocr-system' content='tesseract 3.04.00' />
  <meta name='ocr-capabilities' content='ocr_page ocr_carea ocr_par ocr_line ocrx_word'/>
</head>
<body>
  <div class='ocr_page' id='page_1' title='image "./marcusfabiusqui06spalgoog_0057.png"; bbox 0 0 2855 4871; ppageno 0'>
   <div class='ocr_carea' id='block_1_1' title="bbox 583 397 2150 495">
    <p class='ocr_par' dir='ltr' id='par_1_1' title="bbox 583 397 2150 495">
     <span class='ocr_line' id='line_1_1' title="bbox 583 397 2150 495; baseline -0.002 -31"><span class='ocrx_word' id='word_1_1' title='bbox 583 402 666 495; x_wconf 70' lang='grc'><strong>48</strong></span> <span class='ocrx_word' id='word_1_2' title='bbox 1085 400 1181 462; x_wconf 89' lang='grc' dir='ltr'><strong>Μ.</strong></span> <span class='ocrx_word' id='word_1_3' title='bbox 1229 398 1477 461; x_wconf 83' lang='lat' dir='ltr'>FABII</span> <span class='ocrx_word' id='word_1_4' title='bbox 1523 397 2150 479; x_wconf 75' lang='lat' dir='ltr'><strong>QUINTILIANI</strong></span> 
     </span>
    </p>
   </div>
   <div class='ocr_carea' id='block_1_2' title="bbox 569 515 2709 2696">
    <p class='ocr_par' dir='ltr' id='par_1_2' title="bbox 569 515 2709 2696">
     <span class='ocr_line' id='line_1_2' title="bbox 581 515 2671 618; baseline -0.002 -25"><span class='ocrx_word' id='word_1_5' title='bbox 581 521 950 610; x_wconf 84' lang='lat' dir='ltr'><strong>discutere,</strong></span> <span class='ocrx_word' id='word_1_6' title='bbox 981 539 1326 618; x_wconf 87' lang='lat' dir='ltr'><strong>quantum</strong></span> <span class='ocrx_word' id='word_1_7' title='bbox 1355 518 1429 588; x_wconf 90' lang='lat' dir='ltr'><strong>in</strong></span> <span class='ocrx_word' id='word_1_8' title='bbox 1462 516 1611 615; x_wconf 84' lang='lat' dir='ltr'><strong>ipso</strong></span> <span class='ocrx_word' id='word_1_9' title='bbox 1640 538 1815 607; x_wconf 88' lang='lat' dir='ltr'><strong>erat,</strong></span> <span class='ocrx_word' id='word_1_10' title='bbox 1853 515 2091 589; x_wconf 88' lang='lat' dir='ltr'><strong>voluit.</strong></span> <span class='ocrx_word' id='word_1_11' title='bbox 2116 516 2364 590; x_wconf 87' lang='lat' dir='ltr'><strong>Nescio</strong></span> <span class='ocrx_word' id='word_1_12' title='bbox 2390 544 2485 590; x_wconf 87' lang='lat' dir='ltr'><strong>an</strong></span> <span class='ocrx_word' id='word_1_13' title='bbox 2510 517 2671 617; x_wconf 82' lang='lat' dir='ltr'><strong>plus</strong></span> 
     </span>
     <span class='ocr_line' id='line_1_3' title="bbox 581 631 2672 731; baseline -0.002 -22"><span class='ocrx_word' id='word_1_14' title='bbox 581 637 986 725; x_wconf 81' lang='lat' dir='ltr'><strong>debeamus,</strong></span> <span class='ocrx_word' id='word_1_15' title='bbox 1020 634 1075 705; x_wconf 87' lang='lat' dir='ltr'><strong>si</strong></span> <span class='ocrx_word' id='word_1_16' title='bbox 1107 634 1194 706; x_wconf 88' lang='lat' dir='ltr'><strong>ad</strong></span> <span class='ocrx_word' id='word_1_17' title='bbox 1237 631 1583 704; x_wconf 87' lang='lat' dir='ltr'><strong>indicium</strong></span> <span class='ocrx_word' id='word_1_18' title='bbox 1620 658 1763 703; x_wconf 89' lang='lat' dir='ltr'><strong>non</strong></span> <span class='ocrx_word' id='word_1_19' title='bbox 1799 632 1995 704; x_wconf 85' lang='lat' dir='ltr'><strong>certis</strong></span> <span class='ocrx_word' id='word_1_20' title='bbox 2037 633 2465 730; x_wconf 76' lang='lat' dir='ltr'><strong>argumentis</strong></span> <span class='ocrx_word' id='word_1_21' title='bbox 2504 660 2672 731; x_wconf 87' lang='lat' dir='ltr'><strong>per-</strong></span> 
     </span>
     <span class='ocr_line' id='line_1_4' title="bbox 580 745 2674 846; baseline -0.003 -21"><span class='ocrx_word' id='word_1_22' title='bbox 580 751 830 826; x_wconf 87' lang='lat' dir='ltr'><strong>ductus</strong></span> <span class='ocrx_word' id='word_1_23' title='bbox 857 751 981 822; x_wconf 81' lang='lat' dir='ltr'><strong>sit:</strong></span> <span class='ocrx_word' id='word_1_24' title='bbox 1026 777 1192 821; x_wconf 87' lang='lat' dir='ltr'><strong>nam</strong></span> <span class='ocrx_word' id='word_1_25' title='bbox 1227 749 1281 819; x_wconf 87' lang='lat' dir='ltr'><strong>si</strong></span> <span class='ocrx_word' id='word_1_26' title='bbox 1325 748 1687 821; x_wconf 83' lang='lat' dir='ltr'><strong>manifesta</strong></span> <span class='ocrx_word' id='word_1_27' title='bbox 1719 746 2105 836; x_wconf 81' lang='lat' dir='ltr'><strong>detulisset3</strong></span> <span class='ocrx_word' id='word_1_28' title='bbox 2136 745 2193 818; x_wconf 87' lang='lat' dir='ltr'><strong>si</strong></span> <span class='ocrx_word' id='word_1_29' title='bbox 2230 774 2342 836; x_wconf 83' lang='lat' dir='ltr'><strong>ea,</strong></span> <span class='ocrx_word' id='word_1_30' title='bbox 2381 748 2468 819; x_wconf 84' lang='lat' dir='ltr'><strong>de</strong></span> <span class='ocrx_word' id='word_1_31' title='bbox 2506 749 2674 846; x_wconf 86' lang='lat' dir='ltr'><strong>qui-</strong></span> 
     </span>
     <span class='ocr_line' id='line_1_5' title="bbox 578 854 2674 965; baseline -0.003 -24"><span class='ocrx_word' id='word_1_32' title='bbox 578 868 709 957; x_wconf 83' lang='lat' dir='ltr'><strong>bus</strong></span> <span class='ocrx_word' id='word_1_33' title='bbox 751 866 1069 940; x_wconf 88' lang='lat' dir='ltr'><strong>dubitare</strong></span> <span class='ocrx_word' id='word_1_34' title='bbox 1111 892 1320 939; x_wconf 87' lang='lat' dir='ltr'><strong>nemo</strong></span> <span class='ocrx_word' id='word_1_35' title='bbox 1369 885 1688 947; x_wconf 84' lang='lat' dir='ltr'><strong>nostrum</strong></span> <span class='ocrx_word' id='word_1_36' title='bbox 1736 874 1991 965; x_wconf 73' lang='lat' dir='ltr'><strong>posset,</strong></span> <span class='ocrx_word' id='word_1_37' title='bbox 2041 854 2427 936; x_wconf 86' lang='lat' dir='ltr'><strong>crederetur</strong></span> <span class='ocrx_word' id='word_1_38' title='bbox 2468 864 2674 961; x_wconf 90' lang='lat' dir='ltr'><strong>cupi-</strong></span> 
     </span>
     <span class='ocr_line' id='line_1_6' title="bbox 579 978 2672 1078; baseline -0.002 -23"><span class='ocrx_word' id='word_1_39' title='bbox 579 984 788 1055; x_wconf 83' lang='lat' dir='ltr'>ditate</span> <span class='ocrx_word' id='word_1_40' title='bbox 821 981 1154 1054; x_wconf 88' lang='lat' dir='ltr'><strong>manendi</strong></span> <span class='ocrx_word' id='word_1_41' title='bbox 1190 981 1260 1053; x_wconf 88' lang='lat' dir='ltr'><strong>in</strong></span> <span class='ocrx_word' id='word_1_42' title='bbox 1305 980 1572 1052; x_wconf 84' lang='lat' dir='ltr'><strong>civitate</strong></span> <span class='ocrx_word' id='word_1_43' title='bbox 1618 980 1880 1052; x_wconf 87' lang='lat' dir='ltr'><strong>fecisse.</strong></span> <span class='ocrx_word' id='word_1_44' title='bbox 1928 978 2164 1052; x_wconf 89' lang='lat' dir='ltr'><strong>Solam</strong></span> <span class='ocrx_word' id='word_1_45' title='bbox 2212 980 2540 1078; x_wconf 84' lang='lat' dir='ltr'><strong>pietatem</strong></span> <span class='ocrx_word' id='word_1_46' title='bbox 2589 980 2672 1049; x_wconf 90' lang='lat' dir='ltr'><strong>in</strong></span> 
     </span>
     <span class='ocr_line' id='line_1_7' title="bbox 576 1096 2709 1195; baseline -0.003 -23"><span class='ocrx_word' id='word_1_47' title='bbox 576 1127 780 1173; x_wconf 84' lang='lat' dir='ltr'><strong>causa</strong></span> <span class='ocrx_word' id='word_1_48' title='bbox 816 1099 1054 1171; x_wconf 86' lang='lat' dir='ltr'><strong>indicii</strong></span> <span class='ocrx_word' id='word_1_49' title='bbox 1089 1097 1367 1186; x_wconf 80' lang='lat' dir='ltr'><strong>habuit,</strong></span> <span class='ocrx_word' id='word_1_50' title='bbox 1397 1097 1517 1195; x_wconf 89' lang='lat' dir='ltr'><strong>qui</strong></span> <span class='ocrx_word' id='word_1_51' title='bbox 1555 1097 1627 1168; x_wconf 87' lang='lat' dir='ltr'><strong>in</strong></span> <span class='ocrx_word' id='word_1_52' title='bbox 1658 1098 1905 1169; x_wconf 84' lang='lat' dir='ltr'><strong>urbem</strong></span> <span class='ocrx_word' id='word_1_53' title='bbox 1941 1096 2185 1169; x_wconf 83' lang='lat' dir='ltr'><strong>detulit</strong></span> <span class='ocrx_word' id='word_1_54' title='bbox 2211 1096 2441 1187; x_wconf 87' lang='lat' dir='ltr'><strong>litem,</strong></span> <span class='ocrx_word' id='word_1_55' title='bbox 2476 1118 2543 1167; x_wconf 90' lang='lat' dir='ltr'><strong>et</strong></span> <span class='ocrx_word' id='word_1_56' title='bbox 2584 1096 2709 1167; x_wconf 81' lang='lat' dir='ltr'><strong>li-‘</strong></span> 
     </span>
     <span class='ocr_line' id='line_1_8' title="bbox 575 1212 2671 1316; baseline -0.002 -28"><span class='ocrx_word' id='word_1_57' title='bbox 575 1236 717 1307; x_wconf 84' lang='lat' dir='ltr'><strong>tem</strong></span> <span class='ocrx_word' id='word_1_58' title='bbox 759 1216 1086 1316; x_wconf 87' lang='lat' dir='ltr'><strong>injustam</strong></span> <span class='ocrx_word' id='word_1_59' title='bbox 1107 1228 1124 1258; x_wconf 88' lang='lat'>¹</span> <span class='ocrx_word' id='word_1_60' title='bbox 1169 1212 1606 1286; x_wconf 87' lang='lat' dir='ltr'><strong>conditione:</strong></span> <span class='ocrx_word' id='word_1_61' title='bbox 1640 1240 1721 1285; x_wconf 82' lang='lat' dir='ltr'><strong>ex</strong></span> <span class='ocrx_word' id='word_1_62' title='bbox 1744 1212 1958 1285; x_wconf 89' lang='lat' dir='ltr'><strong>altera</strong></span> <span class='ocrx_word' id='word_1_63' title='bbox 1986 1233 2177 1312; x_wconf 85' lang='lat' dir='ltr'><strong>parte</strong></span> <span class='ocrx_word' id='word_1_64' title='bbox 2200 1212 2421 1303; x_wconf 69' lang='lat' dir='ltr'><strong>solur»,</strong></span> <span class='ocrx_word' id='word_1_65' title='bbox 2447 1233 2514 1285; x_wconf 92' lang='lat' dir='ltr'><strong>et</strong></span> <span class='ocrx_word' id='word_1_66' title='bbox 2542 1239 2671 1284; x_wconf 84' lang='lat' dir='ltr'><strong>ex-</strong></span> 
     </span>
     <span class='ocr_line' id='line_1_9' title="bbox 574 1330 2667 1430; baseline -0.001 -27"><span class='ocrx_word' id='word_1_67' title='bbox 574 1333 718 1422; x_wconf 84' lang='lat' dir='ltr'><strong>sul,</strong></span> <span class='ocrx_word' id='word_1_68' title='bbox 747 1330 1160 1419; x_wconf 89' lang='lat' dir='ltr'><strong>damnatus;</strong></span> <span class='ocrx_word' id='word_1_69' title='bbox 1196 1357 1274 1402; x_wconf 84' lang='lat' dir='ltr'><strong>ex</strong></span> <span class='ocrx_word' id='word_1_70' title='bbox 1306 1330 1517 1403; x_wconf 87' lang='lat' dir='ltr'><strong>altera</strong></span> <span class='ocrx_word' id='word_1_71' title='bbox 1547 1351 1738 1430; x_wconf 88' lang='lat' dir='ltr'><strong>parte</strong></span> <span class='ocrx_word' id='word_1_72' title='bbox 1763 1330 1975 1402; x_wconf 87' lang='lat' dir='ltr'><strong>homo</strong></span> <span class='ocrx_word' id='word_1_73' title='bbox 2000 1350 2277 1429; x_wconf 63' lang='lat' dir='ltr'><strong>potem,</strong></span> <span class='ocrx_word' id='word_1_74' title='bbox 2307 1330 2667 1428; x_wconf 79' lang='lat' dir='ltr'><strong>gratiosus,</strong></span> 
     </span>
     <span class='ocr_line' id='line_1_10' title="bbox 575 1445 2670 1547; baseline -0.001 -28"><span class='ocrx_word' id='word_1_75' title='bbox 575 1450 847 1520; x_wconf 84' lang='lat' dir='ltr'><strong>Omnes</strong></span> <span class='ocrx_word' id='word_1_76' title='bbox 882 1448 1006 1520; x_wconf 85' lang='lat' dir='ltr'><strong>ista</strong></span> <span class='ocrx_word' id='word_1_77' title='bbox 1034 1447 1404 1547; x_wconf 77' lang='lat' dir='ltr'>diligenter</span> <span class='ocrx_word' id='word_1_78' title='bbox 1434 1446 1867 1546; x_wconf 83' lang='lat' dir='ltr'><strong>perpendite:</strong></span> <span class='ocrx_word' id='word_1_79' title='bbox 1906 1445 2309 1544; x_wconf 76' lang='lat' dir='ltr'><strong>intelligetis·</strong></span> <span class='ocrx_word' id='word_1_80' title='bbox 2343 1471 2486 1517; x_wconf 88' lang='lat' dir='ltr'><strong>non</strong></span> <span class='ocrx_word' id='word_1_81' title='bbox 2520 1471 2670 1517; x_wconf 81' lang='lat' dir='ltr'><strong>esse</strong></span> 
     </span>
     <span class='ocr_line' id='line_1_11' title="bbox 574 1560 2667 1660; baseline -0 -27"><span class='ocrx_word' id='word_1_82' title='bbox 574 1562 942 1634; x_wconf 82' lang='lat' dir='ltr'><strong>sententias</strong></span> <span class='ocrx_word' id='word_1_83' title='bbox 971 1588 1186 1660; x_wconf 72' lang='lat' dir='ltr'><strong>pares·</strong></span> <span class='ocrx_word' id='word_1_84' title='bbox 1217 1561 1415 1652; x_wconf 89' lang='lat' dir='ltr'><strong>Quid</strong></span> <span class='ocrx_word' id='word_1_85' title='bbox 1461 1582 1559 1633; x_wconf 84' lang='lat' dir='ltr'><strong>est</strong></span> <span class='ocrx_word' id='word_1_86' title='bbox 1590 1560 1845 1659; x_wconf 77' lang='lat' dir='ltr'><strong>igitur?</strong></span> <span class='ocrx_word' id='word_1_87' title='bbox 1889 1588 2016 1659; x_wconf 81' lang='lat' dir='ltr'><strong>ego</strong></span> <span class='ocrx_word' id='word_1_88' title='bbox 2060 1560 2266 1632; x_wconf 85' lang='lat' dir='ltr'><strong>etiam</strong></span> <span class='ocrx_word' id='word_1_89' title='bbox 2310 1587 2435 1657; x_wconf 90' lang='lat' dir='ltr'><strong>pro</strong></span> <span class='ocrx_word' id='word_1_90' title='bbox 2476 1560 2667 1658; x_wconf 86' lang='lat' dir='ltr'><strong>ipso,</strong></span> 
     </span>
     <span class='ocr_line' id='line_1_12' title="bbox 574 1676 2673 1775; baseline 0 -28"><span class='ocrx_word' id='word_1_91' title='bbox 574 1678 696 1775; x_wconf 87' lang='lat' dir='ltr'><strong>qui</strong></span> <span class='ocrx_word' id='word_1_92' title='bbox 715 1677 1072 1749; x_wconf 83' lang='lat' dir='ltr'><strong>absolutus</strong></span> <span class='ocrx_word' id='word_1_93' title='bbox 1099 1699 1229 1767; x_wconf 83' lang='lat' dir='ltr'><strong>est,</strong></span> <span class='ocrx_word' id='word_1_94' title='bbox 1256 1705 1403 1768; x_wconf 81' lang='lat' dir='ltr'><strong>reu,</strong></span> <span class='ocrx_word' id='word_1_95' title='bbox 1426 1677 1741 1749; x_wconf 88' lang='lat' dir='ltr'><strong>existimo</strong></span> <span class='ocrx_word' id='word_1_96' title='bbox 1776 1704 1919 1749; x_wconf 81' lang='lat' dir='ltr'><strong>esse</strong></span> <span class='ocrx_word' id='word_1_97' title='bbox 1944 1676 2441 1749; x_wconf 84' lang='lat' dir='ltr'><strong>manere&#39;hunc</strong></span> <span class='ocrx_word' id='word_1_98' title='bbox 2468 1676 2540 1746; x_wconf 86' lang='lat' dir='ltr'><strong>in</strong></span> <span class='ocrx_word' id='word_1_99' title='bbox 2566 1677 2673 1748; x_wconf 89' lang='lat' dir='ltr'><strong>ci-</strong></span> 
     </span>
     <span class='ocr_line' id='line_1_13' title="bbox 571 1792 2671 1893; baseline 0.001 -30"><span class='ocrx_word' id='word_1_100' title='bbox 571 1792 812 1867; x_wconf 80' lang='lat' dir='ltr'><strong>vitate?</strong></span> <span class='ocrx_word' id='word_1_101' title='bbox 844 1793 1025 1865; x_wconf 85' lang='lat' dir='ltr'><strong>Illud</strong></span> <span class='ocrx_word' id='word_1_102' title='bbox 1053 1794 1281 1866; x_wconf 85' lang='lat' dir='ltr'><strong>dicere</strong></span> <span class='ocrx_word' id='word_1_103' title='bbox 1311 1821 1437 1893; x_wconf 90' lang='lat' dir='ltr'><strong>pro</strong></span> <span class='ocrx_word' id='word_1_104' title='bbox 1464 1794 1817 1893; x_wconf 86' lang='lat' dir='ltr'><strong>republica</strong></span> <span class='ocrx_word' id='word_1_105' title='bbox 1838 1793 1996 1865; x_wconf 85' lang='lat' dir='ltr'><strong>satis</strong></span> <span class='ocrx_word' id='word_1_106' title='bbox 2020 1812 2195 1882; x_wconf 85' lang='lat' dir='ltr'><strong>erat,</strong></span> <span class='ocrx_word' id='word_1_107' title='bbox 2217 1792 2561 1865; x_wconf 81' lang='lat' dir='ltr'><strong>habemus</strong></span> <span class='ocrx_word' id='word_1_108' title='bbox 2587 1792 2671 1865; x_wconf 86' lang='lat' dir='ltr'><strong>in</strong></span> 
     </span>
     <span class='ocr_line' id='line_1_14' title="bbox 572 1908 2695 2008; baseline 0 -29"><span class='ocrx_word' id='word_1_109' title='bbox 572 1908 834 1980; x_wconf 88' lang='lat' dir='ltr'><strong>civitate</strong></span> <span class='ocrx_word' id='word_1_110' title='bbox 869 1909 1250 1981; x_wconf 88' lang='lat' dir='ltr'><strong>custodem.</strong></span> <span class='ocrx_word' id='word_1_111' title='bbox 1291 1910 1588 2008; x_wconf 90' lang='lat' dir='ltr'><strong>Inquirit</strong></span> <span class='ocrx_word' id='word_1_112' title='bbox 1618 1908 1878 1981; x_wconf 85' lang='lat' dir='ltr'><strong>adhuc:</strong></span> <span class='ocrx_word' id='word_1_113' title='bbox 1923 1909 2208 1981; x_wconf 83' lang='lat' dir='ltr'><strong>forsitan</strong></span> <span class='ocrx_word' id='word_1_114' title='bbox 2243 1908 2480 1981; x_wconf 87' lang='lat' dir='ltr'><strong>omnia</strong></span> <span class='ocrx_word' id='word_1_115' title='bbox 2516 1914 2695 1979; x_wconf 64' lang='lat' dir='ltr'><strong>tam*</strong></span> 
     </span>
     <span class='ocr_line' id='line_1_15' title="bbox 569 2021 2673 2123; baseline 0 -30"><span class='ocrx_word' id='word_1_116' title='bbox 569 2022 802 2094; x_wconf 87' lang='lat' dir='ltr'><strong>videre</strong></span> <span class='ocrx_word' id='word_1_117' title='bbox 834 2051 973 2097; x_wconf 88' lang='lat' dir='ltr'><strong>non</strong></span> <span class='ocrx_word' id='word_1_118' title='bbox 1017 2024 1244 2123; x_wconf 90' lang='lat' dir='ltr'><strong>potuit</strong></span> <span class='ocrx_word' id='word_1_119' title='bbox 1287 2024 1508 2115; x_wconf 82' lang='lat' dir='ltr'><strong>exsul,</strong></span> <span class='ocrx_word' id='word_1_120' title='bbox 1544 2052 1689 2095; x_wconf 85' lang='lat' dir='ltr'><strong>non</strong></span> <span class='ocrx_word' id='word_1_121' title='bbox 1724 2024 1965 2096; x_wconf 89' lang='lat' dir='ltr'><strong>omnia</strong></span> <span class='ocrx_word' id='word_1_122' title='bbox 2000 2042 2145 2095; x_wconf 87' lang='lat' dir='ltr'><strong>tam</strong></span> <span class='ocrx_word' id='word_1_123' title='bbox 2180 2021 2360 2094; x_wconf 86' lang='lat' dir='ltr'><strong>clare</strong></span> <span class='ocrx_word' id='word_1_124' title='bbox 2402 2024 2673 2121; x_wconf 87' lang='lat' dir='ltr'><strong>perspi-</strong></span> 
     </span>
     <span class='ocr_line' id='line_1_16' title="bbox 572 2135 2669 2237; baseline -0.001 -28"><span class='ocrx_word' id='word_1_125' title='bbox 572 2163 761 2210; x_wconf 87' lang='lat' dir='ltr'><strong>cere:</strong></span> <span class='ocrx_word' id='word_1_126' title='bbox 793 2138 924 2210; x_wconf 88' lang='lat' dir='ltr'><strong>hoc</strong></span> <span class='ocrx_word' id='word_1_127' title='bbox 955 2138 1215 2211; x_wconf 86' lang='lat' dir='ltr'><strong>visuri²</strong></span> <span class='ocrx_word' id='word_1_128' title='bbox 1246 2164 1372 2237; x_wconf 89' lang='lat' dir='ltr'><strong>pro</strong></span> <span class='ocrx_word' id='word_1_129' title='bbox 1407 2138 1739 2235; x_wconf 89' lang='lat' dir='ltr'><strong>opinione</strong></span> <span class='ocrx_word' id='word_1_130' title='bbox 1775 2137 1957 2237; x_wconf 74' lang='lat' dir='ltr'><strong>eju5‚</strong></span> <span class='ocrx_word' id='word_1_131' title='bbox 1987 2136 2108 2237; x_wconf 90' lang='lat' dir='ltr'><strong>qui</strong></span> <span class='ocrx_word' id='word_1_132' title='bbox 2134 2135 2492 2208; x_wconf 84' lang='lat' dir='ltr'><strong>absolutus</strong></span> <span class='ocrx_word' id='word_1_133' title='bbox 2524 2156 2669 2227; x_wconf 86' lang='lat' dir='ltr'><strong>est,</strong></span> 
     </span>
     <span class='ocr_line' id='line_1_17' title="bbox 571 2251 2671 2351; baseline -0 -29"><span class='ocrx_word' id='word_1_134' title='bbox 571 2278 714 2324; x_wconf 89' lang='lat' dir='ltr'><strong>non</strong></span> <span class='ocrx_word' id='word_1_135' title='bbox 761 2253 1142 2343; x_wconf 84' lang='lat' dir='ltr'><strong>timebitur,</strong></span> <span class='ocrx_word' id='word_1_136' title='bbox 1189 2252 1533 2351; x_wconf 87' lang='lat' dir='ltr'><strong>quamdiu</strong></span> <span class='ocrx_word' id='word_1_137' title='bbox 1568 2251 1681 2324; x_wconf 87' lang='lat' dir='ltr'><strong>hic</strong></span> <span class='ocrx_word' id='word_1_138' title='bbox 1719 2253 1923 2325; x_wconf 87' lang='lat' dir='ltr'><strong>fuerit</strong></span> <span class='ocrx_word' id='word_1_139' title='bbox 1976 2253 2049 2323; x_wconf 88' lang='lat' dir='ltr'><strong>in</strong></span> <span class='ocrx_word' id='word_1_140' title='bbox 2097 2251 2383 2323; x_wconf 87' lang='lat' dir='ltr'><strong>civitate.</strong></span> <span class='ocrx_word' id='word_1_141' title='bbox 2434 2252 2671 2322; x_wconf 86' lang='lat' dir='ltr'><strong>Immo</strong></span> 
     </span>
     <span class='ocr_line' id='line_1_18' title="bbox 569 2364 2673 2467; baseline -0 -32"><span class='ocrx_word' id='word_1_142' title='bbox 569 2365 851 2467; x_wconf 65' lang='lat' dir='ltr'><strong>hercule</strong></span> <span class='ocrx_word' id='word_1_143' title='bbox 885 2369 940 2440; x_wconf 89' lang='lat' dir='ltr'><strong>si</strong></span> <span class='ocrx_word' id='word_1_144' title='bbox 979 2367 1311 2440; x_wconf 85' lang='lat' dir='ltr'><strong>mentitus</strong></span> <span class='ocrx_word' id='word_1_145' title='bbox 1347 2387 1478 2457; x_wconf 87' lang='lat' dir='ltr'><strong>est,</strong></span> <span class='ocrx_word' id='word_1_146' title='bbox 1512 2368 1567 2440; x_wconf 89' lang='lat' dir='ltr'><strong>si</strong></span> <span class='ocrx_word' id='word_1_147' title='bbox 1600 2368 1837 2440; x_wconf 87' lang='lat' dir='ltr'><strong>fictum</strong></span> <span class='ocrx_word' id='word_1_148' title='bbox 1873 2366 2121 2439; x_wconf 87' lang='lat' dir='ltr'><strong>detulit</strong></span> <span class='ocrx_word' id='word_1_149' title='bbox 2156 2365 2459 2452; x_wconf 82' lang='lat' dir='ltr'><strong>crimen3</strong></span> <span class='ocrx_word' id='word_1_150' title='bbox 2501 2364 2673 2435; x_wconf 86' lang='lat' dir='ltr'><strong>satis</strong></span> 
     </span>
     <span class='ocr_line' id='line_1_19' title="bbox 570 2479 2689 2581; baseline -0.001 -29"><span class='ocrx_word' id='word_1_151' title='bbox 570 2479 836 2580; x_wconf 88' lang='lat' dir='ltr'><strong>alioqui</strong></span> <span class='ocrx_word' id='word_1_152' title='bbox 877 2479 1159 2553; x_wconf 84' lang='lat' dir='ltr'><strong>daturus</strong></span> <span class='ocrx_word' id='word_1_153' title='bbox 1194 2502 1291 2553; x_wconf 86' lang='lat' dir='ltr'><strong>est</strong></span> <span class='ocrx_word' id='word_1_154' title='bbox 1327 2509 1689 2581; x_wconf 84' lang='lat' dir='ltr'><strong>poenarum</strong></span> <span class='ocrx_word' id='word_1_155' title='bbox 1727 2481 1906 2555; x_wconf 89' lang='lat' dir='ltr'><strong>inter</strong></span> <span class='ocrx_word' id='word_1_156' title='bbox 1942 2480 2261 2553; x_wconf 88' lang='lat' dir='ltr'><strong>inimicos</strong></span> <span class='ocrx_word' id='word_1_157' title='bbox 2302 2495 2689 2579; x_wconf 71' lang='lat' dir='ltr'><strong>potente8,&#39;</strong></span> 
     </span>
     <span class='ocr_line' id='line_1_20' title="bbox 569 2597 1363 2696; baseline 0.001 -28"><span class='ocrx_word' id='word_1_158' title='bbox 569 2618 637 2669; x_wconf 87' lang='lat' dir='ltr'><strong>et</strong></span> <span class='ocrx_word' id='word_1_159' title='bbox 665 2598 986 2680; x_wconf 83' lang='lat' dir='ltr'><strong>inimicos</strong></span> <span class='ocrx_word' id='word_1_160' title='bbox 1015 2597 1363 2696; x_wconf 75' lang='lat' dir='ltr'><strong>gratiosos,</strong></span> 
     </span>
    </p>
   </div>
   <div class='ocr_carea' id='block_1_3' title="bbox 1430 2803 1797 2870">
    <p class='ocr_par' dir='ltr' id='par_1_3' title="bbox 1430 2803 1797 2870">
     <span class='ocr_line' id='line_1_21' title="bbox 1430 2803 1797 2870; baseline -0.005 0"><span class='ocrx_word' id='word_1_161' title='bbox 1430 2803 1797 2870; x_wconf 86' lang='lat' dir='ltr'><strong>SERMO.</strong></span> 
     </span>
    </p>
   </div>
   <div class='ocr_carea' id='block_1_4' title="bbox 567 2961 2671 3425">
    <p class='ocr_par' dir='ltr' id='par_1_4' title="bbox 567 2961 2671 3240">
     <span class='ocr_line' id='line_1_22' title="bbox 655 2961 2671 3052; baseline -0.001 -24"><span class='ocrx_word' id='word_1_162' title='bbox 655 2965 894 3028; x_wconf 80' lang='lat' dir='ltr'><strong>Totam</strong></span> <span class='ocrx_word' id='word_1_163' title='bbox 932 2981 1154 3030; x_wconf 87' lang='lat' dir='ltr'><strong>autem</strong></span> <span class='ocrx_word' id='word_1_164' title='bbox 1193 2966 1492 3030; x_wconf 81' lang='lat' dir='ltr'><strong>existimo</strong></span> <span class='ocrx_word' id='word_1_165' title='bbox 1530 2962 2049 3030; x_wconf 88' lang='lat' dir='ltr'><strong>commodiorem</strong></span> <span class='ocrx_word' id='word_1_166' title='bbox 2086 2985 2231 3030; x_wconf 79' lang='lat' dir='ltr'><strong>esse</strong></span> <span class='ocrx_word' id='word_1_167' title='bbox 2262 2979 2520 3052; x_wconf 84' lang='lat' dir='ltr'><strong>partem</strong></span> <span class='ocrx_word' id='word_1_168' title='bbox 2558 2961 2671 3027; x_wconf 91' lang='lat' dir='ltr'><strong>di-</strong></span> 
     </span>
     <span class='ocr_line' id='line_1_23' title="bbox 567 3068 2671 3160; baseline 0 -27"><span class='ocrx_word' id='word_1_169' title='bbox 567 3091 860 3157; x_wconf 63' lang='lat' dir='ltr'><strong>yersam:</strong></span> <span class='ocrx_word' id='word_1_170' title='bbox 897 3068 1144 3134; x_wconf 85' lang='lat' dir='ltr'><strong>suadeo</strong></span> <span class='ocrx_word' id='word_1_171' title='bbox 1172 3069 1308 3150; x_wconf 85' lang='lat' dir='ltr'><strong>his,</strong></span> <span class='ocrx_word' id='word_1_172' title='bbox 1349 3071 1465 3160; x_wconf 90' lang='lat' dir='ltr'><strong>qui</strong></span> <span class='ocrx_word' id='word_1_173' title='bbox 1495 3068 1735 3136; x_wconf 88' lang='lat' dir='ltr'><strong>dicturi</strong></span> <span class='ocrx_word' id='word_1_174' title='bbox 1769 3086 1956 3149; x_wconf 86' lang='lat' dir='ltr'><strong>sunt,</strong></span> <span class='ocrx_word' id='word_1_175' title='bbox 1990 3071 2059 3134; x_wconf 86' lang='lat' dir='ltr'><strong>in</strong></span> <span class='ocrx_word' id='word_1_176' title='bbox 2090 3068 2270 3133; x_wconf 85' lang='lat' dir='ltr'><strong>illam</strong></span> <span class='ocrx_word' id='word_1_177' title='bbox 2300 3069 2523 3157; x_wconf 86' lang='lat' dir='ltr'><strong>potius</strong></span> <span class='ocrx_word' id='word_1_178' title='bbox 2556 3071 2671 3133; x_wconf 87' lang='lat' dir='ltr'><strong>in-</strong></span> 
     </span>
     <span class='ocr_line' id='line_1_24' title="bbox 567 3175 898 3240; baseline -0.006 0"><span class='ocrx_word' id='word_1_179' title='bbox 567 3175 898 3240; x_wconf 86' lang='lat' dir='ltr'><strong>cumbant.</strong></span> 
     </span>
    </p>

    <p class='ocr_par' dir='ltr' id='par_1_5' title="bbox 645 3351 2669 3425">
     <span class='ocr_line' id='line_1_25' title="bbox 645 3351 2669 3425; baseline 0 -22"><span class='ocrx_word' id='word_1_180' title='bbox 645 3367 691 3403; x_wconf 82' lang='grc' dir='ltr'><strong>ι.</strong></span> <span class='ocrx_word' id='word_1_181' title='bbox 717 3351 990 3424; x_wconf 80' lang='lat' dir='ltr'><strong>Injustam.</strong></span> <span class='ocrx_word' id='word_1_182' title='bbox 1015 3353 1220 3425; x_wconf 73' lang='lat' dir='ltr'><strong>Injusta</strong></span> <span class='ocrx_word' id='word_1_183' title='bbox 1246 3352 1573 3419; x_wconf 73' lang='lat' dir='ltr'><strong>conditione,</strong></span> <span class='ocrx_word' id='word_1_184' title='bbox 1728 3371 1775 3405; x_wconf 82' lang='lat'><strong>2.</strong></span> <span class='ocrx_word' id='word_1_185' title='bbox 1804 3353 1920 3406; x_wconf 82' lang='lat' dir='ltr'><strong>Hoc</strong></span> <span class='ocrx_word' id='word_1_186' title='bbox 1952 3353 2127 3405; x_wconf 73' lang='lat' dir='ltr'><strong>visuri.</strong></span> <span class='ocrx_word' id='word_1_187' title='bbox 2156 3353 2273 3404; x_wconf 82' lang='lat' dir='ltr'><strong>Hoc</strong></span> <span class='ocrx_word' id='word_1_188' title='bbox 2302 3352 2456 3404; x_wconf 77' lang='lat' dir='ltr'><strong>usuri.</strong></span> <span class='ocrx_word' id='word_1_189' title='bbox 2492 3351 2669 3404; x_wconf 76' lang='lat' dir='ltr'><strong>Pom</strong></span> 
     </span>
    </p>
   </div>
   <div class='ocr_carea' id='block_1_5' title="bbox 567 3431 2671 3588">
    <p class='ocr_par' dir='ltr' id='par_1_6' title="bbox 567 3431 2671 3588">
     <span class='ocr_line' id='line_1_26' title="bbox 567 3431 2671 3508; baseline 0.001 -24"><span class='ocrx_word' id='word_1_190' title='bbox 567 3431 624 3484; x_wconf 76' lang='lat' dir='ltr'><strong>id</strong></span> <span class='ocrx_word' id='word_1_191' title='bbox 659 3445 769 3498; x_wconf 74' lang='lat' dir='ltr'><strong>est,</strong></span> <span class='ocrx_word' id='word_1_192' title='bbox 806 3433 995 3506; x_wconf 69' lang='lat' dir='ltr'><strong>qnwi,·</strong></span> <span class='ocrx_word' id='word_1_193' title='bbox 1030 3448 1088 3485; x_wconf 84' lang='lat' dir='ltr'><strong>ut</strong></span> <span class='ocrx_word' id='word_1_194' title='bbox 1129 3435 1350 3506; x_wconf 73' lang='lat' dir='ltr'><strong>injustus</strong></span> <span class='ocrx_word' id='word_1_195' title='bbox 1373 3434 1571 3506; x_wconf 75' lang='lat' dir='ltr'><strong>fascis,</strong></span> <span class='ocrx_word' id='word_1_196' title='bbox 1654 3436 1996 3508; x_wconf 77' lang='lat' dir='ltr'><strong>oppressiones</strong></span> <span class='ocrx_word' id='word_1_197' title='bbox 2012 3436 2144 3505; x_wconf 75' lang='lat' dir='ltr'><strong>eius,</strong></span> <span class='ocrx_word' id='word_1_198' title='bbox 2164 3453 2217 3505; x_wconf 79' lang='lat' dir='ltr'><strong>q.</strong></span> <span class='ocrx_word' id='word_1_199' title='bbox 2236 3453 2285 3484; x_wconf 81' lang='lat' dir='ltr'><strong>a.</strong></span> <span class='ocrx_word' id='word_1_200' title='bbox 2307 3453 2351 3485; x_wconf 84' lang='lat' dir='ltr'><strong>e.</strong></span> <span class='ocrx_word' id='word_1_201' title='bbox 2374 3451 2481 3485; x_wconf 79' lang='lat' dir='ltr'><strong>non</strong></span> <span class='ocrx_word' id='word_1_202' title='bbox 2506 3434 2671 3487; x_wconf 70' lang='lat' dir='ltr'><strong>time—</strong></span> 
     </span>
     <span class='ocr_line' id='line_1_27' title="bbox 569 3513 2357 3588; baseline 0 -24"><span class='ocrx_word' id='word_1_203' title='bbox 569 3513 752 3584; x_wconf 73' lang='lat' dir='ltr'><strong>virgil.</strong></span> <span class='ocrx_word' id='word_1_204' title='bbox 777 3513 971 3586; x_wconf 75' lang='lat' dir='ltr'><strong>Georg.</strong></span> <span class='ocrx_word' id='word_1_205' title='bbox 997 3515 1064 3565; x_wconf 82' lang='grc' dir='ltr'><strong>ΙΙΙ</strong></span> <span class='ocrx_word' id='word_1_206' title='bbox 1079 3554 1096 3580; x_wconf 83' lang='grc'><strong><em>,</em></strong></span> <span class='ocrx_word' id='word_1_207' title='bbox 1117 3515 1240 3588; x_wconf 62' lang='grc'><strong>347.</strong></span> <span class='ocrx_word' id='word_1_208' title='bbox 1265 3513 1485 3568; x_wconf 70' lang='lat' dir='ltr'><strong>Senum.</strong></span> <span class='ocrx_word' id='word_1_209' title='bbox 1656 3514 1797 3583; x_wconf 74' lang='lat' dir='ltr'><strong>bitis,</strong></span> <span class='ocrx_word' id='word_1_210' title='bbox 1822 3533 1873 3588; x_wconf 85' lang='lat' dir='ltr'><strong>q.</strong></span> <span class='ocrx_word' id='word_1_211' title='bbox 1901 3514 1983 3580; x_wconf 65' lang='lat' dir='ltr'><strong>h„</strong></span> <span class='ocrx_word' id='word_1_212' title='bbox 2012 3527 2112 3567; x_wconf 85' lang='lat' dir='ltr'><strong>etc.</strong></span> <span class='ocrx_word' id='word_1_213' title='bbox 2139 3513 2357 3567; x_wconf 68' lang='lat' dir='ltr'><strong>Senum.</strong></span> 
     </span>
    </p>
   </div>
  </div>
 </body>
</html>
