2855 4871
1069 401 1166 466 M.
1213 398 1465 464 FABn
1510 395 2150 481 Qmu'rlmAm

569 410 696 488 420

1262 595 1964 661 DECLAMATIO.

663 761 878 852 Quo'd
925 760 1234 860 primum
1289 759 1424 830 dici
1473 779 1739 858 oportet
1785 785 1909 857 pro
1954 785 2073 850 eo,
2118 758 2237 856 qui
2290 757 2677 856 praemium

567 878 772 975 petit,
799 876 1076 950 Occidit
1103 897 1521 972 tyrannum:
1552 899 1728 944 num
1758 872 2059 944 dubitari
2089 871 2343 972 potest?
2372 899 2549 944 num
2582 871 2679 944 de

565 993 698 1070 hoc
723 992 1252 1066 controversiam
1285 989 1517 1062 ullam
1542 989 1783 1062 saltem
1812 989 2240 1062 adversarius
2264 987 2539 1061 movet?
2558 989 2681 1059 Vi-

570 1109 876 1183 derimus
921 1135 1081 1206 ergo
1103 1165 1122 1197 ‚
1165 1133 1317 1207 quae
1363 1106 1457 1178 sit
1502 1106 1925 1205 comparatio
1972 1106 2333 1203 utriusque
2376 1103 2677 1176 merito-

569 1251 768 1298 rum:
802 1225 1120 1315 interim,
1153 1223 1424 1296 etiamsi
1460 1224 1722 1324 majora
1754 1243 1917 1295 sunt
1949 1222 2211 1311 divim,
2246 1220 2389 1292 alia
2424 1237 2671 1292 ¹sunt:

565 1341 654 1414 sit
679 1341 795 1414 ille
829 1341 1133 1440 optimus
1161 1341 1366 1433 civis,
1405 1341 1494 1412 sit
1526 1341 1799 1440 egregie
1832 1340 1921 1412 de
1951 1338 2305 1439 republica
2336 1339 2635 1410 meritus
2656 1396 2675 1428 ‚

564 1455 678 1526 hic
710 1453 1152 1552 tyrannicida
1187 1476 1322 1528 est:
1356 1454 1567 1527 hodie
1601 1481 1805 1554 porro
1839 1454 1929 1526 de
1960 1481 2045 1526 eo
2073 1453 2356 1554 praemio
2388 1473 2679 1526 conten-

565 1569 839 1660 dimus,
877 1569 1067 1666 quod
1108 1569 1218 1642 lex
1259 1570 1709 1669 tyrannicidae
1752 1568 2131 1642 constituit.
2176 1569 2293 1641 Isti
2344 1569 2675 1658 fortasse,

567 1683 758 1782 quod
789 1683 986 1776 fecit,
1021 1683 1467 1783 profuturum
1504 1686 1628 1776 sit,
1659 1711 1885 1783 quum
1926 1703 2109 1785 petet
2141 1683 2671 1782 magistratum:

566 1797 845 1870 interim
872 1825 988 1870 vos
1019 1799 1107 1872 ad
1136 1799 1269 1873 hoc
1287 1799 1440 1900 jus,
1474 1799 1562 1871 ad
1590 1799 1769 1872 hanc
1798 1799 2027 1900 legem
2054 1797 2541 1872 consedistis²:
2576 1799 2677 1870 in·

564 1911 764 1984 terim
801 1913 1311 2014 rempublicam
1354 1914 1467 1986 hic
1485 1911 1538 2005 ³,
1580 1941 1705 2014 pro
1750 1941 1893 2014 quo
1930 1913 2211 2014 loquor,
2244 1913 2471 1986 verbis
2502 1913 2675 2012 legis

567 2027 894 2127 appellat.
932 2031 1020 2098 Et
1050 2029 1228 2100 mihi
1255 2027 1416 2102 satis
1442 2050 1589 2102 erat
1614 2029 1745 2101 hoc
1771 2029 1961 2130 apud
1989 2056 2109 2102 vos
2136 2028 2593 2128 approbasse,
2618 2029 2676 2100 si

565 2163 844 2214 tantum
891 2143 975 2213 de
1013 2171 1093 2214 eo
1135 2164 1592 2240 quaereretur,
1628 2171 1719 2216 an
1759 2144 2071 2242 accipere
2114 2143 2305 2214 hunc
2338 2163 2672 2239 oporteat.

565 2256 702 2330 Sed
739 2277 1080 2354 quatenus
1123 2258 1196 2328 in
1235 2258 1416 2330 hanc
1454 2258 1968 2331 contentionem
2004 2257 2534 2346 descendimus,
2568 2256 2675 2328 vi-

568 2373 892 2465 deamu8‚
920 2399 1058 2471 quo
1083 2373 1296 2446 modo
1319 2400 1402 2447 se:
1420 2373 1935 2473 tyrannicidam
1966 2371 2220 2446 efficiat
2249 2370 2673 2446 adversarius

568 2511 821 2563 noster.
859 2492 962 2562 De
993 2489 1302 2565 libertate
1334 2491 1573 2590 patriae
1606 2490 1967 2587 cogitavit:
2006 2488 2325 2563 nondum
2356 2489 2677 2587 tyranni-

569 2606 832 2679 cidium
861 2626 996 2679 est:
1023 2607 1329 2681 hortatus
1353 2628 1455 2680 est
1480 2606 1793 2705 aliquem
1812 2662 1831 2697 ,
1858 2605 2233 2705 pecuniam
2264 2602 2495 2695 dedit,
2528 2630 2673 2675 om-

649 2795 692 2830 1.
729 2778 953 2832 Etiamsi
985 2782 1183 2851 majora
1215 2788 1338 2831 sunt
1366 2777 1541 2855 diuitis
1557 2815 1575 2842 ,

573 2855 682 2908 alia
711 2868 847 2909 sunt.
882 2857 1092 2925 Scribe,
1115 2856 1292 2909 aliena
1323 2868 1459 2910 suut.
1494 2853 1577 2907 Ad

570 2934 709 2987 hanc
742 2935 912 3006 legem
945 2956 1053 2987 non
1085 2937 1367 3007 portinent.
1407 2936 1574 2987 Gnon.

572 3016 672 3067 Sed
687 3036 809 3066 mox
823 3016 977 3082 dicit,
998 3040 1020 3062 ι
1037 3031 1254 3088 apparet
1275 3014 1416 3067 aliud
1435 3034 1549 3068 esse
1560 3053 1577 3081 ‚

579 3118 602 3138 a
623 3092 772 3164 quod
807 3093 975 3145 simile
1011 3106 1092 3146 est
1125 3094 1479 3164 tyrannicidio
1506 3117 1517 3145 :
1550 3116 1572 3141 ιο

573 3176 670 3225 etsi
692 3174 924 3241 majora,
948 3184 1050 3223 etc.
1074 3170 1258 3223 AErod.

644 3272 692 3305 a.
709 3253 795 3303 Ad
807 3252 943 3304 hanc
963 3251 1127 3326 leqem
1141 3252 1445 3305 consedistis.
1464 3254 1577 3304 Hoc

573 3344 679 3397 ost,
705 3334 828 3383 Non
851 3330 918 3382 de
941 3332 1140 3382 meritis
1160 3329 1439 3383 adversarii
1458 3350 1581 3383 non·

571 3411 666 3473 tri,
685 3408 770 3462 hic
789 3409 842 3460 in
863 3410 1164 3461 universum
1185 3413 1461 3481 quau-itur:
1483 3406 1577 3462 sed

573 3488 640 3541 de
663 3491 878 3559 praemio
895 3526 912 3557 ,
939 3490 1082 3560 quod
1108 3491 1156 3541 ei
1182 3492 1272 3561 qui
1297 3504 1579 3561 tyrannum

575 3565 825 3621 occiderit
848 3606 865 3634 ,
915 3568 1034 3639 lego
1078 3570 1431 3623 constitutum
1480 3582 1575 3621 est.

573 3650 754 3702 AEuon.
803 3648 886 3701 Sic
931 3663 986 3701 et
1029 3648 1096 3701 ad
1141 3648 1275 3723 leqes
1303 3650 1575 3721 judicare,

573 3730 720 3784 Deci.
747 3729 1018 3795 Commi,
1043 3730 1136 3782 ubi
1157 3729 1296 3781 vide.

645 3813 697 3864 3.
712 3811 930 3863 Interim
949 3810 1324 3882 rempublicam
1341 3811 1442 3864 hic.
1460 3811 1582 3863 Sen-

573 3910 660 3947 sus
679 3904 762 3943 est
780 3912 794 3941 ε
819 3892 928 3943 Etsi
949 3890 1298 3963 tyrannicidio
1317 3892 1437 3961 ipso
1458 3894 1581 3943 satis

575 3969 1006 4042 approbaverim,
1029 3988 1114 4021 me
1138 3968 1335 4039 decipi,
1359 3968 1581 4023 frauda·

576 4051 726 4117 rique
769 4049 986 4119 praemio
1033 4065 1142 4099 non
1190 4060 1439 4117 oportere
1458 4084 1476 4113 ‚
1522 4060 1580 4098 ut

581 4127 798 4178 maxime
831 4124 898 4178 de
933 4144 996 4179 eo
1019 4140 1370 4197 quaereretur-2
1405 4141 1583 4183 tamen

1660 2778 1783 2847 quia
1812 2772 1918 2827 hoc
1944 2792 2159 2845 quoque
2185 2775 2329 2826 venit
2360 2774 2419 2825 in
2452 2786 2670 2826 contro-

1656 2858 1879 2909 versiam
1896 2896 1913 2923 ‚
1946 2859 2113 2930 ipsam
2150 2854 2543 2927 rempublicam
2579 2874 2671 2925 ap-

1657 2938 1800 3011 pello
1818 2977 1835 3004 ‚
1857 2953 1916 2991 ut
1940 2941 2048 2992 suis
2078 2936 2207 3010 legis
2238 2955 2344 2989 suoe
2372 2936 2553 2989 verbis
2580 2934 2675 2987 do-

1659 3034 1804 3085 ceat,
1830 3034 1931 3071 etc.
1958 3020 2133 3072 Placet
2159 3038 2281 3071 vero
2306 3016 2397 3069 hic
2422 3018 2673 3070 audacior

1658 3118 1771 3152 esse
1786 3138 1802 3166 ‚
1834 3114 1887 3151 et
1912 3098 1934 3169 (
1948 3113 2007 3151 ut
2037 3099 2163 3151 mihi
2188 3098 2407 3172 quidem
2432 3099 2669 3167 videtur)

1660 3180 1923 3232 inversum
1948 3178 2189 3231 ordinem
2226 3197 2326 3231 suo
2354 3178 2483 3229 loco
2514 3196 2669 3250 repo-

1660 3277 1815 3323 nere,
1833 3256 1939 3309 hoc
1958 3256 2120 3309 modo
2133 3295 2149 3323 ,
2172 3259 2381 3309 interim
2404 3276 2571 3329 remp.
2592 3258 2669 3309 Ιιίε

1655 3355 1913 3411 provoco,
1944 3349 2004 3389 ut
2038 3336 2194 3389 verbis
2230 3336 2357 3411 legis
2388 3348 2669 3409 appareat,

1658 3436 1729 3469 an
1754 3416 1984 3487 decipere
2006 3416 2147 3469 hunc
2172 3430 2424 3488 oporteat.
2446 3420 2521 3470 Ee
2544 3416 2671 3469 mihi

1656 3496 2125 3549 murmurat-eum
2142 3514 2260 3561 esse,
2276 3498 2374 3568 qui
2388 3508 2667 3565 tyrannum

1658 3574 1927 3641 occiderit,
1955 3576 2109 3649 apud
2138 3594 2226 3628 vos
2256 3576 2595 3647 approbasse,
2626 3576 2671 3627 si

1660 3664 1833 3705 tamen
1866 3653 1931 3705 de
1962 3672 2023 3705 eo
2061 3666 2387 3727 quereretur.
2418 3655 2522 3707 Sed
2550 3674 2671 3727 quaa-

1660 3743 1836 3800 tenus,
1870 3747 1971 3785 etc.
2000 3734 2181 3787 AEnon.
2212 3736 2319 3802 Qui
2342 3732 2544 3799 edidit,
2576 3734 2667 3783 In-

1662 3814 1811 3865 terim
1836 3813 2213 3884 rempublicam
2240 3813 2325 3866 hic
2338 3832 2594 3886 provoco,
2613 3822 2671 3863 ut

1662 3892 1823 3943 verbis
1844 3890 1969 3965 leyt's
1990 3902 2241 3965 appareat
2264 3892 2413 3961 (licet
2434 3892 2571 3945 mihi
2592 3910 2669 3943 sa-

1662 3975 1727 4025 tis
1752 3984 1865 4024 erat
1884 3974 2030 4045 apud
2056 3992 2141 4026 vos
2157 3974 2489 4046 approbasse,
2522 3974 2566 4025 εἰ
2590 3982 2667 4022 ω-

1659 4070 1779 4101 men
1806 4051 1872 4101 de
1888 4070 1947 4103 eo
1970 4052 2319 4123 qaum-eretur),
2344 4072 2417 4105 an
2440 4054 2664 4123 decipere

1662 4130 1799 4186 laune
1820 4142 2067 4203 oporteat.
