2855 4871
705 464 1536 533 DECLAMATIONES.
1583 468 1734 532 XV.
1831 546 1837 553 .

2139 472 2256 537 551

148 590 755 692 legibus¹taliter
796 592 987 663 enim
1032 591 1293 663 fortiter
1331 593 1554 662 facere
1586 593 1739 694 jam
1784 593 1858 663 in
1903 594 2030 666 hac
2072 616 2267 667 aetate

150 734 317 779 non
364 732 669 807 possum.
717 708 931 781 Grata
967 726 1127 777 sunt
1162 726 1229 777 et
1264 706 1560 778 crimina
1601 708 2039 799 desertoris²‚
2078 710 2266 809 apud

154 850 389 923 quem
426 823 607 894 nihil
639 822 1004 894 valuerunt
1034 822 1396 921 privilegia
1431 823 1558 895 viri
1590 824 1800 897 fortis.
1839 827 2116 897 Novum
2149 852 2270 925 ge·

160 964 311 1010 nus
338 937 812 1010 damnationis
832 934 898 1007 3:
926 938 1272 1035 ignoscere
1302 959 1419 1009 vos
1450 937 1651 1010 nolo:
1684 966 1806 1009 cur
1838 939 2026 1010 enim
2061 939 2272 1011 dubi-

162 1074 319 1125 tem
351 1078 474 1151 per
510 1050 877 1123 infamiam
911 1077 1119 1123 senex
1154 1050 1411 1139 emori,
1444 1051 1566 1149 qui
1601 1051 1811 1125 etiam
1836 1048 2114 1154 juvenis
2151 1081 2268 1153 op-

163 1169 312 1241 tavi
345 1195 525 1268 saepe
555 1166 893 1267 gloriam?

172 1378 201 1399 ιι
222 1374 298 1407 re.
317 1377 338 1400 ιι
352 1353 485 1405 Mihi
501 1353 610 1405 aliae
626 1352 694 1405 ad
706 1353 851 1405 hunc
866 1354 1046 1405 locum
1060 1371 1185 1405 con-

152 1438 385 1505 jectura*
395 1432 633 1485 nondum
649 1444 987 1486 succurrunt:
1002 1447 1186 1505 quam-

162 1530 335 1583 quam
358 1512 533 1563 fateor
554 1514 905 1583 posteriorem
928 1514 1057 1563 satis
1082 1528 1185 1563 au-

162 1592 361 1644 dacem
380 1609 509 1644 esse.
528 1592 751 1645 Senum.
776 1592 1001 1665 Deposui
1018 1590 1183 1663 expli-

164 1690 269 1735 οο,
293 1672 485 1722 iterum
508 1672 667 1741 posui
689 1689 861 1735 arma,
888 1690 1005 1742 quae
1028 1682 1184 1721 antea

164 1770 631 1818 consecraveram,
653 1765 705 1804 et
723 1766 939 1804 coactus
959 1750 1185 1804 militare

166 1832 499 1883 detraxeram
528 1830 649 1882 loco
677 1846 860 1894 saei-03
888 1847 1031 1882 nune
1055 1844 1183 1882 vero

162 1912 413 1965 desertor
433 1910 534 1963 illis
556 1930 665 1963 non
691 1930 819 1964 usus
849 1931 966 1964 sum
996 1925 1183 1963 contra

166 1992 385 2045 hostem
410 2030 426 2057 ‚
473 1988 567 2043 sed
612 1986 837 2063 deposui
858 2012 871 2043 ε
915 1990 1183 2063 piaculum

168 2083 353 2124 antem
375 2072 432 2122 in
453 2089 518 2121 eo
544 2083 683 2135 erat,
704 2070 847 2141 quod
873 2084 1183 2123 consecrata

168 2152 501 2204 detraxerat:
528 2150 611 2201 vel
644 2164 827 2224 posset
856 2154 1012 2204 etiam
1046 2150 1184 2221 legi,

168 2227 407 2305 reposui,
437 2228 491 2282 id
522 2243 632 2294 est,
660 2247 773 2303 quae
804 2244 924 2283 ante
951 2228 1183 2298 detraxi,

168 2310 324 2383 qnod
345 2328 455 2362 non
479 2312 591 2363 sine
615 2311 827 2382 piaculo
852 2312 1055 2364 factum
1079 2324 1186 2377 est,

168 2394 366 2445 iterum
397 2389 484 2442 fixi
518 2388 585 2442 ad
616 2404 798 2463 postes
831 2389 1187 2462 templorum;

170 2471 483 2523 consecravi
511 2469 718 2522 denuo:
749 2486 993 2542 reponere
1016 2472 1185 2537 enim,

168 2563 526 2621 praeterquam
556 2545 701 2620 quod
726 2550 794 2600 sit
823 2547 1056 2600 ablatum
1088 2567 1185 2600 suo

168 2629 297 2680 loco
325 2630 515 2682 iterum
546 2627 746 2698 aliquid
769 2646 969 2698 ponere
988 2666 1004 2694 ,
1029 2629 1183 2678 etiam

168 2719 491 2760 consecrare
523 2719 702 2759 notat:
740 2717 799 2757 ut
833 2695 977 2776 apud
1007 2704 1183 2757 valer.

168 2787 319 2841 Fleo.
340 2789 415 2851 11,
438 2785 569 2839 286:
598 2805 620 2834 ι
640 2784 853 2842 Thetidi
872 2785 1185 2857 Glaucoque

174 2892 199 2914 ι
218 2879 493 2938 repostam
512 2879 677 2918 ratem
698 2885 721 2912 ιι
746 2864 984 2936 legimus.
1008 2867 1084 2916 Ita
1104 2883 1188 2916 ac*

170 2943 514 3000 commodate
533 2943 601 2996 ad
618 2943 763 2997 hunc
777 2945 947 2997 virum
967 2945 1186 3012 fortem,

172 3040 229 3079 et
261 3025 542 3076 emeritum
571 3024 755 3095 virgil.
792 3023 908 3076 AEn.
941 3024 1007 3090 V,
1045 3023 1184 3090 484:

178 3127 203 3152 ιι
222 3106 325 3156 Hie
360 3103 534 3154 vietor
570 3115 755 3156 caestns
792 3115 1063 3175 artemque
1099 3121 1187 3155 re-

178 3205 203 3230 ·
224 3199 388 3256 pono.
410 3205 431 3228 ιι
455 3185 523 3236 Et
538 3185 610 3234 ita
630 3183 736 3236 alii.
754 3183 907 3235 Hune
926 3199 1051 3235 vero
1072 3201 1187 3236 sen-

175 3279 294 3315 sum
324 3263 587 3316 affirmant
615 3267 924 3336 sequentia:
954 3278 1075 3316 nam
1104 3275 1185 3316 sto

174 3344 231 3392 in
257 3339 493 3412 jndicio,
516 3361 699 3414 pugno
730 3361 830 3416 pro
865 3340 1068 3414 legibus
1096 3343 1183 3394 fo-

172 3423 317 3472 rensi
330 3423 615 3474 certamine
631 3443 642 3473 :
662 3421 813 3474 aliter
826 3423 961 3474 enim
978 3421 1187 3474 fortiter

174 3503 353 3555 faeere
375 3521 532 3555 senex
553 3519 663 3556 non
685 3520 923 3576 possum.
950 3505 1117 3556 Banu.

258 3597 301 3632 ι.
334 3579 425 3634 Sto
446 3589 499 3634 et
514 3598 696 3656 pugno
715 3599 812 3653 pro
836 3581 1044 3655 leqibus.
1070 3583 1182 3636 Nec

1264 1355 1414 1425 sequi
1443 1366 1657 1407 caeteros
1689 1359 1742 1408 iu
1780 1356 1986 1407 hostem
2019 1354 2273 1408 invaden-

1262 1443 1375 1499 tes„
1413 1436 1560 1485 senio
1599 1430 1768 1487 fessus
1806 1450 1868 1485 ac
1905 1428 2116 1500 tat-due,
2151 1452 2272 1504 pos·

1264 1532 1409 1567 snm:
1437 1517 1509 1567 ita
1535 1514 1775 1568 desertor
1797 1531 1912 1568 sum
1936 1516 2127 1567 factus.
2153 1516 2270 1567 Seu.

1338 1611 1385 1645 2.
1418 1596 1582 1647 Grata
1603 1606 1726 1647 sunt
1745 1608 1797 1648 et
1819 1594 2040 1648 crimina
2063 1596 2276 1649 deserto·

1264 1674 1362 1739 n's,
1402 1686 1506 1725 etc.
1548 1674 1718 1743 Lege,
1759 1676 1824 1725 ei.
1870 1676 2015 1725 Prru.
2060 1674 2273 1739 Scribe,

1268 1753 1430 1803 Grata
1470 1762 1590 1805 sunt
1629 1754 1678 1803 ei
1718 1753 1938 1804 crimina
1979 1752 2273 1819 desertoris,

1263 1833 1409 1903 apud
1429 1850 1582 1903 quem
1605 1825 1744 1884 nihi!
1767 1826 2043 1885 naliter-unt
2060 1832 2276 1905 privile-

1260 1912 1352 1985 ῃία
1374 1911 1477 1962 viri
1488 1911 1663 1983 fortis.
1691 1912 1867 1978 Quare
1893 1931 2057 1983 quum
2079 1914 2120 1963 is
2139 1914 2274 1985 juris

1266 2006 1317 2043 et
1340 1990 1516 2063 legum
1541 1995 1797 2046 rationem
1818 1990 2013 2045 habeat
2041 1990 2241 2044 nullam
2257 2032 2274 2059 ,

1248 2066 1395 2125 'nihil
1418 2070 1550 2125 mihi
1567 2072 1634 2125 ab
1655 2072 1746 2125 illo
1767 2072 1880 2125 dari
1898 2075 2107 2125 veniam
2126 2090 2275 2139 cure,

1263 2146 1370 2203 imo
1396 2151 1673 2223 deprecor.
1701 2151 1918 2204 Scnuur.

1345 2232 1394 2285 3.
1439 2230 1650 2283 Novum
1693 2248 1860 2304 genus
1905 2227 2272 2283 damnationis.

1266 2308 1371 2363 Ubi
1405 2308 1686 2364 damna-tus
1723 2309 2029 2374 contendit,
2067 2329 2133 2362 ne
2177 2308 2276 2361 sibi

1265 2389 1562 2442 remittatur
1581 2388 1929 2464 supplicium,
1955 2400 2005 2439 et
2023 2386 2274 2460 precibus

1265 2466 1525 2534 innititur,
1553 2481 1610 2519 ut
1633 2467 1688 2520 id
1717 2465 1816 2520 sibi
1841 2469 2119 2537 irrogetur.
2150 2467 2271 2518 Sctr.

1262 2575 1337 2588 ——-
1383 2549 1491 2600 Gur
1534 2547 1674 2598 enim
1719 2547 1949 2599 dubitem
1990 2563 2087 2616 per
2128 2544 2274 2614 infa-

1265 2627 1430 2676 miam
1451 2661 1470 2690 ,
1514 2637 1613 2676 etc.
1663 2623 2079 2675 Rescribendum
2100 2658 2116 2685 ‚
2159 2635 2276 2691 post

1266 2701 1582 2774 infamiam,
1619 2716 1670 2754 et
1703 2720 1856 2768 mox,
1894 2703 1987 2774 qui
2021 2702 2177 2752 etiam
2220 2699 2276 2750 id

1250 2783 1466 2854 juvenis
1497 2782 1676 2852 optavi
1709 2795 1840 2851 eoepe
1874 2790 1992 2851 port
2025 2778 2270 2852 gloriam.

1265 2861 1469 2925 Causa,
1505 2858 1849 2930 quamobrem
1878 2861 2043 2911 emori
2063 2859 2274 2931 juvenis

1268 2941 1527 3010 optaverit
1553 2950 1677 3011 post
1705 2937 1923 3010 gloriam
1941 2976 1958 3004 ‚
1993 2951 2071 2991 est
2097 2937 2150 2988 in
2177 2935 2271 2989 illo

1265 3019 1587 3070 Terentiano
1617 3019 1750 3068 Eun.
1780 3018 1849 3067 nl
1865 3053 1882 3082 ‚
1911 3014 1971 3082 5,
1997 3033 2057 3068 2:
2091 3038 2112 3062 α
2133 3013 2271 3068 Proh

1271 3118 1295 3143 ι
1314 3095 1546 3168 Jupiter!
1572 3097 1728 3148 Nune
1753 3106 1830 3148 est
1848 3095 2093 3166 profecto
2112 3091 2276 3146 inter-

1272 3177 1402 3229 «fiei
1443 3187 1607 3249 quum
1646 3177 1854 3247 perpeti
1893 3192 1979 3227 me
2019 3187 2272 3246 possum,

1272 3275 1295 3304 ι
1314 3256 1396 3312 Ne
1418 3255 1524 3310 hoe
1547 3255 1800 3328 gaudium
1823 3258 2147 3310 contaminet
2165 3257 2270 3306 vita

1272 3361 1293 3384 ι
1312 3336 1623 3409 egritudine
1660 3336 1851 3408 aliqua.
1877 3357 1898 3383 ιι
1927 3335 2163 3387 Scitum.
2201 3363 2270 3374 -

1261 3417 1409 3494 Soepe
1426 3418 1672 3493 qlon'am.
1696 3419 1838 3488 Lego
1854 3455 1872 3482 ‚
1895 3429 2026 3489 soepe
2044 3432 2140 3488 per
2155 3414 2272 3488 qlo-

1262 3503 1413 3554 n‘am.
1438 3503 1582 3554 ΡΜ.
1604 3499 1672 3551 Et
1688 3499 1759 3551 ita
1783 3495 1948 3552 edidit
1965 3493 2267 3551 Obrechtus

1263 3578 1466 3634 meliori
1491 3594 1666 3631 sensu.
