2855 4871
526 395 609 462 56
1034 397 1127 461 M.
1176 397 1424 460 FABII
1469 395 2106 480 QUINTILIANI

521 522 827 623 pudium
870 521 1077 621 igitur
1110 522 1447 621 imperas,
1489 528 1556 593 et
1599 521 1956 620 copulatos
1977 521 2130 623 jam
2180 523 2301 595 diu
2337 521 2623 594 diducis

524 638 831 711 a'nimos:
866 665 1091 737 neque
1126 637 1319 710 enim
1356 630 1432 708 in
1459 637 1591 708 hoc
1633 659 1708 708 tu
1746 639 2180 736 spectaveris,
2217 637 2408 736 quod
2451 663 2622 708 cum

470 809 479 820 .
526 782 732 827 uxore
760 782 921 827 mea
954 782 1099 828 non
1134 754 1256 826 diu
1292 753 1465 825 vixi:
1500 753 1648 826 sine
1679 754 1894 826 dubio
1922 755 2312 850 secundum
2341 753 2628 853 nuptias

524 871 869 968 profectus
914 895 1108 959 sum3
1154 868 1488 940 continuo
1531 896 1647 940 me
1695 871 2156 969 peregrinatio
2191 869 2506 968 excepit:
2559 889 2630 939 et

524 985 630 1058 vel
667 985 799 1057 hoc
844 985 995 1083 ipso
1026 984 1335 1081 iniquius
1360 1003 1466 1056 est
1485 984 1834 1084 repudiari
1864 1011 2056 1075 eam,
2083 1011 2239 1084 quae
2263 1004 2448 1056 certe
2477 1008 2627 1054 non

522 1101 751 1201 potuit
794 1099 1171 1173 offendere.
1221 1101 1746 1174 Descendamus
1789 1128 1954 1174 sane
1995 1101 2084 1173 ad
2126 1100 2306 1172 hanc
2339 1125 2630 1197 quoque

524 1218 1009 1290 necessitatem
1040 1231 1090 1308 ¹,
1138 1239 1215 1290 ut
1260 1218 1650 1317 imperante
1695 1238 1928 1317 patre,
1978 1218 2190 1290 etiam
2243 1216 2628 1315 repudium

528 1334 715 1406 filius
762 1334 1010 1406 debeat
1053 1336 1245 1433 pati;
1283 1334 1454 1432 quid
1489 1336 1575 1407 de
1608 1334 1789 1434 ipsa,
1835 1363 2048 1435 quam
2085 1333 2439 1434 repudiari
2484 1333 2630 1420 νίς,

526 1449 819 1549 querar?
844 1477 1010 1523 sane
1044 1471 1239 1549 pater
1262 1452 1473 1523 fuerit
1505 1452 1869 1542 inimicus;
1903 1479 2024 1524 cur
2051 1452 2197 1523 haec
2225 1476 2452 1522 nurus
2483 1475 2632 1521 esse

527 1566 828 1656 desinat,
852 1593 1069 1666 quam
1101 1567 1281 1639 nihil
1310 1594 1626 1666 peccasse
1657 1590 1734 1640 tu
1769 1596 2050 1667 quoque
2081 1565 2467 1655 confiteriS,
2509 1565 2632 1662 qui

530 1680 851 1781 expellis?
894 1686 1120 1782 Negas
1166 1683 1497 1756 idoneam
1541 1711 1684 1757 esse
1727 1684 2178 1756 matrimonio
2227 1709 2388 1766 meo
2441 1681 2636 1752 locu-

526 1798 1079 1898 pletem.,Quam
1106 1825 1375 1890 vereor,
1408 1828 1496 1873 ne
1538 1801 1653 1873 cui
1689 1800 2007 1873 videatur
2037 1821 2230 1901 pater
2263 1800 2359 1871 sic
2389 1796 2640 1874 inimi-

530 1941 651 1986 cus
682 1914 876 1987 diviti
925 1941 1067 1989 esse
1116 1917 1435 2016 coepisse:
1487 1945 1634 1990 non
1669 1918 1864 1990 enim
1904 1918 2184 1989 fortuna
2241 1916 2315 1987 in
2371 1935 2640 1985 utram·

530 2030 701 2104 libet
752 2053 1017 2131 partem
1066 2034 1405 2111 intuenda
1451 2053 1574 2104 est.
1623 2035 1734 2105 An
1775 2060 1936 2105 vero
1989 2033 2181 2130 apud
2230 2058 2343 2102 me
2385 2051 2642 2102 noceat

531 2147 815 2246 puellae,
851 2148 1042 2248 quod
1085 2148 1442 2238 dives-estg
1471 2175 1696 2246 quum
1725 2149 1913 2246 apud
1954 2168 2223 2248 patrem
2265 2145 2456 2218 illius
2483 2173 2639 2217 non

532 2264 850 2338 nocuerit
874 2264 1057 2339 mihi
1076 2321 1094 2352 ‚
1134 2264 1323 2364 quod
1351 2291 1620 2365 pauper
1643 2265 1843 2338 sum?
1871 2255 2076 2338 Dives
2105 2284 2245 2338 est:
2277 2262 2642 2360 numquid

536 2407 701 2480 ergo
738 2378 872 2453 hoc
916 2379 1143 2453 dicere
1182 2368 1430 2481 potes?
1446 2382 1805 2482 superbior
1839 2382 2001 2473 erit,
2041 2403 2109 2455 et
2139 2378 2484 2454 fastidiet?
2533 2407 2645 2453 se-

532 2616 659 2679 tris,
686 2616 901 2687 nuptias
936 2616 1175 2687 potuine
1206 2616 1540 2676 contrahere.

531 2694 567 2747 l.
590 2698 636 2749 si
663 2695 798 2749 filius
820 2702 933 2769 ejus
964 2696 1023 2748 ff.
1046 2696 1113 2749 de
1135 2699 1237 2749 ritu
1255 2711 1407 2768 nupt.
1430 2695 1464 2748 l.
1490 2698 1545 2761 ἰῃ

534 2774 678 2827 bello
712 2775 957 2847 §.medio
980 2774 1040 2828 ff.
1072 2774 1139 2829 de
1170 2778 1408 2849 captivis.
1441 2774 1545 2829 Sed

534 2856 779 2911 Julianus
794 2856 943 2911 addit
961 2861 1327 2931 exceptionem
1338 2894 1357 2925 ‚
1373 2861 1418 2911 oi
1429 2876 1548 2911 eam

536 2936 673 2991 filius
690 2936 876 3004 ducat,
892 2941 1043 3009 cujus
1059 2940 1420 2993 conditionem
1439 2959 1547 2993 cer-

537 3030 651 3089 tum
673 3018 738 3069 sit
751 3031 959 3089 patrem
978 3037 1089 3070 nou
1106 3018 1510 3090 repudiaturum
1531 3043 1543 3071 ι

539 3099 595 3149 in
630 3116 737 3169 quo
764 3112 1001 3151 venatur
1026 3098 1139 3152 haec
1166 3104 1543 3154 controversia.

540 3180 723 3233 AEnon.

620 3276 637 3310 ι
652 3298 663 3308 .
686 3258 1065 3311 Descendamus
1086 3258 1156 3309 ad
1181 3258 1317 3311 hanc
1340 3261 1548 3313 necessi-

540 3348 719 3390 tatem.
745 3338 861 3389 Hoc
884 3350 993 3401 est,
1014 3336 1201 3389 demus
1226 3338 1315 3391 vel
1336 3338 1430 3391 filii
1459 3353 1550 3392 aut

539 3418 655 3470 fiuae
682 3435 777 3469 eeu
804 3416 1087 3489 repudium
1103 3454 1119 3484 ,
1144 3438 1239 3473 seu
1264 3418 1549 3473 divortium

537 3498 593 3547 in
622 3509 885 3568 potestate
910 3500 1077 3567 patrie
1105 3516 1219 3552 esse
1235 3537 1253 3565 ‚
1277 3512 1466 3551 contra
1489 3498 1546 3551 id

542 3574 690 3647 quod
704 3578 827 3647 jure
850 3589 903 3628 et
926 3596 989 3628 ex
1010 3596 1191 3649 aequo,
1216 3594 1267 3632 et
1288 3579 1438 3631 bono
1465 3598 1550 3641 re·-

540 3670 757 3728 ceptum
770 3660 850 3709 est'
867 3678 879 3708 ε
902 3655 1033 3728 quid
1046 3656 1113 3711 de
1127 3660 1241 3729 ipsa
1252 3697 1271 3727 ‚
1290 3674 1389 3713 etc.
1412 3661 1548 3733 Ppu-

542 3734 652 3802 lus,
676 3736 767 3788 lib.
795 3737 842 3787 V
874 3751 1103 3789 sentent.
1138 3740 1215 3790 tit.
1250 3738 1317 3791 de
1350 3738 1546 3791 interd.

548 3838 571 3863 ιι
590 3819 733 3869 Bene
774 3816 1112 3870 concordans
1156 3820 1552 3872 matrimonium

548 3920 573 3943 ι
592 3896 824 3967 separari
851 3915 883 3948 a
911 3910 1063 3968 patre
1089 3895 1241 3951 divus
1268 3898 1392 3950 Pius
1420 3917 1550 3968 pro-

550 4000 573 4023 ·
592 3976 783 4030 hibuit.
804 4002 826 4027 a
860 3976 1067 4050 Ulpian.
1092 3980 1173 4031 tit.
1198 3978 1265 4031 de
1285 3978 1440 4031 liber.
1461 3997 1551 4030 ex·

544 4056 653 4109 hil).
682 4058 771 4111 lib.
802 4062 825 4111 1
842 4082 854 4112 ι
892 4082 914 4107 α
934 4061 989 4113 Si
1018 4062 1134 4133 quis
1168 4059 1331 4113 filiam
1364 4078 1547 4126 suam,

552 4156 575 4181 α
594 4154 709 4207 quae
736 4138 865 4193 mihi
890 4154 1056 4212 nupta
1086 4154 1199 4207 est,
1226 4138 1353 4192 velit
1378 4138 1552 4193 abdu-

1631 2638 1654 2663 ι
1673 2637 1818 2683 cere,
1837 2618 1924 2670 vel
1951 2616 2186 2671 exhiberi
2209 2616 2310 2671 sibi
2333 2614 2641 2669 desideret:

1631 2711 1653 2732 κ
1675 2709 1741 2741 au
1763 2688 2012 2743 adversus
2031 2687 2370 2740 interdictum
2391 2690 2645 2758 exceptio

1632 2790 1655 2815 ε
1675 2767 1856 2823 danda
1879 2774 1973 2835 sit,
1998 2770 2041 2823 si
2066 2770 2202 2821 forte
2227 2781 2378 2840 pater
2404 2786 2647 2819 concor-

1634 2872 1656 2897 ·
1675 2850 1808 2903 dans
1831 2851 2254 2913 matrimonium,
2273 2862 2326 2901 et
2344 2848 2484 2899 forte
2504 2846 2648 2901 lihe—

1633 2955 1655 2979 «
1678 2935 1747 2984 ris
1773 2931 2052 2985 subnixum
2069 2932 2198 2986 stelit
2221 2929 2556 2983 dissolvere?
2580 2930 2646 2982 Et

1634 3036 1656 3061 u
1676 3028 1824 3066 certo
1850 3018 1971 3086 jure
2000 3016 2222 3079 utimur,
2253 3031 2318 3063 ne
2342 3010 2481 3063 bene
2505 3030 2650 3064 con-

1633 3118 1656 3143 α
1675 3096 1950 3149 coi-dantia
1971 3096 2302 3147 matrimonia
2316 3096 2437 3164 jure
2455 3096 2648 3164 patrie

1631 3198 1653 3223 α
1674 3179 1953 3249 potestatis
1967 3173 2262 3227 turbentur.
2280 3170 2442 3241 Quod
2457 3186 2646 3227 tamen

1635 3282 1657 3306 κ
1678 3260 1752 3311 sic
1800 3261 1897 3311 erit
1945 3254 2304 3309 adhibendum
2327 3292 2344 3318 ‚
2391 3268 2452 3307 ut
2499 3258 2650 3327 patri

1635 3362 1658 3387 α
1678 3338 2062 3412 persuadeatur
2097 3336 2194 3407 (ut
2226 3340 2282 3390 in
2315 3336 2416 3389 hac
2449 3336 2648 3409 Dect.)

1636 3445 1659 3470 ι
1677 3440 1746 3473 ne
1801 3420 1992 3474 acerbe
2039 3420 2266 3491 patriam
2316 3431 2647 3490 potestatem

1635 3524 1657 3546 ι
1677 3514 1930 3553 exerceat.
1955 3522 1977 3545 ιι
2006 3498 2252 3570 Vulgaris
2275 3510 2356 3549 est
2378 3496 2466 3548 hic
2487 3496 2649 3551 locus

1629 3578 1773 3651 apud
1785 3593 1996 3632 nostros
2004 3580 2140 3648 juris
2149 3591 2411 3629 auctores.
2424 3575 2460 3627 l.
2473 3594 2650 3647 quum

1629 3660 1720 3713 hic
1737 3673 1924 3727 status,
1947 3659 1992 3731 §.
2013 3659 2058 3711 si
2077 3676 2245 3711 socer.
2271 3654 2332 3707 ff.
2357 3655 2426 3707 de
2449 3653 2647 3710 donat.

1603 3745 1788 3813 stater.
1825 3746 1919 3797 vir.
1954 3744 1988 3797 1.
2023 3762 2146 3796 eum
2179 3756 2246 3794 te.
2281 3742 2340 3793 C.
2379 3738 2449 3791 de
2482 3738 2647 3791 inoff.

1631 3837 1749 3877 test.
1778 3824 1814 3876 l.
1849 3824 1981 3876 filiae.
2011 3824 2047 3875 Ι.
2073 3820 2450 3875 dissentientis.
2481 3820 2546 3870 C.
2577 3818 2650 3871 de

1628 3907 1882 3979 repudiis.
1918 3908 2099 3959 AEnon.
2135 3904 2244 3973 Qui
2279 3915 2333 3953 et
2370 3902 2649 3953 Brissonio

1627 3986 1794 4040 videri
1811 4024 1828 4053 ‚
1873 3986 2156 4058 legendum
2201 4000 2316 4035 esse
2361 3981 2652 4033 descenda-

1629 4084 1776 4133 mus,
1805 4068 2036 4119 notavit:
2077 4066 2192 4137 ipse
2227 4059 2423 4128 edidit,
2460 4061 2652 4132 defen-

1631 4147 1829 4200 damus.
