2855 4871
584 355 1419 423 DECLAMA'rloNEs.
1469 357 1872 423 cccxxx.
2155 359 2270 442 341

194 482 433 556 credo:
478 480 902 580 quantulum
948 480 1140 553 enim
1180 500 1325 553 erat
1356 479 1840 579 quotidianam
1877 482 2184 581 stipem,
2215 505 2284 556 et

196 599 319 671 hoc
347 597 682 696 exiguum
702 653 722 688 ,
753 624 892 694 quo
918 595 1155 667 anima
1182 596 1254 667 in
1285 616 1638 694 posterum
1667 595 1857 667 diem
1892 622 2283 696 prorogare·

194 733 318 804 tur,
352 732 667 811 praestare
698 709 826 781 filii
864 711 964 782 tui
1002 709 1250 782 matri?
1290 729 1357 781 et
1394 710 1449 781 si
1485 709 1617 781 hoc
1654 709 1892 782 animo
1933 711 2122 782 fuisti
2150 768 2168 801 ,
2205 733 2284 784 tu

194 826 457 899 voluisti
486 883 505 914 ‚
539 847 613 898 tu
650 823 920 898 dedisti.
951 826 1095 897 Nec
1122 824 1310 897 enim
1342 824 1673 924 cuiquam
1709 824 2039 897 credibile
2066 825 2282 898 videri

196 962 439 1040 potest,
477 941 823 1040 ignorasse
856 963 925 1014 te
943 997 962 1032 ,
991 967 1081 1012 an
1110 965 1239 1040 ego
1265 966 1424 1013 vere
1458 967 1791 1013 amarem.
1822 944 1944 1014 Me
1971 941 2118 1014 sine
2143 942 2282 1016 du-

196 1057 305 1128 bio
324 1077 391 1130 et
408 1056 823 1129 verecundia
836 1114 856 1147 ,
880 1076 947 1130 et
963 1076 1194 1128 metus
1222 1053 1534 1127 inhibuit
1549 1055 1985 1156 aliquatenus
1999 1114 2019 1149 ‚
2037 1081 2282 1129 verum

196 1172 414 1244 statim
466 1173 745 1247 dicere:
796 1173 913 1246 sed
965 1193 1043 1245 ut
1085 1171 1464 1272 pecuniam
1510 1173 1940 1274 acciperem,
1987 1173 2121 1246 illae
2167 1195 2282 1248 me

196 1287 554 1363 subierunt
590 1289 1079 1388 cogitationes,
1115 1315 1329 1387 quam
1364 1289 1836 1389 indulgenter,
1872 1315 2086 1386 quam
2118 1317 2285 1390 pru—

199 1401 426 1475 denter
456 1404 754 1495 faceres,
790 1424 869 1476 ut
900 1402 1253 1476 infelicem
1286 1403 1628 1476 feminam
1657 1403 1907 1494 aleres,
1933 1430 2062 1475 nec
2089 1403 2284 1476 vide-

200 1517 349 1590 reris
384 1519 460 1591 in
506 1520 801 1619 gratiam
842 1519 1143 1594 rediisse.
1180 1523 1297 1592 Tu
1334 1542 1611 1609 tamen,
1647 1520 1911 1619 inquit,
1951 1519 2282 1592 mentitus

198 1660 261 1705 es
282 1636 447 1735 patri
464 1693 485 1727 ‚
518 1657 586 1709 et
606 1663 917 1711 amorem
944 1636 1318 1711 meretricis
1344 1636 1595 1710 finxisti
1619 1651 1637 1683 ¹
1663 1665 1677 1709 ε
1718 1637 1817 1709 ita
1844 1636 2282 1708 innocentior

200 1775 409 1843 eram,
438 1751 495 1824 si
532 1778 778 1825 verum
806 1751 1173 1826 dixissem?
1198 1754 1415 1825 Plena
1453 1773 1552 1824 est
1583 1751 1993 1854 hujusmodi
2021 1751 2282 1824 artibus

199 1867 350 1958 vita,
374 1868 587 1968 plena
610 1889 775 1941 sunt
797 1868 1005 1941 etiam
1029 1868 1329 1942 theatra:
1363 1867 2035 1940 circumscribuntur
2059 1886 2127 1939 et
2148 1892 2281 1939 ser-

200 2005 423 2055 vorum
454 1983 721 2056 artibus
751 2004 979 2084 patres
1000 2042 1019 2075 ,
1056 2004 1124 2057 et
1154 1983 1540 2057 mendaciis
1572 1983 1922 2056 filiorum:
1961 2002 2026 2055 et
2053 1983 2283 2081 ignos-

204 2117 381 2192 cunt,
415 2125 645 2197 quum
680 2098 1155 2172 meretricibus
1191 2099 1497 2199 pecunia
1533 2097 1756 2187 datur,
1790 2122 2014 2196 quum
2049 2096 2283 2194 aliqua

204 2233 241 2278 a
267 2207 509 2285 lenone
546 2211 911 2285 redimitur
945 2213 1217 2286 ancilla.
1250 2214 1427 2286 Dixi>
1451 2239 1766 2286 amorem
1799 2239 1940 2286 esse
1973 2211 2285 2284 meretri·
2367 2265 2374 2274 .

204 2324 318 2396 cis:
352 2347 709 2426 acceptam
748 2329 1123 2426 pecuniam
1160 2328 1365 2400 matri
1403 2327 1604 2400 dedi:
1646 2327 2082 2401 innocentior
2119 2353 2282 2426 ergo

205 2465 407 2533 eram,
437 2442 494 2514 si
535 2442 907 2541 pecuniam
942 2444 1148 2516 matri
1184 2443 1474 2543 petitam
1511 2444 1858 2517 meretrici
1890 2442 2283 2516 dedissem?

204 2556 397 2629 Possit
413 2558 631 2631 videri
658 2558 808 2631 sine
842 2558 1059 2632 dubio
1088 2560 1348 2634 durum
1378 2581 1448 2632 et
1479 2586 1838 2659 asperum,
1871 2587 2022 2648 me,
2057 2584 2280 2657 quum

206 2670 333 2770 ipse
358 2676 485 2747 sim
524 2675 599 2747 in
629 2676 935 2775 periculo
953 2734 972 2767 ,
1000 2677 1206 2748 etiam
1230 2703 1354 2775 pro
1378 2676 1513 2748 alio
1539 2702 1817 2775 rogare:
1847 2700 2282 2773 quaecunque

206 2804 413 2861 tamen
442 2790 749 2881 occasi0,
780 2816 1215 2889 quaecunque
1247 2811 1483 2863 tamen
1509 2788 1868 2861 necessitas
1897 2811 2027 2880 est,
2053 2789 2110 2860 si
2124 2788 2281 2890 jam

207 2926 317 3001 ego
335 2907 634 2997 offendi,
656 2906 711 2978 si
733 2907 935 3006 quid,
958 2906 1146 3006 quod
1167 2934 1417 3007 parum
1440 2905 1844 3005 simpliciter
1862 2906 2280 3005 rogaverim,

208 3016 529 3116 irasceris,
567 3022 765 3095 illam
800 3023 1223 3097 commendo
1252 3022 1619 3111 miseram;
1656 3048 1802 3093 non
1837 3041 1916 3093 ut
1951 3021 2278 3095 reducas:

206 3130 322 3205 fuit
350 3137 473 3210 ista
510 3132 666 3236 spes
705 3136 1124 3235 aliquando,
1164 3158 1232 3208 et
1268 3136 1589 3225 forsitan,
1629 3137 1684 3207 si
1725 3135 1984 3208 felicior
2017 3162 2236 3208 essem
2260 3193 2280 3227 ,

209 3271 531 3324 maneret:
558 3252 736 3326 illud
758 3252 1232 3353 adhuc,quod
1252 3278 1460 3351 egens
1476 3264 1503 3295 ²
1530 3271 1599 3323 et
1621 3250 1980 3324 abdicatus
2005 3276 2283 3324 necesse

209 3358 413 3438 habeo
430 3367 781 3467 deprecari
795 3425 814 3459 ,
836 3390 912 3441 ut
929 3368 1070 3441 alas
1083 3426 1101 3459 ,
1124 3366 1395 3442 etiamsi
1416 3366 1725 3439 irasceris
1745 3393 1760 3437 :
1783 3366 2064 3465 qualem
2087 3366 2282 3439 enim

209 3596 337 3665 quod
354 3612 503 3670 patre
522 3604 693 3656 inscio
711 3617 763 3655 et
782 3605 1085 3675 ignorante,
1102 3622 1193 3655 ve·
1269 3602 1407 3655 sitas.
1439 3602 1720 3655 Necessitas
1745 3612 1851 3668 est,
1881 3598 2062 3653 AErod.
2099 3612 2152 3653 et
2184 3617 2282 3668 nos

210 3672 325 3726 ritus
346 3681 455 3749 ejus
480 3682 747 3734 offensam
766 3681 847 3734 vel
872 3680 1193 3753 indignatio·
1272 3702 1393 3735 cum
1416 3684 1533 3755 Rip.
1558 3685 1650 3735 Eu.

209 3768 333 3806 nem.
356 3759 618 3815 AEnonms.
1346 3782 1394 3817 α.
1418 3763 1575 3817 Illud
1587 3764 1777 3832 adhuc,
1797 3764 1940 3837 quod
1955 3780 2121 3838 eym.
2147 3758 2280 3811 Seri·-

274 3848 315 3884 1.
354 3836 585 3893 finxisti.
634 3838 942 3913 &astruxisti
954 3878 977 3907 ,
1008 3839 1188 3892 AErotl.
1268 3844 1340 3896 be
1362 3866 1373 3895 =
1401 3841 1550 3896 Illud
1569 3844 1774 3910 adhuc,
1802 3842 2036 3915 quamvis
2056 3856 2208 3913 eqem
2229 3850 2280 3891 et

208 3908 479 3985 Influxisti,
494 3938 659 3989 marg.
674 3922 859 3987 Forte,
875 3916 1195 3991 mihifiwi&
1270 3923 1558 3991 abdicatus,
1593 3941 1787 3975 necesse
1811 3922 1970 3972 habeo
1997 3919 2276 3991 deprecari.

212 3987 245 4035 ‘⁸'
260 4010 273 4037 -·
298 4008 415 4045 nam
432 4015 497 4049 ex
512 3996 646 4050 mihi
668 4016 805 4070 saepe
826 4000 881 4051 in
903 4000 1105 4051 factum
1122 4000 1195 4051 vi—
1270 4006 1438 4059 Grion.
1475 4008 1558 4056 An
1572 4042 1590 4069 ‚
1629 4001 1771 4055 illud
1805 4000 1978 4053 adhuc
2013 4011 2114 4069 est,
2141 4000 2283 4073 quod

211 4065 364 4125 (limus
390 4075 460 4127 ad
484 4078 633 4131 Decl.
658 4080 810 4147 XIX,
833 4080 885 4133 6.
917 4110 988 4121 --
1010 4082 1191 4134 Neces-
1272 4086 1457 4158 egens?
1475 4084 1694 4137 scum-'1'-
