2855 4871
519 417 1358 489 DECLAMATIONES.
1410 421 1929 490 GCCXLVIII.
2147 429 2274 517 429

160 565 442 646 posset,
477 546 820 645 quamdiu
845 545 1266 644 peregrinari
1300 565 1613 645 poteram
1640 572 1765 646 ego
1784 605 1805 637 ,
1834 547 1957 644 qui
1989 573 2274 621 uxorem

169 663 272 734 sic
296 663 551 734 amavi.
573 665 867 735 Temere
889 663 1230 761 proferam
1250 681 1509 734 temere
1534 663 1605 733 in
1631 662 1910 762 longius
1936 663 2121 735 ituri¹
2152 665 2279 738 iter

167 777 512 878 conjuges
543 797 806 850 nostras
843 777 1035 849 domi
1077 776 1545 878 relinquimus
1574 804 1589 849 z
1622 778 1849 851 subito
1880 779 2275 854 absentium

171 891 706 984 obliviscuntur,
744 913 812 964 et
847 918 1042 993 paene
1077 917 1237 965 cum
1280 892 1444 991 ipsis
1478 893 1641 965 toris
1675 920 1971 967 uxorum
2004 916 2277 994 pectora

172 1009 654 1108 refrigescunt.
689 1009 914 1080 Mirer
955 1035 1146 1080 nunc
1178 1035 1340 1107 ‚0602
1387 1009 1577 1080 unde
1615 1011 1894 1083 rumor?
1937 1038 2087 1109 quae
2130 1031 2277 1083 tam

173 1122 500 1222 maligno
533 1123 902 1196 mendacio
933 1122 1180 1195 causa?
1211 1123 1320 1194 cui
1356 1121 1619 1222 fingere
1652 1124 1833 1196 istud
1860 1125 2278 1224 expedierit?

165 1239 296 1311 ›ille
321 1240 630 1339 profecto
655 1240 729 1310 in
756 1267 960 1312 causa
981 1240 1117 1311 fuit
1127 1239 1430 1341 juvenis,
1456 1239 1581 1338 qui
1605 1238 1693 1310 ad
1720 1239 2014 1327 domum
2042 1269 2277 1314 meam

167 1349 513 1427 inductus
552 1376 692 1428 est:
730 1355 1054 1455 quaesitus
1099 1375 1195 1426 est
1235 1351 1450 1427 locus.
1495 1357 1655 1426 Jam
1688 1370 1889 1428 vero²
1930 1357 2278 1429 bonorum

177 1497 504 1544 meorum
541 1471 695 1544 dira
736 1471 1126 1572 populatio,
1171 1471 1346 1543 sicut
1387 1470 1748 1543 notissimo
1796 1473 2075 1544 Graecioe
2119 1472 2280 1545 duci

177 1585 407 1674 Ulixi,
446 1585 567 1685 qui
600 1584 864 1657 felicior
910 1607 1184 1675 tamen,
1220 1584 1444 1656 solam
1482 1585 1558 1656 in
1592 1585 1923 1658 adulteris
1956 1586 2146 1660 ultus
2184 1605 2283 1657 est

179 1700 362 1799 gulae
389 1703 841 1804 voluptatem.
875 1703 1067 1794 Scio,
1090 1702 1410 1804 judices„
1442 1729 1655 1800 quam
1690 1703 1977 1776 difficile
2007 1705 2093 1776 sit
2112 1703 2282 1777 alie·-

181 1842 440 1888 norum
479 1818 830 1890 malorum
867 1818 1254 1916 imaginem
1291 1844 1537 1916 capere
1572 1844 1586 1888 :
1623 1817 1711 1889 sit
1742 1839 2014 1908 tamen,
2050 1845 2281 1917 quan-

179 1930 382 2002 tum-²⁵
411 1933 824 2032 cogitatione
853 1933 1313 2032 permittitur:
1353 1932 1843 2030 unusquisque
1876 1959 1945 2004 se
1975 1933 2095 2004 illo
2128 1934 2281 2005 loco

182 2067 439 2143 ponat:
477 2073 556 2118 ac
578 2048 891 2147 primum
927 2047 1086 2139 illa,
1117 2074 1270 2146 quae
1303 2047 1484 2119 intra
1514 2047 1837 2119 animum
1866 2073 2108 2119 meum
2134 2048 2285 2119 vol-

181 2185 296 2249 vo,
338 2182 576 2234 mente
619 2163 1002 2261 concipiat3
1057 2189 1282 2263 quum
1334 2185 1704 2235 reverterer
1752 2189 1833 2234 ex
1878 2165 2281 2262 peregrina-

183 2275 372 2346 tione
407 2275 616 2376 longa
634 2335 653 2369 ,
683 2303 898 2376 quam
935 2278 1117 2350 mihi
1153 2276 1457 2352 attulerit
1488 2277 1981 2377 cogitationem
2014 2263 2309 2378 primus'

183 2389 566 2491 adspectus,

221 2624 231 2636 ‚
259 2592 304 2629 ι.
331 2579 469 2629 Itun‘
491 2578 600 2631 iter.
624 2578 737 2631 Iter
755 2582 928 2633 omisit
954 2580 1134 2633 AErod.
1267 2580 1528 2657 qitatt‘one
1545 2580 1883 2654 permittitur,
1910 2581 2280 2653 unusquisque,

255 2676 304 2709 α.
338 2660 464 2710 Jam
503 2678 636 2711 vero.
676 2662 849 2731 Quam
879 2679 998 2713 vero
1030 2661 1076 2712 b.
1117 2678 1189 2713 m.
1273 2681 1356 2727 se,
1387 2659 1483 2714 {uo
1512 2662 1625 2713 loco
1646 2674 1828 2732 ponat.
1854 2659 2087 2723 Deinde,
2114 2659 2276 2711 volui.

181 2740 520 2812 depopulatio
529 2740 674 2813 fuit,
699 2752 757 2793 ut
773 2742 1050 2795 notissimo.
1073 2743 1190 2795 Sca.
1273 2740 1441 2794 Goon.
1464 2741 1571 2792 Sed
1588 2750 1791 2805 tamen,
1814 2738 1943 2793 Obr.
1970 2737 2058 2791 Sic
2076 2749 2278 2801 tamen,

253 2819 303 2871 3.
323 2820 410 2872 Sit
425 2833 599 2873 tamen
618 2834 890 2895 quantum.
919 2822 1194 2890 Rhodius,
1275 2821 1475 2875 Schult.
1498 2850 1567 2861 —
1590 2821 1642 2874 V
1638 2821 1774 2875 olvo.
1800 2819 2051 2871 Francius
2072 2817 2283 2871 volebat

181 2898 265 2952 sic.
288 2898 502 2953 Malim:
529 2898 594 2953 Se
613 2911 813 2967 tamen,
834 2910 1091 2975 quantum
1111 2918 1195 2952 co-
1276 2901 1431 2954 volvi.
