2855 4871
567 426 686 509 148
1063 388 1158 485 Μ’.
1206 421 1456 483 FABn
1502 418 2138 515 QUINTrmANI

559 548 648 621 ad
678 544 1090 647 sanguinem
1107 558 1125 588 ¹
1151 570 1168 615 :
1201 568 1343 613 esse
1368 541 1709 639 quosdam
1742 542 2081 634 mitiores,
2107 543 2229 642 qui
2258 569 2347 615 ne
2374 544 2655 644 conspi-

562 690 711 736 cer-*e
743 660 1040 761 quidem
1076 686 1394 732 cruorem
1429 658 1865 731 sufficerent:
1904 657 2110 731 multi
2142 686 2211 729 se
2246 686 2287 729 a
2316 660 2655 758 gladiato-

561 806 726 853 rum
751 776 1154 852 vulneribus
1187 794 1553 847 avertunt:
1586 794 1655 846 et
1675 801 2110 874 quamquam
2140 794 2351 849 nemo
2380 776 2661 851 dubitet

565 918 634 969 et
679 893 854 966 illud
899 890 1377 991 spectaculum
1424 889 1498 958 in
1548 908 1737 987 parte
1782 914 1925 960 esse
1966 916 2367 988 poenarum,
2416 914 2657 965 tamen

559 1010 1150 1111 nequissimorum
1206 1031 1487 1104 quoque
1541 1004 1918 1077 hominum
1970 1030 2299 1103 suprema
2350 1009 2664 1105 pericula

562 1128 829 1200 habent
865 1150 1063 1196 suam
1099 1122 1477 1222 gratiam²z
1520 1121 1605 1193 de
1639 1121 2035 1219 spectaculo
2067 1122 2339 1220 loquor.
2374 1123 2665 1221 Cogita-

562 1262 845 1331 verunt,
900 1259 1162 1338 quanto
1215 1258 1387 1311 esset
1431 1236 1787 1310 difficilius
1834 1238 2187 1310 occidere:
2240 1265 2317 1310 ac
2357 1240 2669 1312 scierunt

562 1358 880 1429 futurum
902 1409 921 1440 ‚
957 1373 1035 1424 ut
1060 1351 1116 1423 si
1142 1378 1361 1423 unam
1397 1350 1579 1422 hanc
1612 1351 1853 1423 mortis
1886 1378 2162 1449 poenam
2198 1373 2434 1424 contra
2461 1353 2671 1425 adul-

562 1495 742 1545 teros
763 1467 1276 1541 constituissent
1289 1525 1307 1558 ‚
1325 1467 1571 1567 saepius
1592 1466 1885 1566 impune
1904 1468 2451 1541 committeretur
2469 1468 2671 1542 adul-

565 1585 860 1657 terium:
899 1583 1409 1655 constituerunt
1440 1608 1606 1681 ergo
1633 1608 1913 1682 poenam
1944 1603 2015 1654 et
2042 1583 2425 1656 secundam
2456 1612 2473 1655 :
2506 1612 2674 1684 pro-

563 1719 937 1799 spexerunt
964 1698 1507 1788 infirmioribus,
1540 1719 2041 1798 prospexerunt
2066 1698 2473 1771 lenioribus.
2502 1702 2673 1771 For·

568 1816 749 1889 sitan
787 1814 1260 1912 cogitaverunt
1301 1834 1370 1885 et
1411 1813 1626 1905 illud,
1674 1840 1821 1885 non
1856 1814 2189 1886 omnibus
2220 1816 2489 1885 futuras
2522 1842 2675 1889 esse

568 1930 776 2003 vires:
825 1930 918 2000 ita
946 1949 1510 2029 temperaverunt
1546 1928 1967 2002 severitatem
1987 1986 2006 2020 ‚
2044 1950 2119 2001 ut
2144 1928 2525 2001 vindicaret
2556 1958 2674 2021 se,

570 2043 925 2145 quomodo
969 2044 1262 2144 quisque
1313 2065 1563 2145 posset.
1609 2044 1766 2115 Dixi
1809 2065 2169 2140 tamquam
2206 2070 2330 2143 pro
2362 2043 2675 2145 juvene,

569 2161 708 2233 dixi
739 2182 1102 2256 tamquam
1129 2186 1257 2258 pro
1281 2159 1569 2231 marito:
1596 2159 1979 2231 dicendum
2015 2179 2116 2230 est
2144 2179 2503 2259 tamquam
2542 2186 2677 2259 pro

571 2277 957 2374 impubere.
993 2278 1155 2347 Non
1191 2302 1306 2347 me
1335 2276 1617 2348 hercule
1655 2275 1810 2348 satis
1844 2276 2256 2347 constituere
2283 2275 2475 2375 apud
2509 2277 2681 2348 ani-

575 2418 776 2464 mum
813 2416 1056 2463 meum
1091 2417 1414 2491 possum,
1464 2419 1554 2464 an
1600 2391 1767 2463 huic
1799 2390 2149 2464 adulteros
2180 2390 2451 2463 licuerit
2483 2390 2681 2464 occi-

577 2507 761 2580 dere.
783 2506 950 2596 Quo
978 2507 1170 2578 enim
1203 2507 1488 2580 tandem
1521 2507 1731 2580 modo
1751 2506 2240 2579 defenderetur
2263 2505 2447 2578 filius
2473 2527 2678 2600 tum,

574 2623 631 2695 si
667 2621 825 2720 quis
854 2621 1248 2713 exstitisset,
1285 2624 1409 2723 qui
1449 2624 1745 2712 diceret,
1777 2622 2085 2696 occidisti
2118 2621 2447 2692 homines
2482 2646 2682 2692 non-

577 2739 752 2810 dum
784 2738 1110 2810 maritus:
1143 2765 1271 2810 nec
1296 2740 1487 2810 enim
1512 2739 1612 2812 vis'
1634 2739 1761 2808 ista
1788 2737 2097 2808 nominis
2120 2736 2417 2838 hujusce
2440 2738 2685 2836 appel·

574 2850 832 2924 latione
873 2852 1101 2950 prima
1132 2853 1489 2924 consistit:
1524 2877 1655 2923 nec
1692 2851 1855 2923 satis
1894 2871 1994 2922 est
2029 2851 2369 2922 maritum
2398 2871 2681 2923 tantum

581 2967 814 3038 osculo
835 2969 1080 3067 putari.
1105 2969 1346 3040 Postea
1365 2967 1619 3041 nudari
1640 2967 1870 3042 filium
1886 2965 1941 3060 ³,
1969 2987 2175 3065 atque
2201 2967 2276 3038 in
2296 2989 2683 3067 conspectu

662 3197 706 3231 1.
751 3181 953 3232 Durare
992 3183 1064 3234 ad
1093 3185 1415 3256 sanquinem.
1456 3185 1589 3238 Vide

585 3259 840 3310 Ramirez.
865 3257 932 3309 de
955 3259 1125 3312 Prado
1146 3263 1453 3314 Pentecont.
1472 3283 1588 3334 cap.

585 3359 638 3410 9.
669 3341 938 3393 Διιιειον.
969 3341 1106 3394 Vide
1143 3342 1214 3394 ad
1243 3345 1410 3395 Instit.
1444 3346 1589 3398 Orat.

587 3419 680 3473 lib.
707 3419 806 3485 lx,
829 3438 948 3490 cap.
979 3439 1026 3474 2.

665 3516 712 3550 2.
753 3498 964 3550 Habent
998 3517 1145 3552 suam
1177 3501 1420 3573 qratiam.
1462 3503 1594 3554 Gra-

591 3575 720 3632 tiam
740 3575 805 3627 de
823 3578 1112 3648 spectaculo
1133 3577 1434 3631 habuerunt.
1454 3581 1597 3653 0092·-

589 3658 1594 3732 taverunt.AEnon.-Poaeet.Passienip.

665 3739 718 3790 3.
733 3739 916 3790 Postea
937 3739 1130 3792 nudari
1134 3738 1338 3812 filium.
1359 3741 1477 3793 Fuit
1491 3739 1596 3793 hoc

596 3833 708 3871 tum
731 3821 919 3872 incerti
933 3821 1097 3891 juris,
1119 3821 1374 3893 pubertas
1391 3824 1449 3874 in
1469 3841 1598 3876 mas-

592 3899 726 3952 culis
746 3899 896 3952 annis
916 3911 969 3950 et
985 3912 1166 3965 atate,
1185 3919 1252 3952 nn
1270 3898 1457 3952 habitu
1482 3919 1598 3953 cor-

593 3979 742 4048 poris
764 3978 1068 4030 aestimanda
1092 3993 1246 4032 esset.
1275 3978 1401 4032 Fal).
1427 3981 1593 4033 Instit.

597 4053 688 4106 lib.
716 4057 804 4123 1V,
829 4075 875 4108 c.
905 4075 963 4123 2,
984 4059 1029 4125 §-
1049 4055 1110 4110 52
1145 4061 1260 4110 «De
1287 4076 1372 4123 re,
1398 4059 1596 4130 inquit,

1675 3209 1697 3232 οι
1718 3187 2069 3238 centumviros
2084 3224 2100 3251 ,
2124 3181 2261 3238 filius
2292 3202 2362 3237 an
2395 3185 2559 3235 frater
2580 3182 2684 3236 de-

1676 3287 1699 3310 «
1718 3263 1841 3316 beat
1882 3284 1995 3318 esse
2036 3267 2294 3316 intestatoe
2334 3263 2497 3316 hares
2514 3285 2529 3314 a
2570 3281 2684 3334 pu-

1676 3367 1699 3390 «
1718 3342 1897 3395 bertas
1914 3344 2089 3410 annis,
2110 3361 2179 3395 an
2200 3342 2383 3395 habitu
2402 3344 2653 3414 corporis
2666 3381 2687 3408 .,

1678 3443 1701 3468 ιι
1719 3423 2019 3474 aestimetur.
2038 3445 2061 3470 ιι
2112 3422 2195 3474 Sic
2242 3422 2379 3473 enim
2426 3423 2472 3474 is
2522 3421 2685 3474 loeus

1672 3498 2037 3552 emendandus
2056 3511 2154 3552 est.
2172 3500 2547 3552 Cassianorum
2568 3502 2687 3554 sive

1672 3577 2077 3632 Sabinianomm
2102 3581 2415 3632 sententiam
2442 3579 2687 3632 Isidorus

1676 3658 1731 3709 in
1761 3657 1960 3729 nuptiis
1990 3671 2245 3729 sequutus
2272 3655 2481 3710 videtur
2506 3659 2686 3731 Etym.

1674 3735 1767 3788 lib.
1788 3737 1853 3804 V,
1878 3735 2027 3808 quod
2054 3736 2279 3789 relatum
2306 3750 2385 3790 est
2410 3739 2465 3789 in
2494 3753 2618 3809 cap.
2650 3739 2686 3791 3

1676 3813 1743 3866 de
1783 3813 2122 3886 sponsalibus
2166 3816 2391 3888 impub..
2417 3816 2691 3868 Proculia-

1674 3912 1869 3946 norum
1900 3895 1929 3946 J
1936 3895 2227 3948 ustinianus
2254 3907 2438 3948 noster
2464 3895 2688 3948 tandem

1674 3974 1941 4047 probavit.
1956 3977 2157 4028 Priscus
2170 3974 2460 4030 Jaholenus
2472 4013 2491 4043 ‚
2500 3995 2692 4049 quam·

1676 4055 1807 4108 libet
1838 4058 1895 4109 iu
1924 4057 2103 4110 multis
2136 4056 2249 4111 aliis
2275 4060 2409 4129 juris
2447 4059 2689 4113 articulis

601 4155 627 4180 ι
647 4135 960 4202 constat‚de
967 4140 1088 4208 jure
1099 4141 1364 4210 qumi-itur,
1375 4151 1437 4192 ut
1451 4137 1601 4212 apud
1670 4139 1959 4193 Cassianus
1998 4139 2186 4207 fuerit,
2222 4141 2277 4192 in
2312 4140 2419 4193 hoc
2452 4139 2691 4194 mediam
