2855 4871
518 395 643 463 556
1100 394 1633 463 CALPURNII
1681 394 2028 461 FLAGCI

518 662 805 685 §mm

1192 664 1480 685 mmm
1491 664 2262 686 mmmmmm
2269 666 2450 686 mm
2456 666 2616 687 mm

1386 870 1736 946 XVIII.

1240 1086 1518 1159 Armati
1549 1083 1870 1159 abdicati.

518 1298 803 1361 Abdicati
838 1299 917 1359 ad
957 1298 1195 1358 curiam
1233 1310 1657 1359 convenerunt
1697 1298 1952 1374 armati,
2001 1310 2274 1381 petentes
2321 1302 2612 1361 revocari.

596 1402 769 1460 Unus
797 1419 867 1458 ex
896 1398 1178 1480 patribus
1203 1398 1609 1457 contradixit:
1645 1395 1814 1457 filius
1841 1394 1971 1477 ejus
1995 1418 2057 1457 se
2081 1398 2414 1457 interemit.
2447 1397 2614 1458 Idem

598 1495 841 1569 suadet,
870 1509 938 1555 ut
960 1496 1358 1578 recipiantur.

1236 1702 1389 1747 Pno
1439 1700 1910 1748 Annlcrrts.

616 1842 816 1930 Peto,
842 1860 919 1913 ut
942 1841 1355 1941 indulgeatis
1380 1842 1498 1913 irae
1522 1841 1910 1915 domesticae
1935 1854 1982 1933 ¹,
2015 1866 2238 1939 quum
2265 1866 2380 1912 me
2405 1840 2618 1913 videa.

518 1958 601 2029 tis
633 1957 911 2057 publice
941 1958 1269 2058 poenitere
1308 1958 1665 2031 sententiae
1697 1988 1710 2030 ε
1757 1986 1922 2031 nam
1954 1958 2134 2030 sicut
2169 1958 2242 2029 in
2275 1958 2412 2029 vita
2447 1983 2620 2028 nun-

520 2100 735 2172 quam
790 2100 1012 2146 errare
1036 2132 1054 2165 ,
1116 2074 1336 2146 felicis
1386 2096 1528 2165 est3
1585 2076 1680 2147 ita
1730 2102 2034 2148 errorem
2091 2073 2616 2173 quamprimum

520 2187 890 2259 emendare
905 2243 923 2276 ‚
946 2188 1303 2287 sapientis:
1338 2210 1708 2288 parentum
1734 2190 1850 2263 illa
1875 2188 2274 2262 deliberatio
2295 2187 2456 2279 fuit,
2479 2188 2618 2259 haec

510 2301 661 2402 jam
682 2303 1026 2373 cunctatio
1048 2304 1554 2401 parricidarum
1569 2318 1593 2348 ²
1613 2326 1729 2377 est.
1752 2308 1978 2377 AEtate
1995 2304 2166 2403 lapsi
2185 2330 2466 2393 sumuS,
2483 2330 2622 2401 ege·

520 2439 693 2491 state
731 2418 1047 2490 correcti:
1082 2419 1155 2490 in
1184 2420 1315 2493 hoc
1350 2449 1467 2493 vos
1498 2448 1861 2495 exoramus
1899 2421 2088 2512 loco,
2121 2420 2194 2492 in
2232 2447 2375 2520 quo
2411 2420 2614 2492 etiam

519 2536 749 2609 hostes
793 2535 1087 2635 superati
1140 2565 1283 2608 non
1331 2540 1580 2610 frustra
1623 2538 2212 2638 supplicaverunt.
2268 2540 2456 2636 Ergo
2503 2536 2616 2608 ille

457 2661 465 2676 '
520 2655 731 2727 tristis
750 2651 803 2746 ³,
830 2676 896 2727 et
920 2681 1165 2748 saevns,
1192 2683 1415 2756 quum
1445 2656 1839 2730 abdicarem
1857 2715 1876 2747 ,
1910 2678 2146 2730 tamen
2171 2657 2309 2747 fui,
2345 2677 2414 2728 et
2448 2683 2617 2728 sem-

599 2869 643 2904 1.
680 2853 848 2917 Puto,
882 2865 941 2906 ut
972 2853 1283 2928 indulgeatis
1316 2853 1402 2906 ἕνα
1431 2853 1530 2907 do-

520 2932 755 2982 mestieoe.
778 2931 921 2984 Serv.
938 2934 1080 3002 Vir-g.
1098 2935 1213 2986 AEn.
1238 2933 1306 2983 lv
1323 2932 1393 2985 ad
1410 2932 1530 2999 illa,

1609 2853 1884 2926 adigimus.
1919 2857 2140 2908 Senum.
2169 2885 2243 2896 -—
2267 2855 2451 2906 AEtate
2489 2851 2614 2924 lapsi

1608 2953 1797 2988 samus.
1824 2937 1988 3006 Lege,
2009 2943 2144 2988 sunt.
2171 2935 2394 2986 Senum-r.

520 3008 751 3079 Indulqe
765 3008 1004 3078 hospitio.
1027 3034 1048 3057 ι
1068 3011 1313 3082 Indulge,
1330 3013 1529 3084 inquit,

527 3113 548 3136 ι
568 3089 639 3140 da
662 3107 909 3161 operam:
934 3113 955 3136 ιι
990 3103 1049 3142 ut
1062 3127 1081 3156 ‚
1110 3115 1131 3138 ιι
1152 3092 1431 3162 indulgent
1452 3094 1532 3146 vi-

528 3191 549 3214 ·
571 3186 671 3232 no,
696 3180 750 3219 et
772 3179 984 3219 vertunt
1008 3182 1235 3222 crateras
1259 3171 1479 3225 ahenos.
1503 3194 1526 3219 n

520 3249 681 3317 Quod
722 3263 775 3302 et
814 3247 903 3300 hic
946 3248 1123 3300 locum
1169 3249 1347 3304 habet.
1394 3254 1532 3304 Nam

524 3326 655 3398 quid
670 3343 749 3380 est
764 3327 852 3380 ind
860 3327 1035 3400 uigere
1046 3331 1135 3382 irae
1144 3367 1162 3395 ‚
1172 3331 1273 3382 uisi
1286 3329 1363 3382 illi
1380 3334 1532 3401 quasi

524 3424 739 3478 operam
767 3407 926 3474 dare,
954 3407 1029 3460 illi
1058 3409 1233 3460 animo
1260 3407 1534 3462 addictum

524 3497 575 3536 et
598 3484 865 3536 volentem
894 3489 1049 3538 esse?
1075 3487 1176 3540 Sed
1206 3486 1327 3540 inde
1352 3500 1531 3556 patet,

524 3563 909 3617 emendandum
930 3584 1071 3632 esse,
1094 3567 1221 3619 Peto
1234 3605 1248 3632 ‚
1274 3586 1337 3620 ne
1358 3565 1534 3619 indul-

520 3643 685 3718 geatis
710 3643 798 3694 im·
820 3645 1120 3697 domesticoe.
1142 3647 1270 3698 Vult
1297 3648 1438 3698 enim
1463 3665 1534 3699 ne

524 3721 749 3793 amplius
772 3723 964 3774 infensi
988 3725 1089 3774 sint
1109 3723 1257 3790 filiis,
1278 3742 1413 3795 quos
1442 3725 1534 3776 ab·

524 3801 841 3854 dicaverant.
858 3803 1077 3856 Senum.
1092 3833 1165 3846 —
1176 3804 1401 3857 Publice.
1421 3807 1534 3856 Ma·

524 3879 642 3948 lim,
667 3882 907 3953 publicoe.
932 3886 1079 3936 Pt‘ru.
1106 3886 1181 3936 Ita
1209 3879 1374 3934 edidit
1398 3882 1529 3936 Obr.

599 3978 646 4012 2.
677 3964 945 4017 cunctatio
969 3963 1365 4036 parricidarum.
1394 3964 1532 4030 Quia

524 4042 859 4114 parricidium
930 4045 1303 4097 committimus
1324 4081 1341 4108 ,
1402 4043 1532 4096 dum

526 4123 862 4174 cunctatione
875 4136 1055 4175 nostra
1072 4121 1208 4175 filios
1223 4121 1289 4175 ad
1307 4135 1533 4176 mortem

1679 3015 1731 3068 3.
1761 3015 1904 3088 Ergo
1931 3012 2024 3066 ille
2051 3013 2220 3066 tristis.
2255 3012 2465 3066 Scribe:
2501 3011 2610 3086 Ego

1611 3093 1706 3146 tue
1739 3093 1889 3146 tristis
1919 3106 1970 3146 et
1998 3109 2192 3157 soevus,
2215 3111 2381 3163 quum
2415 3089 2618 3142 abdica-

1614 3191 1752 3239 rem,
1791 3183 1966 3226 tamen
2109 3172 2144 3222 i.
2183 3172 2348 3224 Gnou.
2387 3169 2618 3222 Turbata

1611 3249 1721 3304 haec
1745 3264 1896 3317 aunt,
1921 3264 1974 3303 et
1997 3249 2100 3302 hoc
2125 3245 2312 3300 ordine
2337 3246 2616 3319 ponenda,

1612 3332 1726 3404 qu
1751 3331 1854 3401 ipse
1879 3331 2030 3384 tristis
2051 3341 2104 3382 et
2121 3347 2312 3392 soevus,
2337 3347 2504 3398 quum
2533 3327 2618 3378 ab·

1611 3411 1865 3476 dicarem,
1889 3408 2019 3482 sm]-
2047 3418 2100 3460 et
2124 3418 2300 3460 tamen
2329 3425 2536 3477 semper
2557 3423 2618 3458 ex

1613 3505 1704 3552 eo,
1735 3487 1857 3540 licet
1883 3487 2104 3552 tacitae,
2138 3487 2376 3560 inp-mni
2394 3509 2410 3538 .·
2449 3497 2500 3538 et
2527 3501 2618 3554 op-

1609 3576 1893 3637 portunum
1903 3569 1997 3638 jus
2019 3564 2116 3636 (an
2139 3563 2400 3637 tempus-²)
2419 3563 2616 3614 restitu-

1616 3645 1770 3697 tionis
1799 3645 1993 3716 optavi.
2028 3645 2281 3698 Restituat
2315 3643 2448 3695 vobis
2467 3639 2618 3713 filios

1613 3724 1891 3776 auctoritas
1918 3722 2169 3794 publica,
2205 3733 2474 3792 tamquam
2509 3717 2620 3770 alia

1613 3815 1818 3856 natura.
1861 3803 2086 3854 Scau-r.
2127 3803 2244 3874 Ego
2287 3799 2384 3852 ine
2429 3798 2620 3852 mutari

1613 3881 1811 3935 nolim:
1843 3884 2100 3954 respicere
2129 3883 2270 3934 enim
2301 3879 2370 3934 ad
2399 3879 2489 3932 illa
2513 3882 2620 3932 De-

1613 3982 1739 4014 meae
1771 3961 1926 4014 verba
1965 3960 2108 4034 apud
2141 3962 2358 4013 Terent.
2393 3956 2618 4029 Adelph.

1611 4045 1678 4108 V,
1708 4040 1772 4108 4,
1794 4039 2024 4093 videtur:
2061 4063 2083 4088 ι
2103 4041 2215 4110 Ego
2249 4038 2337 4090 ille
2371 4037 2622 4108 agrestia,

1619 4139 1641 4169 a
1661 4139 1854 4186 saevus,
1883 4121 2072 4188 tristis,
2099 4136 2328 4191 pal-cua,
2356 4115 2622 4170 u-ueulen-
