2855 4871
581 440 1418 507 DECLAMATIONES.
1466 443 1879 508 CCCXLII.

2154 441 2277 525 405

169 711 2279 744 mmmmmmmmmmmmussffl

965 933 1515 1012 CCCXLII.

533 1183 814 1256 Ancilla
849 1187 922 1255 in
951 1180 1391 1283 archipiratae
1420 1189 1691 1284 nuptias
1722 1191 1941 1257 missa.

175 1393 314 1470 Qut
357 1411 717 1453 votum-Are
755 1411 982 1452 nomm
1020 1411 1088 1451 m
1125 1410 1464 1452 mann-rur.
1500 1412 1751 1468 runnu,
1790 1411 1970 1451 unna
2008 1411 2119 1451 srr.
2158 1392 2285 1468 Qui

259 1487 539 1549 habebat
560 1501 796 1570 patrem
820 1501 880 1547 et
902 1508 1204 1563 sororem,
1230 1500 1449 1570 captus
1472 1500 1560 1548 est
1588 1511 1623 1548 a
1649 1489 1878 1571 piratis.
1904 1489 2288 1569 scripserunt

259 1587 484 1668 piratae
505 1586 664 1668 patri
677 1631 692 1660 ‚
713 1597 781 1645 ut
800 1585 1069 1645 mitteret
1085 1585 1377 1646 vicariam
1394 1583 1592 1646 filiam
1604 1583 1881 1646 futuram
1898 1583 2287 1665 archipiratae

261 1703 542 1743 uxorem.
569 1683 744 1741 Misit
767 1681 870 1742 ille
897 1683 1232 1742 matronali
1249 1681 1505 1742 habitu¹
1535 1682 1859 1744 ancillam:
1891 1684 2177 1744 remissus
2200 1694 2289 1742 est

263 1779 646 1840 adolescens.
698 1779 812 1840 Illa
857 1775 938 1840 ab
988 1779 1361 1862 archipirata
1411 1778 1589 1840 heres
1642 1783 1929 1842 omnium
1972 1781 2289 1842 bonorum

261 1875 476 1937 relicta
495 1920 514 1952 ,
537 1875 717 1937 rediit
743 1877 811 1936 in
839 1877 1169 1936 civitatem.
1199 1877 1443 1936 Dicitur
1466 1876 1712 1938 ancilla.

1051 2081 1416 2148 SERMO.

274 2255 535 2323 Similes
551 2257 948 2346 quaestiones
965 2271 1122 2322 sunt
1135 2256 1374 2344 prioris
1397 2253 1759 2338 divisionis;
1786 2255 2019 2322 eadem
2040 2255 2285 2322 finitio:

179 2365 352 2431 dicit
373 2365 550 2428 enim
575 2367 628 2428 is
643 2415 659 2444 ,
697 2364 811 2455 qui
836 2364 1004 2453 petit
1021 2365 1090 2428 in
1111 2365 1497 2430 servitutem
1517 2413 1535 2444 ,
1558 2388 1711 2430 eum
1733 2387 1877 2431 esse
1896 2365 1964 2429 in
1983 2364 2295 2430 libertate

179 2473 448 2539 domini
483 2475 860 2552 voluntate,
901 2496 1099 2562 quem
1139 2472 1426 2539 liberum
1465 2497 1606 2539 esse
1644 2470 1952 2540 dominus
1981 2474 2288 2539 voluerit.

179 2582 426 2644 Nostra
457 2602 608 2667 pars
644 2578 842 2659 dixit,
876 2580 946 2642 in
979 2577 1282 2643 libertate
1307 2601 1455 2644 esse
1484 2578 1739 2644 domini
1765 2579 2107 2643 voluntate
2138 2600 2299 2655 θος..

181 2687 305 2775 qui
341 2683 596 2775 aliquid
624 2709 747 2776 pro
779 2685 1004 2750 liberis
1045 2707 1124 2748 ex
1155 2684 1498 2750 voluntate
1531 2684 1786 2749 domini
1810 2684 2136 2749 fecerunt.
2167 2686 2292 2747 Re-

181 2789 500 2879 pellenda
543 2809 643 2857 est
683 2792 875 2858 nobis
917 2790 1130 2855 finitio
1175 2792 1375 2880 partis
1415 2788 1747 2873 adversae3
1784 2787 2029 2855 deinde
2065 2804 2291 2857 nostra

179 2896 657 2963 confirmanda.
685 2898 862 2962 Finis
885 2897 1090 2989 partis
1113 2894 1408 2962 adversae
1433 2898 1525 2963 sic
1544 2918 1566 2941 ²
1590 2894 1983 2984 repelletur..

262 3136 284 3170 1
296 3158 308 3171 .
323 3121 716 3175 Matrimoniali
729 3122 931 3174 habitu.
945 3120 1082 3175 Vide
1096 3123 1201 3175 Ru-

179 3200 308 3254 ben.
336 3200 406 3254 de
429 3205 505 3255 Re
527 3204 800 3270 vestiaria,
826 3203 915 3254 lib.
943 3206 996 3269 1,
1019 3222 1066 3255 c.
1102 3203 1198 3269 16,

181 3280 280 3332 ubi
293 3281 433 3334 male
449 3282 572 3334 hinc
589 3282 792 3354 colligit
807 3282 1021 3334 libertas
1039 3299 1200 3354 quan·

178 3358 368 3429 doque
385 3373 624 3432 portasse
639 3360 821 3413 stolas.
835 3363 1055 3415 Senum.
1077 3362 1200 3412 Ma-

179 3437 418 3504 ΐνοηαίἰ,
441 3438 619 3491 AErod.
645 3438 780 3491 pith.
809 3454 860 3491 et
883 3457 1000 3491 nos·
1031 3438 1124 3489 En.

257 3534 311 3568 2.
337 3516 486 3568 Finis
505 3517 670 3587 partis
695 3518 916 3571 adversoe
937 3519 1006 3570 sic
1031 3516 1200 3587 repel-

183 3596 342 3649 letur.
381 3597 464 3649 sic
495 3610 548 3649 et
573 3598 889 3651 Thaddaeus.
917 3597 1164 3650 AErodius
1181 3634 1198 3663 ‚

183 3678 402 3729 finitio.
419 3677 554 3729 Sed
539 3696 712 3749 ipsum
732 3676 865 3729 illud
875 3675 1018 3749 finis.
1035 3676 1200 3755 Quin-

185 3759 581 3825 tilianu8‚1nst.
607 3758 697 3810 lib.
720 3760 810 3823 lv,
834 3775 950 3828 cap.
975 3756 1036 3822 4,
1061 3756 1104 3826 §-
1130 3756 1194 3824 4:

189 3838 342 3891 -Sed
365 3856 754 3910 nonuunquam
777 3835 928 3889 valde
953 3834 1095 3887 utilis
1121 3849 1199 3887 est

189 3944 212 3967 ε
234 3920 474 3971 narratio
491 3957 508 3984 ,
543 3920 804 3990 praecipue
820 3956 837 3984 ‚
861 3916 956 3969 ubi
986 3935 1068 3969 res
1102 3912 1198 3967 de-

191 4022 214 4047 ⁸
234 4000 384 4053 feudi
411 4019 524 4053 non
549 4012 756 4071 potest,
784 3997 850 4051 de
879 3998 984 4050 fine
1013 3999 1200 4069 quaeri-

193 4102 217 4125 ·
237 4093 352 4131 tur:
377 4092 436 4130 ut
454 4098 554 4151 pro
575 4097 639 4130 eo
653 4116 672 4145 ,
687 4080 780 4149 qui
797 4076 1078 4149 pecuniam
1096 4076 1199 4146 pri-

195 4173 412 4213 ·vatam
448 4159 518 4215 de
559 4159 760 4231 templo
797 4158 1024 4213 sustulit.
1049 4181 1072 4209 s·
1115 4156 1198 4209 Sic

1278 3124 1417 3173 enim
1443 3122 1565 3173 libri
1581 3134 1709 3173 vett.
1730 3120 1826 3172 ubi
1846 3117 2161 3189 subjiciunt,
2166 3116 2295 3187 jure

1279 3215 1371 3252 aut
1403 3201 1632 3252 nomine.
1672 3198 1785 3252 Lib.
1805 3198 1929 3264 Vn,
1962 3216 2009 3249 c.
2032 3197 2092 3262 3,
2115 3196 2165 3263 S.
2190 3210 2286 3247 20:

1283 3300 1308 3324 κ
1328 3277 1563 3349 ideoque
1582 3282 1636 3330 in
1656 3276 1866 3344 schola,
1882 3275 1975 3327 ubi
1991 3273 2148 3326 nobis
2162 3274 2291 3344 ipsis

1287 3380 1308 3405 ⁸
1328 3360 1574 3429 fingimus
1608 3356 2119 3422 contradictionem,
2152 3354 2290 3405 duos

1286 3457 1529 3509 ponere
1581 3437 1836 3490 debemus
1889 3434 2019 3486 fines
2039 3471 2055 3499 ,
2107 3431 2291 3503 quales

1285 3518 1578 3590 ⁸utrinque
1625 3516 1811 3587 optimi
1857 3523 2127 3585 poterunt.
2150 3536 2173 3559 ι
2224 3512 2291 3561 Et

1277 3614 1430 3662 mox,
1456 3596 1491 3647 l.
1516 3616 1563 3647 c.
1591 3594 1635 3666 §.
1660 3595 1757 3647 25:
1786 3614 1807 3639 ⁸
1829 3594 2090 3644 Maximus
2109 3600 2293 3643 autem

1287 3696 1451 3729 usus
1461 3678 1513 3731 in
1528 3664 1878 3749 approbando
1889 3670 2288 3741 refellendoque

1286 3755 1434 3807 ⁸fine
1450 3755 1793 3826 propriorum
1812 3772 1875 3804 ac
1894 3750 2253 3803 differentium
2269 3786 2287 3815 ,

1287 3854 1716 3908 ⁸nonnunquam
1731 3838 1888 3888 etiam
1901 3830 2281 3909 etymologia·

1277 3914 1398 3966 vid.
1419 3917 1577 3966 etiam
1597 3916 1761 3965 instit.
1785 3914 1875 3963 Or.
1901 3913 1972 3976 11,
2000 3906 2093 3973 15,
2122 3923 2210 3973 12,
2232 3918 2285 3958 et

1279 3992 1370 4045 35-
1347 3993 1473 4063 -37.
1492 3991 1727 4057 addeIV,
1746 3990 1877 4056 4,3;
1862 3987 1959 4054 ·,V
1982 4002 2060 4054 ιο,
2079 3982 2164 4052 54,
2180 3998 2281 4037 etc.

1277 4076 1370 4126 En.
1395 4076 1471 4127 Ex
1495 4071 1689 4145 quibus
1713 4081 1933 4141 apparet
1943 4026 2060 4120 ”hic
2068 4084 2283 4137 quoque

1279 4152 1642 4209 scribendum:
1654 4152 1711 4205 F.
1722 4170 1777 4223 p.
1788 4172 1837 4203 a.
1850 4168 1889 4203 s.
1902 4146 2288 4224 refellam-‚Gri-
