<?xml version="1.0" encoding="UTF-8"?>
<!DOCTYPE html PUBLIC "-//W3C//DTD XHTML 1.0 Transitional//EN"
    "http://www.w3.org/TR/xhtml1/DTD/xhtml1-transitional.dtd">
<html xmlns="http://www.w3.org/1999/xhtml" xml:lang="en" lang="en">
 <head>
  <title>
</title>
<meta http-equiv="Content-Type" content="text/html;charset=utf-8" />
  <meta name='ocr-system' content='tesseract 3.04.00' />
  <meta name='ocr-capabilities' content='ocr_page ocr_carea ocr_par ocr_line ocrx_word'/>
</head>
<body>
  <div class='ocr_page' id='page_1' title='image "./marcusfabiusqui06spalgoog_0365.png"; bbox 0 0 2855 4871; ppageno 0'>
   <div class='ocr_carea' id='block_1_1' title="bbox 611 443 2194 527">
    <p class='ocr_par' dir='ltr' id='par_1_1' title="bbox 611 443 2194 527">
     <span class='ocr_line' id='line_1_1' title="bbox 611 443 2194 527; baseline -0.004 -14"><span class='ocrx_word' id='word_1_1' title='bbox 611 447 739 514; x_wconf 89' lang='grc'><strong>358</strong></span> <span class='ocrx_word' id='word_1_2' title='bbox 1114 446 1208 509; x_wconf 91' lang='grc' dir='ltr'><strong>Μ.</strong></span> <span class='ocrx_word' id='word_1_3' title='bbox 1256 443 1509 508; x_wconf 84' lang='lat' dir='ltr'><strong>FABII</strong></span> <span class='ocrx_word' id='word_1_4' title='bbox 1554 443 2194 527; x_wconf 84' lang='lat' dir='ltr'>QUINTILIANI</span> 
     </span>
    </p>
   </div>
   <div class='ocr_carea' id='block_1_2' title="bbox 602 570 2683 2166">
    <p class='ocr_par' dir='ltr' id='par_1_2' title="bbox 602 570 2683 2166">
     <span class='ocr_line' id='line_1_2' title="bbox 606 570 2678 663; baseline -0.002 -23"><span class='ocrx_word' id='word_1_5' title='bbox 606 596 763 640; x_wconf 77' lang='lat' dir='ltr'><strong>vare</strong></span> <span class='ocrx_word' id='word_1_6' title='bbox 786 575 859 640; x_wconf 87' lang='lat' dir='ltr'><strong>in</strong></span> <span class='ocrx_word' id='word_1_7' title='bbox 876 572 1187 641; x_wconf 79' lang='lat' dir='ltr'><strong>omnibus</strong></span> <span class='ocrx_word' id='word_1_8' title='bbox 1205 573 1670 640; x_wconf 80' lang='lat' dir='ltr'><strong>controversiis</strong></span> <span class='ocrx_word' id='word_1_9' title='bbox 1691 587 1735 653; x_wconf 83' lang='lat'><strong>¹,</strong></span> <span class='ocrx_word' id='word_1_10' title='bbox 1757 595 1907 663; x_wconf 85' lang='lat' dir='ltr'><strong>quae</strong></span> <span class='ocrx_word' id='word_1_11' title='bbox 1929 572 2168 661; x_wconf 76' lang='lat' dir='ltr'>ingrati</span> <span class='ocrx_word' id='word_1_12' title='bbox 2191 572 2340 662; x_wconf 79' lang='lat' dir='ltr'><strong>lege</strong></span> <span class='ocrx_word' id='word_1_13' title='bbox 2359 570 2678 638; x_wconf 84' lang='lat' dir='ltr'><strong>continen-</strong></span> 
     </span>
     <span class='ocr_line' id='line_1_3' title="bbox 607 676 2678 772; baseline -0.002 -22"><span class='ocrx_word' id='word_1_14' title='bbox 607 702 737 764; x_wconf 89' lang='lat' dir='ltr'><strong>tur,</strong></span> <span class='ocrx_word' id='word_1_15' title='bbox 764 681 1189 762; x_wconf 62' lang='lat' dir='ltr'><strong>debebimnzz,</strong></span> <span class='ocrx_word' id='word_1_16' title='bbox 1216 700 1290 748; x_wconf 87' lang='lat' dir='ltr'><strong>ut</strong></span> <span class='ocrx_word' id='word_1_17' title='bbox 1318 681 1419 762; x_wconf 84' lang='lat' dir='ltr'><strong>hi,</strong></span> <span class='ocrx_word' id='word_1_18' title='bbox 1453 685 1568 772; x_wconf 76' lang='lat' dir='ltr'><strong>qui</strong></span> <span class='ocrx_word' id='word_1_19' title='bbox 1593 683 1690 747; x_wconf 86' lang='lat' dir='ltr'><strong>rei</strong></span> <span class='ocrx_word' id='word_1_20' title='bbox 1713 699 1901 763; x_wconf 86' lang='lat' dir='ltr'><strong>sunt,</strong></span> <span class='ocrx_word' id='word_1_21' title='bbox 1927 682 1996 746; x_wconf 89' lang='lat' dir='ltr'><strong>in</strong></span> <span class='ocrx_word' id='word_1_22' title='bbox 2021 676 2164 772; x_wconf 78' lang='lat' dir='ltr'><strong>ipsa</strong></span> <span class='ocrx_word' id='word_1_23' title='bbox 2183 683 2444 748; x_wconf 87' lang='lat' dir='ltr'><strong>actione</strong></span> <span class='ocrx_word' id='word_1_24' title='bbox 2465 681 2678 771; x_wconf 77' lang='lat' dir='ltr'><strong>ingrati</strong></span> 
     </span>
     <span class='ocr_line' id='line_1_4' title="bbox 604 789 2678 879; baseline -0.002 -21"><span class='ocrx_word' id='word_1_25' title='bbox 604 815 745 860; x_wconf 86' lang='lat' dir='ltr'><strong>non</strong></span> <span class='ocrx_word' id='word_1_26' title='bbox 772 792 924 858; x_wconf 85' lang='lat' dir='ltr'><strong>sint.</strong></span> <span class='ocrx_word' id='word_1_27' title='bbox 950 794 1123 858; x_wconf 82' lang='lat' dir='ltr'><strong>Raro</strong></span> <span class='ocrx_word' id='word_1_28' title='bbox 1144 789 1351 857; x_wconf 83' lang='lat' dir='ltr'><strong>valde·</strong></span> <span class='ocrx_word' id='word_1_29' title='bbox 1368 791 1813 856; x_wconf 74' lang='lat' dir='ltr'><strong>intervenient</strong></span> <span class='ocrx_word' id='word_1_30' title='bbox 1835 789 2302 856; x_wconf 82' lang='lat' dir='ltr'><strong>controversiae</strong></span> <span class='ocrx_word' id='word_1_31' title='bbox 2319 839 2338 870; x_wconf 95' lang='lat'><strong>,</strong></span> <span class='ocrx_word' id='word_1_32' title='bbox 2361 790 2434 854; x_wconf 86' lang='lat' dir='ltr'><strong>in</strong></span> <span class='ocrx_word' id='word_1_33' title='bbox 2463 789 2678 879; x_wconf 80' lang='lat' dir='ltr'><strong>quibus</strong></span> 
     </span>
     <span class='ocr_line' id='line_1_5' title="bbox 604 896 2678 989; baseline -0.002 -25"><span class='ocrx_word' id='word_1_34' title='bbox 604 897 735 965; x_wconf 85' lang='lat' dir='ltr'><strong>boc</strong></span> <span class='ocrx_word' id='word_1_35' title='bbox 760 916 1113 989; x_wconf 79' lang='lat' dir='ltr'><strong>esuaeratur,</strong></span> <span class='ocrx_word' id='word_1_36' title='bbox 1139 923 1223 964; x_wconf 88' lang='lat' dir='ltr'><strong>an</strong></span> <span class='ocrx_word' id='word_1_37' title='bbox 1248 901 1329 978; x_wconf 69' lang='lat' dir='ltr'><strong>is»,</strong></span> <span class='ocrx_word' id='word_1_38' title='bbox 1362 899 1477 988; x_wconf 91' lang='lat' dir='ltr'><strong>qui</strong></span> <span class='ocrx_word' id='word_1_39' title='bbox 1503 898 1738 986; x_wconf 77' lang='lat' dir='ltr'>ingrati</span> <span class='ocrx_word' id='word_1_40' title='bbox 1763 919 1918 963; x_wconf 86' lang='lat' dir='ltr'><strong>reus</strong></span> <span class='ocrx_word' id='word_1_41' title='bbox 1943 913 2076 979; x_wconf 76' lang='lat' dir='ltr'><strong>est,</strong></span> <span class='ocrx_word' id='word_1_42' title='bbox 2099 898 2430 987; x_wconf 82' lang='lat' dir='ltr'><strong>acceperit</strong></span> <span class='ocrx_word' id='word_1_43' title='bbox 2455 896 2678 964; x_wconf 83' lang='lat' dir='ltr'><strong>benefi-</strong></span> 
     </span>
     <span class='ocr_line' id='line_1_6' title="bbox 606 1003 2678 1097; baseline -0.001 -28"><span class='ocrx_word' id='word_1_44' title='bbox 606 1004 855 1071; x_wconf 87' lang='lat' dir='ltr'><strong>ficium.</strong></span> <span class='ocrx_word' id='word_1_45' title='bbox 882 1006 1223 1097; x_wconf 87' lang='lat' dir='ltr'><strong>Pleraeque</strong></span> <span class='ocrx_word' id='word_1_46' title='bbox 1239 1057 1258 1086; x_wconf 97' lang='lat'><strong>,</strong></span> <span class='ocrx_word' id='word_1_47' title='bbox 1282 1007 1455 1070; x_wconf 85' lang='lat' dir='ltr'><strong>sicut</strong></span> <span class='ocrx_word' id='word_1_48' title='bbox 1476 1003 1620 1070; x_wconf 88' lang='lat' dir='ltr'><strong>haec</strong></span> <span class='ocrx_word' id='word_1_49' title='bbox 1635 1055 1654 1084; x_wconf 97' lang='lat'><strong>,</strong></span> <span class='ocrx_word' id='word_1_50' title='bbox 1680 1003 2038 1070; x_wconf 82' lang='lat' dir='ltr'><strong>devertunt</strong></span> <span class='ocrx_word' id='word_1_51' title='bbox 2059 1027 2173 1085; x_wconf 89' lang='lat' dir='ltr'><strong>eo,</strong></span> <span class='ocrx_word' id='word_1_52' title='bbox 2205 1021 2279 1068; x_wconf 90' lang='lat' dir='ltr'><strong>ut</strong></span> <span class='ocrx_word' id='word_1_53' title='bbox 2301 1005 2678 1095; x_wconf 65' lang='lat' dir='ltr'><strong>quaestiones</strong></span> 
     </span>
     <span class='ocr_line' id='line_1_7' title="bbox 604 1106 2681 1204; baseline -0.003 -26"><span class='ocrx_word' id='word_1_54' title='bbox 604 1110 896 1178; x_wconf 78' lang='lat' dir='ltr'><strong>habeant</strong></span> <span class='ocrx_word' id='word_1_55' title='bbox 910 1163 929 1192; x_wconf 89' lang='lat'><strong>,</strong></span> <span class='ocrx_word' id='word_1_56' title='bbox 958 1117 1061 1178; x_wconf 83' lang='lat' dir='ltr'><strong>An</strong></span> <span class='ocrx_word' id='word_1_57' title='bbox 1086 1112 1385 1204; x_wconf 82' lang='lat' dir='ltr'><strong>quisquis</strong></span> <span class='ocrx_word' id='word_1_58' title='bbox 1408 1111 1739 1200; x_wconf 82' lang='lat' dir='ltr'><strong>acceperit</strong></span> <span class='ocrx_word' id='word_1_59' title='bbox 1759 1109 2164 1176; x_wconf 87' lang='lat' dir='ltr'><strong>beneficium</strong></span> <span class='ocrx_word' id='word_1_60' title='bbox 2181 1161 2196 1190; x_wconf 92' lang='lat'><strong>,</strong></span> <span class='ocrx_word' id='word_1_61' title='bbox 2229 1127 2296 1175; x_wconf 91' lang='lat' dir='ltr'><strong>et</strong></span> <span class='ocrx_word' id='word_1_62' title='bbox 2323 1133 2464 1174; x_wconf 87' lang='lat' dir='ltr'><strong>non</strong></span> <span class='ocrx_word' id='word_1_63' title='bbox 2489 1106 2681 1172; x_wconf 88' lang='lat' dir='ltr'><strong>reddi-</strong></span> 
     </span>
     <span class='ocr_line' id='line_1_8' title="bbox 609 1215 2679 1310; baseline -0.004 -27"><span class='ocrx_word' id='word_1_64' title='bbox 609 1216 817 1300; x_wconf 84' lang='lat' dir='ltr'><strong>derit,</strong></span> <span class='ocrx_word' id='word_1_65' title='bbox 859 1220 1153 1310; x_wconf 77' lang='lat' dir='ltr'><strong>ingratus</strong></span> <span class='ocrx_word' id='word_1_66' title='bbox 1190 1219 1310 1298; x_wconf 81' lang='lat' dir='ltr'><strong>sit3</strong></span> <span class='ocrx_word' id='word_1_67' title='bbox 1354 1242 1441 1283; x_wconf 88' lang='lat' dir='ltr'><strong>an</strong></span> <span class='ocrx_word' id='word_1_68' title='bbox 1483 1218 1704 1282; x_wconf 87' lang='lat' dir='ltr'><strong>omnia</strong></span> <span class='ocrx_word' id='word_1_69' title='bbox 1723 1267 1741 1297; x_wconf 93' lang='lat'><strong>,</strong></span> <span class='ocrx_word' id='word_1_70' title='bbox 1783 1239 2202 1308; x_wconf 82' lang='lat' dir='ltr'><strong>quaecunque</strong></span> <span class='ocrx_word' id='word_1_71' title='bbox 2245 1215 2679 1304; x_wconf 79' lang='lat' dir='ltr'><strong>exigebantur,</strong></span> 
     </span>
     <span class='ocr_line' id='line_1_9' title="bbox 602 1312 2683 1416; baseline -0.004 -24"><span class='ocrx_word' id='word_1_72' title='bbox 602 1343 916 1416; x_wconf 87' lang='lat' dir='ltr'><strong>praestare</strong></span> <span class='ocrx_word' id='word_1_73' title='bbox 947 1326 1289 1393; x_wconf 85' lang='lat' dir='ltr'><strong>debuerit:</strong></span> <span class='ocrx_word' id='word_1_74' title='bbox 1315 1349 1399 1390; x_wconf 87' lang='lat' dir='ltr'><strong>an</strong></span> <span class='ocrx_word' id='word_1_75' title='bbox 1430 1326 1742 1415; x_wconf 89' lang='lat' dir='ltr'><strong>potuerit.</strong></span> <span class='ocrx_word' id='word_1_76' title='bbox 1768 1312 2055 1390; x_wconf 79' lang='lat' dir='ltr'><strong>Gulosus</strong></span> <span class='ocrx_word' id='word_1_77' title='bbox 2084 1324 2484 1413; x_wconf 76' lang='lat' dir='ltr'><strong>figurarum²</strong></span> <span class='ocrx_word' id='word_1_78' title='bbox 2509 1320 2683 1386; x_wconf 84' lang='lat' dir='ltr'><strong>ducet</strong></span> 
     </span>
     <span class='ocr_line' id='line_1_10' title="bbox 604 1429 2681 1523; baseline -0.003 -26"><span class='ocrx_word' id='word_1_79' title='bbox 604 1431 725 1498; x_wconf 86' lang='lat' dir='ltr'><strong>has</strong></span> <span class='ocrx_word' id='word_1_80' title='bbox 750 1435 1038 1522; x_wconf 87' lang='lat' dir='ltr'><strong>species,</strong></span> <span class='ocrx_word' id='word_1_81' title='bbox 1071 1451 1145 1498; x_wconf 91' lang='lat' dir='ltr'><strong>ut</strong></span> <span class='ocrx_word' id='word_1_82' title='bbox 1172 1433 1280 1498; x_wconf 89' lang='lat' dir='ltr'><strong>hic</strong></span> <span class='ocrx_word' id='word_1_83' title='bbox 1309 1457 1564 1523; x_wconf 86' lang='lat' dir='ltr'><strong>pauper</strong></span> <span class='ocrx_word' id='word_1_84' title='bbox 1591 1433 1880 1521; x_wconf 88' lang='lat' dir='ltr'><strong>imputet</strong></span> <span class='ocrx_word' id='word_1_85' title='bbox 1907 1429 2132 1509; x_wconf 85' lang='lat' dir='ltr'><strong>diviti,</strong></span> <span class='ocrx_word' id='word_1_86' title='bbox 2165 1448 2504 1520; x_wconf 84' lang='lat' dir='ltr'><strong>tamquam</strong></span> <span class='ocrx_word' id='word_1_87' title='bbox 2539 1449 2681 1518; x_wconf 85' lang='lat' dir='ltr'><strong>prae·</strong></span> 
     </span>
     <span class='ocr_line' id='line_1_11' title="bbox 607 1535 2682 1628; baseline -0.003 -26"><span class='ocrx_word' id='word_1_88' title='bbox 607 1539 931 1603; x_wconf 82' lang='lat' dir='ltr'><strong>varicatus</strong></span> <span class='ocrx_word' id='word_1_89' title='bbox 956 1539 1059 1605; x_wconf 90' lang='lat' dir='ltr'><strong>sit.</strong></span> <span class='ocrx_word' id='word_1_90' title='bbox 1088 1538 1165 1604; x_wconf 92' lang='lat' dir='ltr'><strong>Id</strong></span> <span class='ocrx_word' id='word_1_91' title='bbox 1188 1556 1411 1604; x_wconf 87' lang='lat' dir='ltr'><strong>autem</strong></span> <span class='ocrx_word' id='word_1_92' title='bbox 1441 1541 1494 1603; x_wconf 86' lang='lat' dir='ltr'><strong>si</strong></span> <span class='ocrx_word' id='word_1_93' title='bbox 1523 1537 1969 1603; x_wconf 86' lang='lat' dir='ltr'><strong>intellexerint</strong></span> <span class='ocrx_word' id='word_1_94' title='bbox 1981 1536 2276 1628; x_wconf 77' lang='lat' dir='ltr'><strong>judiceS,</strong></span> <span class='ocrx_word' id='word_1_95' title='bbox 2301 1535 2414 1601; x_wconf 85' lang='lat' dir='ltr'><strong>vel</strong></span> <span class='ocrx_word' id='word_1_96' title='bbox 2435 1551 2682 1625; x_wconf 87' lang='lat' dir='ltr'><strong>propter</strong></span> 
     </span>
     <span class='ocr_line' id='line_1_12' title="bbox 606 1642 2682 1737; baseline -0.002 -29"><span class='ocrx_word' id='word_1_97' title='bbox 606 1642 740 1710; x_wconf 89' lang='lat' dir='ltr'><strong>hoc</strong></span> <span class='ocrx_word' id='word_1_98' title='bbox 783 1645 970 1709; x_wconf 89' lang='lat' dir='ltr'><strong>illum</strong></span> <span class='ocrx_word' id='word_1_99' title='bbox 1014 1645 1425 1712; x_wconf 87' lang='lat' dir='ltr'><strong>damnabunt</strong></span> <span class='ocrx_word' id='word_1_100' title='bbox 1443 1698 1462 1727; x_wconf 99' lang='lat'><strong>,</strong></span> <span class='ocrx_word' id='word_1_101' title='bbox 1509 1645 1691 1737; x_wconf 88' lang='lat' dir='ltr'><strong>quod</strong></span> <span class='ocrx_word' id='word_1_102' title='bbox 1738 1647 2199 1735; x_wconf 85' lang='lat' dir='ltr'><strong>praevaricatus</strong></span> <span class='ocrx_word' id='word_1_103' title='bbox 2223 1669 2240 1724; x_wconf 90' lang='lat'>;</span> <span class='ocrx_word' id='word_1_104' title='bbox 2291 1643 2401 1708; x_wconf 82' lang='lat' dir='ltr'><strong>vel</strong></span> <span class='ocrx_word' id='word_1_105' title='bbox 2436 1657 2682 1732; x_wconf 87' lang='lat' dir='ltr'><strong>propter</strong></span> 
     </span>
     <span class='ocr_line' id='line_1_13' title="bbox 602 1747 2682 1841; baseline -0.002 -27"><span class='ocrx_word' id='word_1_106' title='bbox 602 1747 766 1831; x_wconf 90' lang='lat' dir='ltr'><strong>hoc,</strong></span> <span class='ocrx_word' id='word_1_107' title='bbox 796 1751 979 1841; x_wconf 90' lang='lat' dir='ltr'><strong>quod</strong></span> <span class='ocrx_word' id='word_1_108' title='bbox 996 1750 1208 1822; x_wconf 82' lang='lat' dir='ltr'><strong>hodie</strong></span> <span class='ocrx_word' id='word_1_109' title='bbox 1233 1768 1411 1818; x_wconf 87' lang='lat' dir='ltr'><strong>certe</strong></span> <span class='ocrx_word' id='word_1_110' title='bbox 1433 1803 1448 1832; x_wconf 90' lang='lat'><strong>,</strong></span> <span class='ocrx_word' id='word_1_111' title='bbox 1480 1751 1596 1817; x_wconf 91' lang='lat' dir='ltr'><strong>ubi</strong></span> <span class='ocrx_word' id='word_1_112' title='bbox 1625 1767 1944 1839; x_wconf 87' lang='lat' dir='ltr'><strong>patronus</strong></span> <span class='ocrx_word' id='word_1_113' title='bbox 1972 1773 2110 1816; x_wconf 90' lang='lat' dir='ltr'><strong>non</strong></span> <span class='ocrx_word' id='word_1_114' title='bbox 2135 1765 2422 1838; x_wconf 88' lang='lat' dir='ltr'><strong>optatur,</strong></span> <span class='ocrx_word' id='word_1_115' title='bbox 2446 1763 2682 1814; x_wconf 85' lang='lat' dir='ltr'><strong>accusat</strong></span> 
     </span>
     <span class='ocr_line' id='line_1_14' title="bbox 608 1854 2678 1949; baseline -0.002 -27"><span class='ocrx_word' id='word_1_116' title='bbox 608 1856 830 1938; x_wconf 91' lang='lat' dir='ltr'><strong>illum,</strong></span> <span class='ocrx_word' id='word_1_117' title='bbox 872 1883 1075 1949; x_wconf 90' lang='lat' dir='ltr'><strong>quem</strong></span> <span class='ocrx_word' id='word_1_118' title='bbox 1103 1861 1247 1924; x_wconf 84' lang='lat' dir='ltr'><strong>vult</strong></span> <span class='ocrx_word' id='word_1_119' title='bbox 1272 1858 1485 1924; x_wconf 81' lang='lat' dir='ltr'><strong>videri</strong></span> <span class='ocrx_word' id='word_1_120' title='bbox 1515 1859 2054 1947; x_wconf 72' lang='lat' dir='ltr'><strong>praevaricatione</strong></span> <span class='ocrx_word' id='word_1_121' title='bbox 2090 1854 2458 1922; x_wconf 84' lang='lat' dir='ltr'><strong>dimissum.</strong></span> <span class='ocrx_word' id='word_1_122' title='bbox 2495 1857 2678 1942; x_wconf 76' lang='lat' dir='ltr'><strong>ErgO,</strong></span> 
     </span>
     <span class='ocr_line' id='line_1_15' title="bbox 612 1965 2682 2057; baseline -0.004 -24"><span class='ocrx_word' id='word_1_123' title='bbox 612 1967 796 2057; x_wconf 91' lang='lat' dir='ltr'><strong>quod</strong></span> <span class='ocrx_word' id='word_1_124' title='bbox 832 1967 918 2033; x_wconf 85' lang='lat' dir='ltr'><strong>ad</strong></span> <span class='ocrx_word' id='word_1_125' title='bbox 950 1993 1178 2034; x_wconf 88' lang='lat' dir='ltr'><strong>meum</strong></span> <span class='ocrx_word' id='word_1_126' title='bbox 1220 1969 1572 2034; x_wconf 88' lang='lat' dir='ltr'><strong>consilium</strong></span> <span class='ocrx_word' id='word_1_127' title='bbox 1615 1970 1936 2056; x_wconf 90' lang='lat' dir='ltr'><strong>pertinet,</strong></span> <span class='ocrx_word' id='word_1_128' title='bbox 1978 1965 2089 2032; x_wconf 86' lang='lat' dir='ltr'><strong>hie</strong></span> <span class='ocrx_word' id='word_1_129' title='bbox 2131 1966 2377 2031; x_wconf 86' lang='lat' dir='ltr'><strong>invitus</strong></span> <span class='ocrx_word' id='word_1_130' title='bbox 2417 1966 2581 2053; x_wconf 76' lang='lat' dir='ltr'><strong>egit:</strong></span> <span class='ocrx_word' id='word_1_131' title='bbox 2619 1985 2682 2026; x_wconf 83' lang='lat' dir='ltr'><strong>ea</strong></span> 
     </span>
     <span class='ocr_line' id='line_1_16' title="bbox 611 2075 1707 2166; baseline -0.001 -25"><span class='ocrx_word' id='word_1_132' title='bbox 611 2099 761 2165; x_wconf 86' lang='lat' dir='ltr'><strong>quae</strong></span> <span class='ocrx_word' id='word_1_133' title='bbox 789 2075 1073 2143; x_wconf 90' lang='lat' dir='ltr'><strong>dicenda</strong></span> <span class='ocrx_word' id='word_1_134' title='bbox 1094 2079 1351 2165; x_wconf 84' lang='lat' dir='ltr'><strong>accepit</strong></span> <span class='ocrx_word' id='word_1_135' title='bbox 1367 2128 1386 2157; x_wconf 97' lang='lat'><strong>,</strong></span> <span class='ocrx_word' id='word_1_136' title='bbox 1412 2077 1707 2166; x_wconf 85' lang='lat' dir='ltr'><strong>pertulit.</strong></span> 
     </span>
    </p>
   </div>
   <div class='ocr_carea' id='block_1_3' title="bbox 1306 2254 2007 2356">
    <p class='ocr_par' dir='ltr' id='par_1_3' title="bbox 1306 2254 2007 2356">
     <span class='ocr_line' id='line_1_17' title="bbox 1306 2254 2007 2356; baseline -0.004 -36"><span class='ocrx_word' id='word_1_137' title='bbox 1306 2254 2007 2356; x_wconf 56' lang='lat' dir='ltr'>DECLAMATIO.</span> 
     </span>
    </p>
   </div>
   <div class='ocr_carea' id='block_1_4' title="bbox 606 2393 2686 2847">
    <p class='ocr_par' dir='ltr' id='par_1_4' title="bbox 606 2393 2686 2847">
     <span class='ocr_line' id='line_1_18' title="bbox 707 2393 2686 2499; baseline -0.002 -33"><span class='ocrx_word' id='word_1_138' title='bbox 707 2397 831 2468; x_wconf 89' lang='lat' dir='ltr'><strong>Est</strong></span> <span class='ocrx_word' id='word_1_139' title='bbox 857 2394 1214 2485; x_wconf 87' lang='lat' dir='ltr'><strong>videlicet,</strong></span> <span class='ocrx_word' id='word_1_140' title='bbox 1248 2396 1564 2499; x_wconf 86' lang='lat' dir='ltr'><strong>judices,</strong></span> <span class='ocrx_word' id='word_1_141' title='bbox 1606 2397 1742 2470; x_wconf 87' lang='lat' dir='ltr'><strong>hoc</strong></span> <span class='ocrx_word' id='word_1_142' title='bbox 1774 2422 2054 2496; x_wconf 89' lang='lat' dir='ltr'><strong>quoque</strong></span> <span class='ocrx_word' id='word_1_143' title='bbox 2093 2395 2170 2466; x_wconf 90' lang='lat' dir='ltr'><strong>in</strong></span> <span class='ocrx_word' id='word_1_144' title='bbox 2205 2413 2530 2494; x_wconf 86' lang='lat' dir='ltr'><strong>potestate</strong></span> <span class='ocrx_word' id='word_1_145' title='bbox 2563 2393 2686 2463; x_wconf 86' lang='lat' dir='ltr'><strong>for-</strong></span> 
     </span>
     <span class='ocr_line' id='line_1_19' title="bbox 606 2508 2682 2610; baseline -0.004 -25"><span class='ocrx_word' id='word_1_146' title='bbox 606 2532 792 2585; x_wconf 86' lang='lat' dir='ltr'><strong>tunae</strong></span> <span class='ocrx_word' id='word_1_147' title='bbox 810 2569 829 2603; x_wconf 83' lang='lat'><strong>,</strong></span> <span class='ocrx_word' id='word_1_148' title='bbox 854 2533 935 2583; x_wconf 88' lang='lat' dir='ltr'><strong>ut</strong></span> <span class='ocrx_word' id='word_1_149' title='bbox 958 2512 1031 2582; x_wconf 94' lang='lat' dir='ltr'><strong>in</strong></span> <span class='ocrx_word' id='word_1_150' title='bbox 1054 2512 1484 2584; x_wconf 85' lang='lat' dir='ltr'><strong>contrarium</strong></span> <span class='ocrx_word' id='word_1_151' title='bbox 1514 2511 1700 2584; x_wconf 81' lang='lat' dir='ltr'><strong>bona</strong></span> <span class='ocrx_word' id='word_1_152' title='bbox 1724 2510 1877 2610; x_wconf 87' lang='lat' dir='ltr'><strong>ipsa</strong></span> <span class='ocrx_word' id='word_1_153' title='bbox 1903 2528 2278 2583; x_wconf 87' lang='lat' dir='ltr'><strong>convertat.</strong></span> <span class='ocrx_word' id='word_1_154' title='bbox 2314 2508 2682 2580; x_wconf 82' lang='lat' dir='ltr'><strong>Maximum</strong></span> 
     </span>
     <span class='ocr_line' id='line_1_20' title="bbox 609 2623 2686 2728; baseline -0.003 -27"><span class='ocrx_word' id='word_1_155' title='bbox 609 2656 727 2701; x_wconf 89' lang='lat' dir='ltr'><strong>me</strong></span> <span class='ocrx_word' id='word_1_156' title='bbox 756 2656 797 2699; x_wconf 88' lang='lat' dir='ltr'><strong>a</strong></span> <span class='ocrx_word' id='word_1_157' title='bbox 831 2626 1037 2700; x_wconf 90' lang='lat' dir='ltr'><strong>divite</strong></span> <span class='ocrx_word' id='word_1_158' title='bbox 1068 2629 1409 2728; x_wconf 86' lang='lat' dir='ltr'><strong>accepisse</strong></span> <span class='ocrx_word' id='word_1_159' title='bbox 1439 2626 1865 2727; x_wconf 85' lang='lat' dir='ltr'><strong>beneficium</strong></span> <span class='ocrx_word' id='word_1_160' title='bbox 1885 2686 1904 2719; x_wconf 88' lang='lat'><strong>,</strong></span> <span class='ocrx_word' id='word_1_161' title='bbox 1943 2625 2132 2725; x_wconf 89' lang='lat' dir='ltr'><strong>quod</strong></span> <span class='ocrx_word' id='word_1_162' title='bbox 2167 2623 2346 2696; x_wconf 86' lang='lat' dir='ltr'><strong>mihi</strong></span> <span class='ocrx_word' id='word_1_163' title='bbox 2385 2648 2686 2697; x_wconf 89' lang='lat' dir='ltr'><strong>consum-</strong></span> 
     </span>
     <span class='ocr_line' id='line_1_21' title="bbox 608 2738 2684 2847; baseline -0.004 -30"><span class='ocrx_word' id='word_1_164' title='bbox 608 2773 807 2829; x_wconf 66' lang='lat' dir='ltr'><strong>mare,</strong></span> <span class='ocrx_word' id='word_1_165' title='bbox 833 2745 1063 2818; x_wconf 87' lang='lat' dir='ltr'><strong>studia</strong></span> <span class='ocrx_word' id='word_1_166' title='bbox 1094 2743 1542 2847; x_wconf 82' lang='lat' dir='ltr'><strong>contigerat3,</strong></span> <span class='ocrx_word' id='word_1_167' title='bbox 1579 2744 1736 2845; x_wconf 86' lang='lat' dir='ltr'><strong>quis</strong></span> <span class='ocrx_word' id='word_1_168' title='bbox 1763 2740 2151 2843; x_wconf 78' lang='lat' dir='ltr'><strong>negaverit?</strong></span> <span class='ocrx_word' id='word_1_169' title='bbox 2177 2769 2408 2841; x_wconf 88' lang='lat' dir='ltr'><strong>quum</strong></span> <span class='ocrx_word' id='word_1_170' title='bbox 2433 2738 2684 2812; x_wconf 89' lang='lat' dir='ltr'><strong>interim</strong></span> 
     </span>
    </p>
   </div>
   <div class='ocr_carea' id='block_1_5' title="bbox 608 2857 2685 3074">
    <p class='ocr_par' dir='ltr' id='par_1_5' title="bbox 608 2857 2685 3074">
     <span class='ocr_line' id='line_1_22' title="bbox 608 2857 2683 2963; baseline -0.006 -26"><span class='ocrx_word' id='word_1_171' title='bbox 608 2864 1079 2963; x_wconf 76' lang='lat' dir='ltr'><strong>maximorum</strong></span> <span class='ocrx_word' id='word_1_172' title='bbox 1112 2864 1291 2937; x_wconf 87' lang='lat' dir='ltr'><strong>mihi</strong></span> <span class='ocrx_word' id='word_1_173' title='bbox 1325 2863 1677 2938; x_wconf 85' lang='lat' dir='ltr'><strong>malorum</strong></span> <span class='ocrx_word' id='word_1_174' title='bbox 1707 2890 1987 2935; x_wconf 84' lang='lat' dir='ltr'><strong>causam</strong></span> <span class='ocrx_word' id='word_1_175' title='bbox 2015 2861 2149 2934; x_wconf 90' lang='lat' dir='ltr'><strong>hoc</strong></span> <span class='ocrx_word' id='word_1_176' title='bbox 2181 2862 2418 2959; x_wconf 86' lang='lat' dir='ltr'><strong>ipsum</strong></span> <span class='ocrx_word' id='word_1_177' title='bbox 2447 2857 2683 2943; x_wconf 85' lang='lat' dir='ltr'><strong>attulit,</strong></span> 
     </span>
     <span class='ocr_line' id='line_1_23' title="bbox 612 2972 2685 3074; baseline -0.004 -26"><span class='ocrx_word' id='word_1_178' title='bbox 612 2977 801 3074; x_wconf 91' lang='lat' dir='ltr'><strong>quod</strong></span> <span class='ocrx_word' id='word_1_179' title='bbox 840 2977 1131 3051; x_wconf 86' lang='lat' dir='ltr'><strong>videbar</strong></span> <span class='ocrx_word' id='word_1_180' title='bbox 1176 2978 1509 3051; x_wconf 80' lang='lat' dir='ltr'><strong>disertus:</strong></span> <span class='ocrx_word' id='word_1_181' title='bbox 1561 2977 1735 3050; x_wconf 87' lang='lat' dir='ltr'><strong>adeo</strong></span> <span class='ocrx_word' id='word_1_182' title='bbox 1773 2998 1852 3049; x_wconf 88' lang='lat' dir='ltr'><strong>ut</strong></span> <span class='ocrx_word' id='word_1_183' title='bbox 1893 2976 1949 3049; x_wconf 85' lang='lat' dir='ltr'><strong>si</strong></span> <span class='ocrx_word' id='word_1_184' title='bbox 1989 2975 2165 3048; x_wconf 87' lang='lat' dir='ltr'><strong>mihi</strong></span> <span class='ocrx_word' id='word_1_185' title='bbox 2205 3001 2486 3048; x_wconf 83' lang='lat' dir='ltr'><strong>exsuere</strong></span> <span class='ocrx_word' id='word_1_186' title='bbox 2523 2972 2685 3043; x_wconf 84' lang='lat' dir='ltr'><strong>hanc</strong></span> 
     </span>
    </p>
   </div>
   <div class='ocr_carea' id='block_1_6' title="bbox 609 3138 2690 4262">
    <p class='ocr_par' dir='ltr' id='par_1_6' title="bbox 609 3138 2687 3455">
     <span class='ocr_line' id='line_1_24' title="bbox 689 3138 2687 3218; baseline -0.005 -20"><span class='ocrx_word' id='word_1_187' title='bbox 689 3164 731 3199; x_wconf 85' lang='lat'><strong>1.</strong></span> <span class='ocrx_word' id='word_1_188' title='bbox 777 3148 852 3199; x_wconf 81' lang='lat' dir='ltr'><strong>Et</strong></span> <span class='ocrx_word' id='word_1_189' title='bbox 892 3146 947 3197; x_wconf 78' lang='lat' dir='ltr'><strong>in</strong></span> <span class='ocrx_word' id='word_1_190' title='bbox 990 3156 1158 3197; x_wconf 79' lang='lat' dir='ltr'><strong>totum</strong></span> <span class='ocrx_word' id='word_1_191' title='bbox 1198 3149 1295 3199; x_wconf 82' lang='lat' dir='ltr'><strong>hoc</strong></span> <span class='ocrx_word' id='word_1_192' title='bbox 1328 3166 1528 3201; x_wconf 80' lang='lat' dir='ltr'><strong>servare</strong></span> <span class='ocrx_word' id='word_1_193' title='bbox 1565 3151 1622 3201; x_wconf 83' lang='lat' dir='ltr'><strong>in</strong></span> <span class='ocrx_word' id='word_1_194' title='bbox 1702 3161 1964 3218; x_wconf 85' lang='lat' dir='ltr'><strong>praecepta</strong></span> <span class='ocrx_word' id='word_1_195' title='bbox 1985 3146 2120 3198; x_wconf 84' lang='lat' dir='ltr'><strong>adeo</strong></span> <span class='ocrx_word' id='word_1_196' title='bbox 2139 3158 2438 3210; x_wconf 83' lang='lat' dir='ltr'><strong>servantur,</strong></span> <span class='ocrx_word' id='word_1_197' title='bbox 2457 3154 2516 3193; x_wconf 86' lang='lat' dir='ltr'><strong>ut</strong></span> <span class='ocrx_word' id='word_1_198' title='bbox 2530 3138 2687 3191; x_wconf 75' lang='lat' dir='ltr'><strong>nullus</strong></span> 
     </span>
     <span class='ocr_line' id='line_1_25' title="bbox 612 3216 2684 3297; baseline -0.005 -16"><span class='ocrx_word' id='word_1_199' title='bbox 612 3225 848 3281; x_wconf 79' lang='lat' dir='ltr'><strong>omnibus</strong></span> <span class='ocrx_word' id='word_1_200' title='bbox 882 3226 1247 3278; x_wconf 76' lang='lat' dir='ltr'><strong>controversiis.</strong></span> <span class='ocrx_word' id='word_1_201' title='bbox 1280 3226 1478 3279; x_wconf 86' lang='lat' dir='ltr'><strong>Eadem</strong></span> <span class='ocrx_word' id='word_1_202' title='bbox 1511 3228 1622 3279; x_wconf 83' lang='lat' dir='ltr'><strong>fere</strong></span> <span class='ocrx_word' id='word_1_203' title='bbox 1695 3228 1808 3297; x_wconf 84' lang='lat' dir='ltr'><strong>jam</strong></span> <span class='ocrx_word' id='word_1_204' title='bbox 1827 3238 2114 3297; x_wconf 78' lang='lat' dir='ltr'><strong>negaturus</strong></span> <span class='ocrx_word' id='word_1_205' title='bbox 2135 3226 2203 3277; x_wconf 73' lang='lat' dir='ltr'><strong>sit</strong></span> <span class='ocrx_word' id='word_1_206' title='bbox 2221 3240 2344 3275; x_wconf 89' lang='lat' dir='ltr'><strong>meo</strong></span> <span class='ocrx_word' id='word_1_207' title='bbox 2361 3220 2581 3293; x_wconf 85' lang='lat' dir='ltr'><strong>judicio,</strong></span> <span class='ocrx_word' id='word_1_208' title='bbox 2597 3216 2684 3268; x_wconf 77' lang='lat' dir='ltr'><strong>has</strong></span> 
     </span>
     <span class='ocr_line' id='line_1_26' title="bbox 609 3300 2686 3375; baseline -0.002 -19"><span class='ocrx_word' id='word_1_209' title='bbox 609 3303 772 3357; x_wconf 88' lang='lat' dir='ltr'><strong>verba</strong></span> <span class='ocrx_word' id='word_1_210' title='bbox 788 3300 933 3375; x_wconf 86' lang='lat' dir='ltr'><strong>apud</strong></span> <span class='ocrx_word' id='word_1_211' title='bbox 948 3302 1191 3355; x_wconf 88' lang='lat' dir='ltr'><strong>eumdem</strong></span> <span class='ocrx_word' id='word_1_212' title='bbox 1206 3305 1592 3373; x_wconf 86' lang='lat' dir='ltr'><strong>Quintilianum</strong></span> <span class='ocrx_word' id='word_1_213' title='bbox 1605 3344 1621 3371; x_wconf 92' lang='lat'><strong>,</strong></span> <span class='ocrx_word' id='word_1_214' title='bbox 1701 3306 2124 3358; x_wconf 84' lang='lat' dir='ltr'><strong>Declamationes</strong></span> <span class='ocrx_word' id='word_1_215' title='bbox 2145 3304 2286 3356; x_wconf 82' lang='lat' dir='ltr'><strong>illius</strong></span> <span class='ocrx_word' id='word_1_216' title='bbox 2307 3302 2602 3373; x_wconf 83' lang='lat' dir='ltr'><strong>Quintiliani</strong></span> <span class='ocrx_word' id='word_1_217' title='bbox 2615 3318 2686 3351; x_wconf 84' lang='lat' dir='ltr'><strong>es·</strong></span> 
     </span>
     <span class='ocr_line' id='line_1_27' title="bbox 612 3382 1983 3455; baseline 0.001 -18"><span class='ocrx_word' id='word_1_218' title='bbox 612 3382 702 3437; x_wconf 85' lang='lat' dir='ltr'><strong>lib.</strong></span> <span class='ocrx_word' id='word_1_219' title='bbox 736 3386 831 3435; x_wconf 84' lang='lat' dir='ltr'><strong>vn</strong></span> <span class='ocrx_word' id='word_1_220' title='bbox 851 3423 867 3451; x_wconf 86' lang='lat'><strong>,</strong></span> <span class='ocrx_word' id='word_1_221' title='bbox 910 3402 1030 3455; x_wconf 80' lang='lat' dir='ltr'><strong>cap.</strong></span> <span class='ocrx_word' id='word_1_222' title='bbox 1057 3382 1090 3449; x_wconf 77' lang='grc'>4</span> <span class='ocrx_word' id='word_1_223' title='bbox 1110 3422 1126 3448; x_wconf 88' lang='grc'><strong>.,</strong></span> <span class='ocrx_word' id='word_1_224' title='bbox 1169 3384 1211 3454; x_wconf 82' lang='lat'><strong>§.</strong></span> <span class='ocrx_word' id='word_1_225' title='bbox 1238 3382 1335 3454; x_wconf 90' lang='lat'><strong>37:</strong></span> <span class='ocrx_word' id='word_1_226' title='bbox 1384 3408 1405 3430; x_wconf 73' lang='grc' dir='ltr'><strong>α</strong></span> <span class='ocrx_word' id='word_1_227' title='bbox 1427 3386 1625 3455; x_wconf 75' lang='lat' dir='ltr'><strong>Ingrati</strong></span> <span class='ocrx_word' id='word_1_228' title='bbox 1703 3406 1776 3439; x_wconf 83' lang='lat' dir='ltr'><strong>se.</strong></span> <span class='ocrx_word' id='word_1_229' title='bbox 1803 3388 1983 3440; x_wconf 75' lang='lat' dir='ltr'><strong>AEaon.</strong></span> 
     </span>
    </p>

    <p class='ocr_par' dir='ltr' id='par_1_7' title="bbox 615 3460 2690 3865">
     <span class='ocr_line' id='line_1_28' title="bbox 616 3460 2686 3541; baseline 0.002 -32"><span class='ocrx_word' id='word_1_230' title='bbox 616 3479 879 3533; x_wconf 76' lang='lat' dir='ltr'><strong>«quoque</strong></span> <span class='ocrx_word' id='word_1_231' title='bbox 916 3460 1181 3534; x_wconf 69' lang='lat' dir='ltr'><strong>qualitatis</strong></span> <span class='ocrx_word' id='word_1_232' title='bbox 1224 3464 1362 3517; x_wconf 77' lang='lat' dir='ltr'><strong>actio</strong></span> <span class='ocrx_word' id='word_1_233' title='bbox 1404 3475 1478 3517; x_wconf 83' lang='lat' dir='ltr'><strong>est</strong></span> <span class='ocrx_word' id='word_1_234' title='bbox 1509 3485 1526 3513; x_wconf 88' lang='grc'><strong>.-</strong></span> <span class='ocrx_word' id='word_1_235' title='bbox 1567 3466 1624 3516; x_wconf 86' lang='lat' dir='ltr'><strong>in</strong></span> <span class='ocrx_word' id='word_1_236' title='bbox 1775 3486 1824 3520; x_wconf 83' lang='lat'><strong>2.</strong></span> <span class='ocrx_word' id='word_1_237' title='bbox 1855 3466 2076 3521; x_wconf 78' lang='lat' dir='ltr'><strong>Gulosus</strong></span> <span class='ocrx_word' id='word_1_238' title='bbox 2087 3466 2414 3541; x_wconf 71' lang='lat' dir='ltr'><strong>fiyurarum.</strong></span> <span class='ocrx_word' id='word_1_239' title='bbox 2443 3462 2686 3519; x_wconf 68' lang='lat' dir='ltr'><strong>Perinde-</strong></span> 
     </span>
     <span class='ocr_line' id='line_1_29' title="bbox 617 3543 2687 3615; baseline 0.002 -26"><span class='ocrx_word' id='word_1_240' title='bbox 617 3564 639 3589; x_wconf 76' lang='grc' dir='ltr'><strong>ιι</strong></span> <span class='ocrx_word' id='word_1_241' title='bbox 662 3560 769 3615; x_wconf 88' lang='lat' dir='ltr'><strong>quo</strong></span> <span class='ocrx_word' id='word_1_242' title='bbox 791 3559 984 3611; x_wconf 75' lang='lat' dir='ltr'><strong>genere</strong></span> <span class='ocrx_word' id='word_1_243' title='bbox 1010 3543 1274 3612; x_wconf 82' lang='lat' dir='ltr'><strong>quaeritur,</strong></span> <span class='ocrx_word' id='word_1_244' title='bbox 1309 3561 1375 3593; x_wconf 82' lang='lat' dir='ltr'><strong>an</strong></span> <span class='ocrx_word' id='word_1_245' title='bbox 1400 3545 1471 3609; x_wconf 80' lang='lat' dir='ltr'><strong>is,</strong></span> <span class='ocrx_word' id='word_1_246' title='bbox 1502 3562 1621 3594; x_wconf 89' lang='lat' dir='ltr'><strong>cum</strong></span> <span class='ocrx_word' id='word_1_247' title='bbox 1701 3568 1796 3602; x_wconf 75' lang='lat' dir='ltr'><strong>sus.</strong></span> <span class='ocrx_word' id='word_1_248' title='bbox 1816 3549 2032 3602; x_wconf 67' lang='lat' dir='ltr'><strong>Senum,</strong></span> <span class='ocrx_word' id='word_1_249' title='bbox 2053 3549 2294 3602; x_wconf 69' lang='lat' dir='ltr'><strong>Insolens</strong></span> <span class='ocrx_word' id='word_1_250' title='bbox 2309 3548 2687 3615; x_wconf 73' lang='lat' dir='ltr'><strong>locutio‚qnam</strong></span> 
     </span>
     <span class='ocr_line' id='line_1_30' title="bbox 618 3622 2688 3703; baseline 0.001 -32"><span class='ocrx_word' id='word_1_251' title='bbox 618 3646 641 3670; x_wconf 76' lang='grc' dir='ltr'>ι</span> <span class='ocrx_word' id='word_1_252' title='bbox 664 3640 770 3695; x_wconf 84' lang='lat' dir='ltr'><strong>quo</strong></span> <span class='ocrx_word' id='word_1_253' title='bbox 786 3624 977 3693; x_wconf 69' lang='lat' dir='ltr'><strong>flgitur,</strong></span> <span class='ocrx_word' id='word_1_254' title='bbox 994 3624 1257 3695; x_wconf 66' lang='lat' dir='ltr'><strong>acceperit</strong></span> <span class='ocrx_word' id='word_1_255' title='bbox 1270 3624 1626 3676; x_wconf 72' lang='lat' dir='ltr'><strong>beneficium?</strong></span> <span class='ocrx_word' id='word_1_256' title='bbox 1703 3628 1964 3703; x_wconf 75' lang='lat' dir='ltr'><strong>explicare</strong></span> <span class='ocrx_word' id='word_1_257' title='bbox 1996 3630 2179 3682; x_wconf 74' lang='lat' dir='ltr'><strong>liceret</strong></span> <span class='ocrx_word' id='word_1_258' title='bbox 2210 3648 2312 3701; x_wconf 76' lang='lat' dir='ltr'><strong>pro</strong></span> <span class='ocrx_word' id='word_1_259' title='bbox 2328 3668 2344 3695; x_wconf 55' lang='lat'>5</span> <span class='ocrx_word' id='word_1_260' title='bbox 2373 3630 2539 3681; x_wconf 65' lang='lat' dir='ltr'><strong>auidus</strong></span> <span class='ocrx_word' id='word_1_261' title='bbox 2549 3622 2688 3698; x_wconf 62' lang='lat' dir='ltr'><strong>fiqu·</strong></span> 
     </span>
     <span class='ocr_line' id='line_1_31' title="bbox 616 3703 2690 3779; baseline 0.002 -26"><span class='ocrx_word' id='word_1_262' title='bbox 616 3730 640 3753; x_wconf 68' lang='lat' dir='ltr'><strong>a</strong></span> <span class='ocrx_word' id='word_1_263' title='bbox 664 3703 809 3777; x_wconf 89' lang='lat' dir='ltr'><strong>quod</strong></span> <span class='ocrx_word' id='word_1_264' title='bbox 832 3708 953 3755; x_wconf 77' lang='lat' dir='ltr'><strong>raro</strong></span> <span class='ocrx_word' id='word_1_265' title='bbox 978 3703 1280 3773; x_wconf 81' lang='lat' dir='ltr'><strong>negandum</strong></span> <span class='ocrx_word' id='word_1_266' title='bbox 1306 3718 1415 3766; x_wconf 80' lang='lat' dir='ltr'><strong>est3</strong></span> <span class='ocrx_word' id='word_1_267' title='bbox 1443 3707 1622 3775; x_wconf 81' lang='lat' dir='ltr'><strong>ingra-</strong></span> <span class='ocrx_word' id='word_1_268' title='bbox 1703 3726 1909 3770; x_wconf 79' lang='lat' dir='ltr'><strong>rarum5</strong></span> <span class='ocrx_word' id='word_1_269' title='bbox 1929 3708 2020 3762; x_wconf 82' lang='lat' dir='ltr'><strong>sed</strong></span> <span class='ocrx_word' id='word_1_270' title='bbox 2039 3708 2217 3760; x_wconf 83' lang='lat' dir='ltr'><strong>malim</strong></span> <span class='ocrx_word' id='word_1_271' title='bbox 2236 3707 2437 3779; x_wconf 78' lang='lat' dir='ltr'><strong>legere,</strong></span> <span class='ocrx_word' id='word_1_272' title='bbox 2458 3704 2690 3759; x_wconf 60' lang='lat' dir='ltr'><strong>studione</strong></span> 
     </span>
     <span class='ocr_line' id='line_1_32' title="bbox 615 3786 2002 3865; baseline 0.004 -31"><span class='ocrx_word' id='word_1_273' title='bbox 615 3810 639 3834; x_wconf 79' lang='grc' dir='ltr'><strong><em>α</em></strong></span> <span class='ocrx_word' id='word_1_274' title='bbox 660 3800 745 3840; x_wconf 80' lang='lat' dir='ltr'><strong>tus</strong></span> <span class='ocrx_word' id='word_1_275' title='bbox 771 3788 911 3839; x_wconf 85' lang='lat' dir='ltr'><strong>enirn</strong></span> <span class='ocrx_word' id='word_1_276' title='bbox 935 3798 1013 3837; x_wconf 83' lang='lat' dir='ltr'><strong>est</strong></span> <span class='ocrx_word' id='word_1_277' title='bbox 1039 3786 1129 3856; x_wconf 88' lang='lat' dir='ltr'><strong>qui</strong></span> <span class='ocrx_word' id='word_1_278' title='bbox 1154 3786 1349 3857; x_wconf 74' lang='lat' dir='ltr'><strong>negat?</strong></span> <span class='ocrx_word' id='word_1_279' title='bbox 1374 3804 1439 3837; x_wconf 90' lang='lat' dir='ltr'><strong>an</strong></span> <span class='ocrx_word' id='word_1_280' title='bbox 1463 3803 1622 3856; x_wconf 87' lang='lat' dir='ltr'><strong>quan·</strong></span> <span class='ocrx_word' id='word_1_281' title='bbox 1686 3788 2002 3865; x_wconf 73' lang='lat' dir='ltr'><strong>fiyurarum.</strong></span> 
     </span>
    </p>

    <p class='ocr_par' dir='ltr' id='par_1_8' title="bbox 614 3862 2684 4262">
     <span class='ocr_line' id='line_1_33' title="bbox 614 3862 2684 3942; baseline -0.001 -24"><span class='ocrx_word' id='word_1_282' title='bbox 614 3888 637 3912; x_wconf 76' lang='grc' dir='ltr'><strong>α</strong></span> <span class='ocrx_word' id='word_1_283' title='bbox 658 3878 774 3919; x_wconf 88' lang='lat' dir='ltr'><strong>tum</strong></span> <span class='ocrx_word' id='word_1_284' title='bbox 831 3866 1095 3937; x_wconf 85' lang='lat' dir='ltr'><strong>acceperit</strong></span> <span class='ocrx_word' id='word_1_285' title='bbox 1156 3862 1445 3916; x_wconf 81' lang='lat' dir='ltr'><strong>reddiderit</strong></span> <span class='ocrx_word' id='word_1_286' title='bbox 1481 3886 1492 3913; x_wconf 90' lang='lat'><strong>:</strong></span> <span class='ocrx_word' id='word_1_287' title='bbox 1551 3882 1618 3915; x_wconf 83' lang='lat' dir='ltr'><strong>an</strong></span> <span class='ocrx_word' id='word_1_288' title='bbox 1773 3868 1822 3919; x_wconf 82' lang='lat'><strong>3.</strong></span> <span class='ocrx_word' id='word_1_289' title='bbox 1845 3870 2156 3942; x_wconf 72' lang='lat' dir='ltr'><strong>Contiqerat.</strong></span> <span class='ocrx_word' id='word_1_290' title='bbox 2177 3868 2430 3919; x_wconf 81' lang='lat' dir='ltr'><strong>Francius</strong></span> <span class='ocrx_word' id='word_1_291' title='bbox 2449 3862 2684 3924; x_wconf 74' lang='lat' dir='ltr'><strong>malebat,</strong></span> 
     </span>
     <span class='ocr_line' id='line_1_34' title="bbox 618 3944 2684 4022; baseline -0.001 -23"><span class='ocrx_word' id='word_1_292' title='bbox 618 3971 640 3994; x_wconf 73' lang='lat' dir='ltr'>a</span> <span class='ocrx_word' id='word_1_293' title='bbox 658 3949 902 4019; x_wconf 80' lang='lat' dir='ltr'><strong>protinus</strong></span> <span class='ocrx_word' id='word_1_294' title='bbox 930 3948 1022 4017; x_wconf 88' lang='lat' dir='ltr'><strong>qui</strong></span> <span class='ocrx_word' id='word_1_295' title='bbox 1050 3961 1161 3997; x_wconf 89' lang='lat' dir='ltr'><strong>non</strong></span> <span class='ocrx_word' id='word_1_296' title='bbox 1192 3944 1482 3997; x_wconf 82' lang='lat' dir='ltr'><strong>reddiderit</strong></span> <span class='ocrx_word' id='word_1_297' title='bbox 1511 3944 1621 4016; x_wconf 84' lang='lat' dir='ltr'><strong>(ita</strong></span> <span class='ocrx_word' id='word_1_298' title='bbox 1701 3950 1987 4022; x_wconf 72' lang='lat' dir='ltr'><strong>contiqerit.</strong></span> <span class='ocrx_word' id='word_1_299' title='bbox 2004 3949 2260 4019; x_wconf 81' lang='lat' dir='ltr'><strong>-Quum</strong></span> <span class='ocrx_word' id='word_1_300' title='bbox 2285 3948 2506 4001; x_wconf 70' lang='lat' dir='ltr'><strong>interim.</strong></span> <span class='ocrx_word' id='word_1_301' title='bbox 2528 3946 2684 4015; x_wconf 68' lang='lat' dir='ltr'><strong>Quum</strong></span> 
     </span>
     <span class='ocr_line' id='line_1_35' title="bbox 616 4024 2682 4099; baseline -0.002 -20"><span class='ocrx_word' id='word_1_302' title='bbox 616 4050 640 4074; x_wconf 79' lang='grc' dir='ltr'><strong>ιι</strong></span> <span class='ocrx_word' id='word_1_303' title='bbox 660 4031 798 4080; x_wconf 87' lang='lat' dir='ltr'><strong>enim</strong></span> <span class='ocrx_word' id='word_1_304' title='bbox 822 4026 1107 4099; x_wconf 75' lang='lat' dir='ltr'><strong>legendum</strong></span> <span class='ocrx_word' id='word_1_305' title='bbox 1132 4032 1239 4093; x_wconf 83' lang='lat' dir='ltr'><strong>est)</strong></span> <span class='ocrx_word' id='word_1_306' title='bbox 1262 4030 1501 4099; x_wconf 78' lang='lat' dir='ltr'><strong>ingratus</strong></span> <span class='ocrx_word' id='word_1_307' title='bbox 1523 4030 1621 4080; x_wconf 78' lang='lat' dir='ltr'><strong>sit?</strong></span> <span class='ocrx_word' id='word_1_308' title='bbox 1704 4030 1842 4083; x_wconf 80' lang='lat' dir='ltr'><strong>inter</strong></span> <span class='ocrx_word' id='word_1_309' title='bbox 1861 4049 1931 4083; x_wconf 89' lang='lat' dir='ltr'><strong>m.</strong></span> <span class='ocrx_word' id='word_1_310' title='bbox 1957 4050 2028 4082; x_wconf 89' lang='lat' dir='ltr'><strong>m.</strong></span> <span class='ocrx_word' id='word_1_311' title='bbox 2056 4050 2124 4082; x_wconf 84' lang='lat' dir='ltr'><strong>m.</strong></span> <span class='ocrx_word' id='word_1_312' title='bbox 2153 4048 2391 4099; x_wconf 78' lang='lat' dir='ltr'><strong>causam,</strong></span> <span class='ocrx_word' id='word_1_313' title='bbox 2421 4028 2533 4081; x_wconf 86' lang='lat' dir='ltr'><strong>edit.</strong></span> <span class='ocrx_word' id='word_1_314' title='bbox 2559 4024 2682 4077; x_wconf 65' lang='lat' dir='ltr'><strong>alia*-</strong></span> 
     </span>
     <span class='ocr_line' id='line_1_36' title="bbox 616 4106 2684 4178; baseline -0.002 -19"><span class='ocrx_word' id='word_1_315' title='bbox 616 4127 639 4152; x_wconf 65' lang='grc' dir='ltr'><strong>σε</strong></span> <span class='ocrx_word' id='word_1_316' title='bbox 662 4124 728 4159; x_wconf 83' lang='lat' dir='ltr'><strong>an</strong></span> <span class='ocrx_word' id='word_1_317' title='bbox 750 4106 808 4157; x_wconf 89' lang='lat' dir='ltr'><strong>id</strong></span> <span class='ocrx_word' id='word_1_318' title='bbox 832 4107 979 4178; x_wconf 84' lang='lat' dir='ltr'><strong>quod</strong></span> <span class='ocrx_word' id='word_1_319' title='bbox 1002 4108 1323 4177; x_wconf 77' lang='lat' dir='ltr'><strong>exigebatur,</strong></span> <span class='ocrx_word' id='word_1_320' title='bbox 1342 4106 1620 4161; x_wconf 70' lang='lat' dir='ltr'><strong>debuerit?</strong></span> <span class='ocrx_word' id='word_1_321' title='bbox 1698 4108 1863 4161; x_wconf 83' lang='lat' dir='ltr'><strong>Hack.</strong></span> <span class='ocrx_word' id='word_1_322' title='bbox 1883 4122 1934 4162; x_wconf 87' lang='lat' dir='ltr'><strong>et</strong></span> <span class='ocrx_word' id='word_1_323' title='bbox 1953 4110 2235 4161; x_wconf 85' lang='lat' dir='ltr'><strong>Burmann.</strong></span> <span class='ocrx_word' id='word_1_324' title='bbox 2255 4109 2456 4160; x_wconf 77' lang='lat' dir='ltr'><strong>interim</strong></span> <span class='ocrx_word' id='word_1_325' title='bbox 2469 4128 2484 4157; x_wconf 93' lang='lat'><strong>.·</strong></span> <span class='ocrx_word' id='word_1_326' title='bbox 2501 4119 2548 4157; x_wconf 80' lang='lat' dir='ltr'><strong>at</strong></span> <span class='ocrx_word' id='word_1_327' title='bbox 2564 4120 2684 4155; x_wconf 86' lang='lat' dir='ltr'><strong>con·</strong></span> 
     </span>
     <span class='ocr_line' id='line_1_37' title="bbox 619 4182 2536 4262; baseline 0 -25"><span class='ocrx_word' id='word_1_328' title='bbox 619 4207 641 4230; x_wconf 71' lang='grc' dir='ltr'>ι</span> <span class='ocrx_word' id='word_1_329' title='bbox 663 4203 769 4257; x_wconf 88' lang='lat' dir='ltr'><strong>quo</strong></span> <span class='ocrx_word' id='word_1_330' title='bbox 798 4187 974 4236; x_wconf 84' lang='lat' dir='ltr'><strong>animo</strong></span> <span class='ocrx_word' id='word_1_331' title='bbox 1007 4182 1103 4236; x_wconf 78' lang='lat' dir='ltr'><strong>sit?</strong></span> <span class='ocrx_word' id='word_1_332' title='bbox 1121 4210 1143 4235; x_wconf 73' lang='lat' dir='ltr'><strong>n</strong></span> <span class='ocrx_word' id='word_1_333' title='bbox 1170 4188 1301 4254; x_wconf 79' lang='lat' dir='ltr'><strong>Quae</strong></span> <span class='ocrx_word' id='word_1_334' title='bbox 1331 4190 1508 4241; x_wconf 83' lang='lat' dir='ltr'><strong>omnia</strong></span> <span class='ocrx_word' id='word_1_335' title='bbox 1527 4188 1616 4241; x_wconf 83' lang='lat' dir='ltr'><strong>hic</strong></span> <span class='ocrx_word' id='word_1_336' title='bbox 1699 4203 1783 4243; x_wconf 84' lang='lat' dir='ltr'><strong>tra</strong></span> <span class='ocrx_word' id='word_1_337' title='bbox 1807 4190 1931 4243; x_wconf 87' lang='lat' dir='ltr'><strong>edit.</strong></span> <span class='ocrx_word' id='word_1_338' title='bbox 1951 4192 2065 4262; x_wconf 78' lang='lat' dir='ltr'><strong>Rip.</strong></span> <span class='ocrx_word' id='word_1_339' title='bbox 2089 4190 2257 4243; x_wconf 75' lang='lat' dir='ltr'><strong>inter.-</strong></span> <span class='ocrx_word' id='word_1_340' title='bbox 2282 4190 2432 4243; x_wconf 72' lang='lat' dir='ltr'><strong>male.</strong></span> <span class='ocrx_word' id='word_1_341' title='bbox 2453 4188 2536 4239; x_wconf 76' lang='lat' dir='ltr'><strong>Eu.</strong></span> 
     </span>
    </p>
   </div>
   <div class='ocr_carea' id='block_1_7' title="bbox 2788 675 2800 4828">
    <p class='ocr_par' dir='ltr' id='par_1_9' title="bbox 2788 675 2800 4828">
     <span class='ocr_line' id='line_1_38' title="bbox 2788 675 2800 4828; baseline 0 0"><span class='ocrx_word' id='word_1_342' title='bbox 2788 675 2800 4828; x_wconf 95' lang='lat' dir='ltr'><strong> </strong></span> 
     </span>
    </p>
   </div>
  </div>
 </body>
</html>
