2855 4871
544 390 667 454 568
1124 386 1658 453 CALPURNII
1705 386 2087 453 FLACCI‘

538 514 677 585 fuit
704 513 953 614 judex:
981 512 1195 585 faciat
1230 513 1381 585 vitae
1421 514 1676 603 finem,
1715 515 1838 611 qni
1879 515 2226 612 originem
2257 514 2461 586 fecit‘:
2493 541 2644 585 non

538 630 625 701 de
661 651 882 701 morte
921 656 1082 701 cum
1127 648 1355 728 patre,
1385 631 1506 701 sed
1547 630 1631 701 de
1675 632 1914 703 mortis
1957 630 2642 729 genere¹·dissentio.

537 746 821 843 Eripere
852 745 955 819 vis
986 746 1235 839 vitam,
1278 773 1490 844 quam
1531 746 1813 819 dedisti:
1847 774 1990 818 non
2027 747 2428 834 inficiabor;
2463 746 2648 844 quid

541 887 665 959 per
705 861 1003 933 alterum
1045 860 1262 959 petis?
1298 860 1458 961 jus,'
1504 862 1693 961 quod
1736 861 1862 932 tibi
1909 862 2252 953 vindicam,
2296 861 2644 959 experire3

542 1002 750 1048 nemo
784 996 848 1049 te
882 975 1247 1074 prohibet:
1282 976 1518 1050 occide
1539 1033 1556 1065 ,
1591 976 1645 1046 si
1681 997 1907 1077 potes;
1945 977 2308 1067 confitere,
2343 1001 2488 1046 non
2525 1000 2647 1072 po·

540 1112 661 1163 tes.
692 1094 917 1164 Nemo
946 1119 1261 1190 unquam
1298 1090 1776 1190 magistratum
1810 1091 1973 1162 fecit
2005 1090 2340 1163 vicarium
2360 1148 2380 1180 ,
2408 1116 2540 1161 nec
2567 1090 2646 1159 in

542 1206 677 1279 alio
706 1207 1061 1297 militavit,
1094 1235 1225 1281 nec
1258 1218 1450 1281 sacru
1473 1208 1818 1308 gentilitia
1846 1209 2210 1282 insertiva²
2247 1207 2460 1307 stirpe
2495 1233 2650 1278 cor-

622 1433 664 1466 1.
704 1414 807 1473 Sed
842 1416 903 1467 de
937 1398 1115 1467 mortis
1148 1416 1313 1486 patris
1344 1435 1550 1489 =‹leuen-e.

540 1498 711 1565 LegO‚
730 1496 819 1548 sed
832 1494 895 1545 de
908 1496 1304 1567 mor-tlsqenere,
1322 1510 1373 1548 et
1388 1496 1552 1569 panio

537 1587 701 1646 post,
738 1574 871 1644 quid
898 1592 997 1644 per
1033 1573 1260 1625 alterum
1300 1576 1436 1646 petis
1467 1579 1554 1647 jus

541 1652 683 1725 quod
714 1654 804 1704 tibi
833 1652 1093 1705 vindicas?
1118 1654 1266 1704 Prrn.
1300 1653 1437 1708 Illud
1460 1674 1584 1726 pa·

544 1733 633 1785 tris
668 1731 1084 1793 exturbandum3
1126 1730 1271 1803 quod
1308 1734 1551 1783 iteratum

544 1830 603 1865 ex
642 1813 709 1863 iis
726 1850 743 1877 .,
786 1828 900 1881 quae
946 1810 1283 1863 antecedunt.
1330 1812 1554 1865 Senum:

542 1922 613 1930 —-
656 1890 795 1960 Quid
829 1909 927 1962 per
960 1889 1185 1941 alterum
1224 1890 1394 1962 petis?
1419 1894 1550 1962 jus,

545 1969 686 2043 quod
716 1970 807 2023 tibi
838 1968 1099 2033 vindicas,
1134 1968 1377 2039 experire.
1410 1968 1552 2019 Male

544 2047 794 2101 Pithoeus.
812 2047 1066 2099 Nullum
1046 2064 1134 2116 Jns
1154 2044 1371 2117 petebat
1384 2058 1550 2117 pater.

545 2130 717 2179 Vitam
735 2126 969 2197 petebat,
986 2139 1257 2193 tamquam
1277 2123 1551 2175 creditum.

546 2202 674 2256 Inde
708 2202 876 2268 illud,
912 2222 1015 2254 non
1050 2199 1332 2273 inficiaber.
1370 2196 1442 2251 'At
1463 2194 1558 2273 jus

548 2283 768 2355 experiri
782 2284 1057 2353 proprium
1072 2294 1125 2333 et
1140 2284 1423 2351 signatum,
1433 2280 1560 2343 dixi·

546 2381 664 2415 mus
694 2364 747 2413 in
775 2360 1263 2412 Observationibus.
1292 2363 1458 2413 Giton.
1487 2392 1564 2401 ——

546 2445 671 2498 Non
689 2451 848 2513 potes.
871 2440 930 2493 Si
949 2459 1053 2492 non
1071 2450 1243 2512 potes,
1258 2441 1519 2494 'Obrechtl

623 2543 671 2576 2.
694 2523 849 2576 Sacra
864 2519 1129 2594 qentt'litt'a
1155 2521 1413 2575 inser-tiva.
1431 2522 1560 2574 Scri-

548 2605 653 2656 be:
695 2601 917 2654 imitiva.
965 2601 1211 2655 Deinde:
1256 2601 1319 2651 V
1314 2604 1387 2654 ita
1426 2602 1560 2654 mihi

552 2681 688 2750 tolli,
704 2681 789 2734 sed
804 2699 967 2732 manu
979 2692 1197 2751 paterna
1212 2681 1369 2733 debet.
1389 2683 1555 2734 Gnon.

549 2764 733 2813 Forte:
758 2760 863 2811 vita
877 2759 1011 2809 mihi
1030 2757 1253 2825 tollitur,
1271 2761 1360 2812 sed
1376 2775 1561 2812 manus

548 2852 769 2913 patema
786 2841 1009 2892 debetur.
1020 2841 1259 2893 —Sacra
1276 2838 1556 2912 gentilitia.

552 2921 633 2988 De
650 2919 811 2971 sacn's
827 2919 1097 2988 gentilitiis
1114 2931 1558 2970 commentatores

554 2999 624 3050 ad
663 2997 831 3048 Plaut.
876 3000 965 3064 lv,
1012 3017 1064 3063 1,
1107 3002 1155 3052 8.
1212 3001 1559 3050 «Insertivam

558 3098 581 3122 α
602 3076 865 3144 stirpem,··
884 3072 1143 3126 adulterio
1162 3091 1460 3148 susceptam
1477 3097 1560 3130 ex-

550 3171 714 3226 pono.
739 3155 861 3222 Qno
881 3171 965 3204 me
988 3153 1138 3205 ducit
1154 3155 1424 3222 Phaedrus,
1447 3157 1554 3208 fab.

551 3235 713 3288 XLuI
733 3271 751 3298 ‚
794 3232 875 3283 his
912 3231 1081 3284 verbis
1105 3253 1117 3282 ι
1163 3257 1185 3279 ιι
1279 3238 1558 3304 conjugem

559 3338 581 3361 a
602 3333 717 3365 esse
742 3311 1033 3364 adulteram
1058 3313 1125 3364 Et
1145 3313 1381 3364 insitivos
1402 3315 1560 3384 signi—

558 3416 581 3439 ·
606 3391 751 3444 ficari
786 3391 1001 3442 liberos.
1024 3413 1045 3438 ο
1082 3393 1219 3442 Nam
1254 3409 1413 3443 sensu
1452 3404 1560 3443 tur-

550 3476 701 3544 piore
717 3470 1083 3542 accipiendum
1100 3491 1161 3524 ex
1176 3473 1291 3542 ipso
1308 3471 1434 3522 satis
1454 3469 1558 3523 hoc

552 3552 673 3604 loco
702 3564 865 3624 patet.
896 3553 1227 3621 Caeteroquin
1256 3563 1307 3603 et
1334 3549 1558 3603 honeste

551 3630 617 3683 de
643 3630 905 3700 adoptivis
934 3629 1037 3680 dici
1065 3649 1221 3701 posse
1254 3629 1432 3685 nullus
1461 3629 1560 3684 du-

552 3707 695 3761 bito:
726 3710 950 3760 maxime
980 3727 1142 3780 quum
1170 3709 1339 3779 legam
1370 3713 1425 3760 in
1455 3712 1558 3763 vita

552 3789 748 3843 Tiberii
782 3787 925 3861 apud
963 3789 1298 3856 Suetonium,
1332 3808 1450 3860 cap
1486 3789 1555 3840 3:

558 3875 830 3923 «Insertus
878 3881 956 3920 est
1002 3870 1264 3920 Liviorum
1312 3867 1554 3932 familiae,

558 3973 581 3996 a
602 3949 905 4018 adoptato'
892 3967 945 3999 ιιι
974 3965 1089 3998 eam
1118 3960 1353 3998 materno
1385 3966 1548 3998 avo.»

550 4030 603 4080 si
642 4030 758 4096 quis
792 4046 915 4079 vero
954 4047 1037 4078 me
1072 4029 1385 4097 interroget,
1424 4026 1552 4098 qnid

552 4104 658 4158 hoe
674 4104 791 4158 ioco
813 4107 911 4159 sibi
926 4105 1055 4158 velle
1076 4105 1417 4178 Calpurnium
1431 4145 1448 4176 ,
1463 4121 1554 4160 aut

1633 1435 1784 1480 eum,
1805 1434 1868 1467 ex
1889 1432 1994 1485 quo
2018 1414 2130 1467 hoec
2155 1414 2500 1483 excerpserit,
2525 1430 2648 1464 cen-

1633 1515 1808 1559 seam3
1834 1498 2018 1567 paucis
2043 1494 2212 1560 dabo,
2238 1493 2382 1563 quod
2407 1490 2537 1543 mihi
2562 1510 2646 1543 ra-

1633 1576 1708 1625 tio
1739 1588 1791 1625 et
1821 1575 2106 1625 auctoritas
2129 1585 2362 1623 veterum
2394 1572 2644 1639 suggerit.

1632 1654 1811 1722 Quum
1835 1657 1994 1725 igitur
2019 1650 2149 1703 nihil
2177 1652 2327 1721 prius
2355 1668 2530 1721 neque
2555 1666 2646 1699 an·

1636 1732 1830 1805 tiquius
1859 1731 2142 1783 duxerint*
2130 1748 2183 1779 tn
2215 1726 2454 1783 familiis
2484 1746 2646 1798 qnam

1617 1824 1782 1865 'sacra
1798 1812 2088 1889 gentilitia,
2104 1828 2272 1881 eaque
2293 1827 2413 1859 cnm
2435 1806 2646 1859 familiis

1631 1894 1830 1944 fuerint
1855 1890 2311 1961 conjunctissime,
2334 1901 2392 1938 ut
2411 1889 2502 1957 qui
2519 1886 2650 1938 Sue-

1633 1974 1786 2023 tonio
1828 1972 1880 2022 in
1922 1968 2065 2022 ‚lulio
2106 1968 2207 2021 83:
2255 1968 2357 2018 «ln
2393 1965 2649 2017 familiam

1642 2068 1986 2121 «nomenque
2011 2047 2342 2120 adoptatus·
2317 2044 2646 2111 sdicitur-,is

1637 2128 1878 2199 exemplo
1915 2128 2171 2193 aliorum,
2215 2124 2311 2177 nin
2348 2138 2559 2194 gentem
2597 2140 2648 2176 et

1644 2223 1831 2260 «sacra
1853 2210 2125 2272 transisse,
2149 2228 2170 2251 ι
2197 2224 2306 2256 ιιοιι
2328 2207 2440 2256 sine
2461 2222 2650 2255 recon-

1637 2288 1838 2339 ditioris
1862 2288 2090 2339 scienu'ae
2115 2286 2292 2355 specie
2317 2288 2488 2355 possit
2509 2283 2614 2335 dici
2631 2306 2644 2333 :

1640 2380 1692 2417 et
1717 2368 1768 2417 ἰη
1791 2366 1941 2419 sacris
1957 2366 2259 2415 constitutus
2279 2362 2374 2427 sit,
2397 2364 2650 2413 eonstitu-

1641 2460 1723 2498 tus
1752 2449 1807 2498 in
1835 2443 2055 2508 familia,
2081 2447 2187 2496 sive
2215 2461 2324 2493 non
2351 2443 2649 2512 emancipa-

1643 2539 1724 2576 tus
1745 2523 1780 2575 l.
1807 2543 1822 2575 ι
1841 2525 1960 2591 ι,0.
1980 2541 2171 2575 comm.
2192 2522 2260 2574 de
2281 2539 2513 2574 success.
2533 2519 2566 2570 l.
2583 2521 2648 2585 6,

1639 2601 1700 2656 C,
1721 2602 1787 2654 de
1807 2603 1960 2656 bonis
1983 2621 2096 2675 quae
2116 2601 2204 2654 lib.
2225 2601 2512 2672 Quumque
2535 2600 2646 2650 haee

1641 2685 1752 2754 ipsa
1789 2701 1936 2733 secra
1971 2700 2074 2732 una
2109 2701 2229 2732 cum
2257 2679 2550 2731 hereditate
2576 2677 2646 2730 ad

1640 2762 1906 2834 proximos
1929 2760 1996 2812 de
2019 2760 2214 2812 familia
2235 2759 2648 2811 transferrentur

1641 2853 1693 2892 et
1711 2842 2062 2912 pertinerent:
2089 2837 2320 2908 denique
2341 2855 2502 2908 quum
2521 2854 2646 2905 gen-

1641 2920 1788 2974 tilitia
1811 2920 1920 2972 haee
1941 2933 1993 2971 et
2008 2917 2283 2969 familiaria
2307 2935 2454 2970 sacra
2473 2930 2642 2980 caste,

1637 3015 1700 3052 ut
1737 3002 1950 3066 omnia,
1987 3012 2159 3051 essent
2193 2997 2430 3049 curanda
2463 3009 2512 3048 et
2549 3013 2640 3047 eo—

1638 3079 1827 3143 lenda;
1855 3099 1918 3131 ex
1945 3079 2058 3132 istis
2089 3079 2321 3130 auctoris
2350 3077 2458 3128 haec
2483 3074 2642 3126 verba

1639 3177 1878 3210 manasse
1901 3159 2234 3210 manifestum
2259 3171 2366 3222 est,
2391 3173 2544 3206 nmo
2563 3173 2648 3207 sa-

1637 3255 1724 3289 cra
1761 3236 2027 3310 qentt‘litia
2067 3236 2310 3288 insertion
2344 3236 2500 3306 stirpe
2533 3253 2648 3284 eorb

1641 3315 1798 3388 rupit.
1830 3315 1892 3366 ld
1925 3329 2040 3366 est:
2080 3315 2250 3366 Nemo
2287 3313 2372 3364 vel
2405 3315 2522 3383 ipse
2555 3331 2646 3364 su·

1638 3409 1839 3467 perstes
1860 3432 1876 3459 ‚
1923 3393 2108 3444 morbo
2157 3392 2322 3444 aliave
2361 3391 2648 3462 impeditus

1637 3475 1844 3524 ratione
1860 3513 1877 3539 ‚
1905 3489 2050 3524 sacra
2079 3475 2178 3524 ista
2206 3473 2464 3523 insertivoe
2491 3473 2646 3540 stirpi

1641 3551 2050 3606 administranda
2077 3553 2371 3604 commisit:
2397 3569 2495 3602 nec
2523 3569 2644 3601 mo-

1641 3635 1776 3700 riens
1802 3651 1862 3684 ea
1891 3632 1956 3682 ad
1987 3632 2041 3682 id
2068 3649 2233 3702 genus
2261 3629 2452 3682 liberos
2479 3631 2642 3700 perti-

1640 3731 1764 3766 nere
1790 3711 1972 3764 voluit.
2003 3713 2216 3782 Quippe
2247 3727 2410 3781 quum
2441 3727 2540 3760 nec
2573 3707 2646 3761 de

1639 3791 1836 3842 familia
1861 3793 1964 3844 sint
1985 3791 2032 3858 S.
2059 3791 2153 3842 ult.
2185 3790 2353 3841 instit.
2381 3802 2434 3840 et
2461 3808 2558 3841 nec
2589 3791 2645 3842 in

1635 3869 1808 3934 bonu,
1849 3869 2162 3939 quibuscum
2204 3869 2488 3937 conjuncta
2531 3867 2644 3920 haec

1635 3965 1810 4014 sacra,
1835 3947 2118 4000 succedere
2143 3949 2366 4018 possint.
2393 3950 2644 3998 Praeterea

1635 4029 1820 4098 (quod
1837 4031 2058 4080 maxime
2077 4029 2182 4080 huc
2201 4025 2363 4098 facit)
2387 4029 2432 4078 si
2451 4027 2534 4078 his
2551 4044 2645 4078 ne·

1635 4110 1770 4162 fario
1797 4107 2087 4162 concubitu
2115 4109 2376 4180 susceptis
2401 4107 2646 4161 commit·
