2855 4871
567 400 1395 473 DECLAMATIONES.
1444 402 1867 474 CCLXVII.
2178 436 2263 501 99

199 526 422 599 sertim
449 527 792 603 affectatio
826 526 1208 627 tyrannidis
1237 528 1462 605 multa
1486 528 1818 619 crimina,
1854 551 1922 605 et
1942 558 2097 630 quoe
2120 560 2267 607 non

199 641 580 742 conjectura
630 642 862 742 colligi
909 664 1260 742 oporteat,
1305 670 1552 720 verum
1605 644 1973 719 manifesta
2018 649 2269 749 depre-

199 756 482 830 hendat?
502 760 844 859 Apparet,
873 759 1137 858 inquit,
1163 759 1509 859 cupiditas
1536 780 1659 833 tua
1674 792 1693 851 3
1720 760 1843 836 fles
1868 762 2057 835 enim
2079 764 2275 865 juxta

201 898 430 946 arcem.
468 874 541 945 Si
576 874 941 951 confiterer
968 874 1295 973 depositae.
1329 876 1677 975 potestatis
1710 875 1901 949 illius
1934 879 2275 977 poeniten-

139 1066 144 1072 ¹
200 986 390 1078 tiam,
424 988 729 1061 dicerem
763 1009 1004 1061 tamen
1037 989 1233 1061 aliud
1267 1016 1406 1063 esse
1440 990 1757 1063 affectare
1783 994 2231 1090 tyrannidem
2254 1052 2275 1085 ,

201 1100 375 1173 aliud
408 1130 660 1205 cupere
699 1131 714 1175 :
755 1130 1000 1178 verum
1033 1104 1207 1205 quid
1243 1104 1465 1206 signi,
1500 1104 1676 1202 quid
1707 1108 2101 1204 argumenti
2136 1108 2277 1181 istae

198 1216 506 1319 lacrymae
539 1219 845 1293 habent?
876 1219 1042 1292 flere
1082 1221 1373 1293 miratur
1405 1221 1658 1321 aliquis
1691 1222 2105 1297 hominem?
2141 1225 2278 1298 Sed

155 1360 160 1367 ·
189 1333 370 1434 juxta
393 1363 622 1408 arcem
655 1336 815 1410 fles:
847 1362 1026 1413 num
1056 1363 1184 1437 ego
1212 1363 1501 1438 possum
1532 1339 1883 1415 continere
1913 1340 2279 1439 lacrymas,

199 1451 448 1544 quoties
471 1451 680 1525 illum
701 1451 936 1525 locum
955 1453 1160 1525 video
1174 1510 1193 1545 ,
1219 1480 1261 1524 a
1279 1481 1421 1551 quo
1440 1474 1581 1525 tam
1602 1454 1903 1528 libenter
1920 1456 2283 1528 descendi?

197 1565 327 1639 illic
345 1568 526 1643 mihi
545 1569 882 1642 succurrit
897 1568 1234 1643 infamata
1251 1570 1718 1643 adolescentia
1738 1598 1752 1642 τ
1772 1572 2037 1668 quoties
2054 1594 2283 1643 arcem

199 1682 360 1773 vidi,
406 1685 780 1774 succurrit,
827 1685 994 1758 inde
1040 1683 1163 1758 has
1198 1685 1671 1758 inimicitias¹.
1706 1688 1870 1761 Sero
1904 1712 2055 1777 me,
2086 1712 2289 1759 accu-

201 1820 472 1893 satores,
509 1802 1054 1901 deprehendistis
1093 1830 1106 1873 :
1155 1823 1501 1899 quantum
1543 1828 1657 1875 me
1698 1804 1945 1902 putatis
1982 1802 2283 1891 flevisse,

201 1937 572 2013 antequam
599 1915 1134 1991 descenderem?
1159 1916 1358 1993 istius
1377 1917 1571 1989 enim
1600 1918 1889 1989 affectus
1914 1944 2291 2016 argumen-

203 2052 341 2103 tum
384 2033 712 2131 lacrymae
753 2032 1036 2106 habent.
1069 2034 1415 2105 Caeterum
1452 2034 1769 2105 affectare
1801 2034 2243 2133 tyrannidem
2269 2090 2288 2125 ,

201 2147 528 2243 sperantis
559 2166 664 2219 est
685 2146 1057 2243 (erectioris
1087 2146 1307 2218 animi
1330 2168 1494 2219 sunt
1517 2147 1645 2219 ista
1672 2146 2018 2245 crimina),
2056 2145 2289 2236 fletus,

204 2261 505 2351 remissi,
529 2260 810 2360 fatigati.
837 2262 950 2333 Tu
981 2258 1056 2331 id
1080 2259 1254 2333 mihi
1283 2252 1591 2333 criminis
1620 2261 1769 2362 ejus
1794 2261 2291 2361 argumentum

201 2374 286 2448 vis
307 2376 526 2448 videri
545 2432 566 2466 ,
591 2377 790 2479 cujus
812 2376 1198 2475 desperatio
1220 2399 1323 2450 est
1346 2401 1362 2448 τ
1394 2404 1627 2476 quaero
1649 2377 1843 2450 enim
1865 2404 1945 2452 ex
1967 2399 2032 2451 te
2050 2434 2071 2470 ,
2101 2379 2293 2452 unde

203 2488 407 2564 istum
437 2489 685 2564 fletum
720 2489 962 2590 putes?
995 2517 1162 2564 nam
1198 2493 1252 2564 si
1280 2489 1565 2586 affecto,
1598 2493 1655 2566 si
1684 2519 1920 2592 spero,
1950 2495 2007 2566 si
2038 2494 2297 2566 reditu·-

205 2631 351 2680 rum
391 2633 512 2679 me
549 2606 639 2679 ad
671 2633 793 2696 ea,
827 2633 910 2678 ex
947 2607 1206 2704 quibus
1241 2607 1497 2680 invitus
1530 2607 2046 2697 descenderim,
2088 2627 2295 2705 puto,

203 2747 344 2820 quae
381 2747 592 2796 causa
619 2719 1084 2820 lacrymarum
1119 2721 1259 2794 est?
1290 2716 1360 2794 S'i
1395 2748 1555 2793 vero
1588 2721 1721 2794 hoc
1750 2740 1882 2810 est,
1918 2721 2108 2818 quod
2134 2721 2296 2794 ani·-

205 2861 400 2912 mum
435 2862 682 2908 meum
714 2856 1069 2935 torqueat,
1105 2835 1295 2936 quod
1335 2861 1417 2906 ex
1451 2834 1575 2906 illo
1607 2834 1881 2932 fastigio
1919 2833 2299 2908 descende-
2328 2901 2333 2907 .

203 2951 330 3023 rim
349 3009 371 3041 ,
399 2949 593 3052 quod
619 2978 698 3023 ex
725 2977 925 3051 aequo
947 2951 1172 3024 vivam
1193 3007 1214 3042 ,
1244 2949 1600 3048 quomodo
1626 2949 1950 3025 affectare
1969 2977 2255 3049 possum
2274 3007 2295 3040 ,

203 3067 389 3166 quod
413 3065 554 3142 scio
574 3065 747 3140 mihi
767 3093 910 3142 non
935 3091 1131 3165 posse
1151 3063 1594 3162 contingere?
1624 3065 1891 3137 Eodem
1914 3066 2299 3139 revolvatur
2382 3149 2389 3158 Ι

205 3181 422 3255 oratio
453 3207 731 3254 necesse
761 3203 900 3271 est,
945 3181 1134 3253 unde
1182 3180 1426 3278 coepit:
1463 3205 1590 3280 ego
1628 3180 1985 3280 publicam
2020 3181 2299 3281 appello

207 3296 462 3390 fidem,
496 3325 648 3399 quae
685 3297 866 3371 inter
902 3297 1154 3396 piratas
1193 3323 1382 3370 sacra
1415 3317 1547 3386 est3
1590 3324 1742 3397 quae
1788 3298 1969 3370 inter
1996 3317 2299 3369 armatos

211 3409 434 3485 hostes
485 3413 806 3485 inducias
843 3412 1044 3500 facit3
1093 3437 1249 3510 quae
1300 3411 1693 3482 deditarum
1739 3411 2096 3484 civitatum
2138 3411 2303 3510 jura

209 3551 594 3603 conservat:
629 3529 1117 3628 qualecunque
1148 3527 1329 3602 istud
1359 3549 1495 3620 est,
1523 3525 1965 3626 promisistis,
1996 3527 2305 3600 censuis-

213 3643 333 3718 tis:
361 3671 442 3718 ac
471 3643 561 3718 de
595 3671 712 3718 me
741 3645 1032 3744 quidem
1068 3641 1244 3716 nihil
1273 3671 1287 3714 :
1320 3641 1501 3714 mihi
1532 3641 1725 3712 enirn
1748 3640 1901 3742 jam
1935 3641 2133 3712 taedio
2159 3641 2303 3712 vita

217 3781 317 3832 est
337 3787 353 3832 t
371 3762 668 3866 jamque
697 3759 805 3832 hae
833 3761 1156 3858 lacrymae
1184 3757 1605 3858 quotidianae
1632 3777 2060 3832 accesserunt
2084 3781 2303 3855 prope

218 3873 308 3947 ad
329 3899 478 3951 vota
519 3875 782 3950 mortis
825 3873 1013 3948 Illud
1041 3872 1299 3964 videte,
1331 3901 1422 3946 an
1460 3873 1517 3944 si
1560 3873 1871 3974 aliquem
1908 3870 2303 3969 reipublicae

222 4017 421 4085 error,
453 4014 577 4067 aut
602 3995 916 4082 fortuna,
947 3991 1004 4064 si
1035 4017 1247 4089 quem
1273 4011 1388 4064 aut
1419 3989 1791 4062 consilium
1828 3985 2152 4084 aliquod,
2188 4007 2307 4062 aut

301 4149 340 4185 1-
361 4136 626 4190 Succurrit
647 4135 800 4202 inde,
823 4149 925 4192 etc.
949 4133 1270 4192 Suum-runt
1291 4133 1412 4187 inde
1434 4133 1516 4186 he
1538 4129 1853 4195 internicida,
1876 4125 2139 4180 AErodius.
2174 4177 2187 4188 ,

1973 4233 2021 4285 7.
