2855 4871
535 414 1383 483 DECLAMATIONES.
1432 416 1880 484 CCCXXIX.
2134 418 2259 485 335

153 540 562 641 exemplum
588 540 992 641 posteritatis
1017 541 1412 615 ostendatur
1437 540 1509 612 in
1535 543 1685 615 foro
1712 542 2144 641 sepulcrum,
2174 568 2265 615 ne

155 659 318 758 quis
356 659 612 731 audeat
652 679 990 759 tyrannus
1033 686 1216 732 esse:
1263 682 1340 730 ut
1371 686 1616 732 omnes
1651 660 1973 733 homines
2009 685 2267 732 monu-

157 776 418 851 mentis
442 778 654 878 hujus
682 778 935 868 sciant,
967 778 1224 876 quibus
1251 777 1556 877 praemiis
1580 778 1903 851 adversus
1929 798 2263 877 tyrannos

155 891 615 991 tyrannicidae
657 908 1076 965 armentur¹.
1113 896 1214 964 Ita
1249 920 1440 965 nunc
1478 892 1591 965 hic
1626 914 1992 991 tamquam
2034 893 2266 964 bonus

155 1008 358 1098 civis,
381 1008 476 1079 ita
495 1030 855 1107 tamquam
878 1008 1209 1081 liberator
1226 1007 1345 1109 huj
1356 1034 1436 1079 us
1456 1008 1746 1080 civitatis
1767 1004 2267 1080 honorabitur?

160 1126 261 1198 sic
306 1145 409 1197 est
447 1123 802 1213 hercule2,
836 1124 1145 1224 judices,
1190 1124 1288 1197 sic
1329 1148 1474 1199 est:
1520 1126 1573 1196 si
1617 1126 1809 1198 hunc
1852 1126 2081 1198 civitas
2125 1148 2274 1195 non

161 1238 560 1327 habuisset,
603 1238 1014 1311 serviremus
1059 1239 1268 1312 etiam
1312 1265 1543 1331 nunc,
1592 1260 1659 1310 et
1706 1240 2105 1338 gravissima
2153 1237 2278 1309 illa
2362 1268 2367 1275 ·

162 1378 514 1454 tempora,
537 1382 693 1453 quae
717 1356 836 1427 diu
868 1357 1048 1453 passi
1075 1382 1350 1444 sumus,
1381 1357 1907 1429 sustineremus.
1942 1358 2278 1454 Exspecto

167 1470 615 1561 mehercule,
655 1492 734 1542 ut
767 1470 1142 1573 cujuslibet
1181 1471 1639 1570 impudentiae
1678 1494 2142 1559 accusatoreS,
2186 1471 2281 1542 sic

168 1614 456 1685 quoque
503 1614 678 1687 opus
725 1588 874 1689 ejus
917 1614 1168 1685 augere
1213 1608 1419 1687 atque
1464 1600 1871 1687 exaggerare
1915 1609 2277 1662 conentur.

171 1701 451 1776 Occidit
497 1723 878 1800 tyrannum
929 1730 1070 1774 non
1115 1703 1305 1775 hunc
1351 1703 1752 1801 vulgarem,
1808 1725 1873 1776 et
1918 1730 2144 1803 usque
2193 1702 2284 1774 ad

172 1842 443 1891 nomen
475 1838 750 1890 tantum
785 1841 1194 1891 nocentem:
1233 1819 1390 1918 plus
1425 1819 1686 1918 aliquid
1710 1877 1727 1909 ,
1774 1846 1985 1917 quam
2032 1818 2283 1891 caeteris

175 1931 703 2004 constituamus,
731 1933 1015 2005 Occidit
1039 1954 1416 2031 tyrannum
1444 1933 2041 2022 crudelissimum,
2068 1932 2287 2005 saevis·

173 2044 442 2119 simum
463 2102 482 2137 ,
512 2068 1057 2146 expugnatorem
1081 2074 1224 2121 non
1251 2049 1601 2146 pudicitiae
1626 2048 1841 2120 modo
1866 2069 1934 2119 et
1960 2047 2288 2147 patrimo-

175 2160 463 2232 niorum
508 2182 936 2249 nostrorum,
985 2182 1054 2233 et
1093 2162 1498 2261 principum
1548 2161 1759 2263 hujus
1802 2162 2127 2251 civitatiS,
2170 2161 2294 2233 sed

177 2272 612 2372 templorum
639 2276 970 2349 omnium
1001 2298 1070 2348 et
1103 2278 1651 2350 cerimoniarum
1672 2337 1691 2368 ,
1722 2304 1851 2351 nec
1881 2276 2293 2349 hominibus

182 2389 444 2490 magiS,
473 2418 688 2490 quam
715 2392 844 2465 diis
869 2392 1380 2468 immortalibus
1407 2394 1734 2468 invisum.
1762 2399 1942 2469 Vera
1962 2414 2125 2468 sunt
2144 2392 2295 2492 qui-

183 2506 348 2578 dem
377 2505 542 2594 ista,
558 2507 830 2608 judices
855 2535 870 2578 :
897 2509 1016 2580 sed
1045 2510 1099 2580 si
1128 2509 1420 2581 velimus
1452 2537 1660 2583 suum
1690 2510 1975 2582 titulum
2008 2509 2295 2581 reddere

183 2621 670 2696 liberatoribus
695 2645 940 2697 nostrae
962 2625 1250 2698 civitatis
1267 2683 1286 2714 ,
1323 2626 1527 2698 illum
1554 2626 1651 2698 dii
1684 2625 2111 2698 occiderunt.
2136 2626 2297 2696 Non

187 2739 384 2812 enirn
419 2741 726 2813 contenti
752 2741 1062 2816 advocati
1099 2743 1310 2840 partis
1347 2744 1643 2814 adversae
1677 2742 1806 2814 hac
1839 2741 2011 2840 le‘gis
2040 2739 2302 2810 calum·

189 2855 347 2944 nia,
383 2855 597 2929 etiam
628 2857 807 2931 bene
839 2859 1170 2930 meruisse
1205 2886 1370 2930 eum
1406 2860 1491 2930 de
1527 2858 1885 2958 republica
1916 2877 2149 2930 nostra
2183 2857 2299 2928 di-

189 2991 398 3042 cunt:
430 2970 620 3069 quod
645 2972 886 3045 audito
912 2997 1242 3070 responso
1269 2973 1416 3070 ipse
1442 2999 1512 3044 se
1539 2973 1894 3070 percussit.
1922 2974 2070 3070 Ego
2096 2995 2302 3071 porro

189 3085 466 3156 etiamsi
489 3086 876 3176 confiterer,
904 3085 1290 3184 plurimum
1314 3113 1480 3158 eum
1500 3087 1897 3186 reipublicae
1928 3107 2148 3158 morte
2175 3109 2303 3158 sua

192 3201 624 3300 praestitisse,
659 3229 802 3274 non
834 3225 1066 3276 tamen
1099 3203 1278 3275 inter
1300 3205 1645 3276 beneficia
1670 3205 2001 3276 ducerem
2030 3201 2302 3304 injuriae

195 3318 442 3390 finem.
479 3322 685 3393 Nunc
715 3348 876 3394 vero
905 3322 1062 3420 quis
1103 3323 1411 3421 ignorat,
1446 3351 1661 3422 quam
1698 3323 1935 3395 multae
1970 3349 2135 3394 eum
2171 3347 2303 3392 ne-

193 3430 546 3504 cessitates
586 3434 674 3505 ad
723 3436 1095 3534 exigendas
1133 3464 1173 3508 a
1211 3437 1435 3537 seipso
1476 3465 1712 3536 poenas
1746 3435 2203 3537 impulerint?
2234 3435 2306 3506 Si

197 3567 478 3620 tantum
511 3547 644 3621 hoc
675 3551 1019 3643 dicerem,
1052 3552 1302 3642 Quum
1331 3554 1517 3625 salus
1544 3575 1720 3626 esset
1752 3553 2099 3651 proposita
2132 3551 2304 3623 civi-

197 3662 324 3733 tati
351 3661 488 3734 hoc
517 3663 787 3738 silentio
799 3664 853 3755 ³,
875 3686 952 3736 ut
973 3687 1310 3764 tyrannus
1335 3668 1791 3758 occideretur,
1814 3668 1970 3766 quis
1993 3691 2134 3737 non
2156 3689 2307 3736 nos-

277 3849 326 3883 1.
363 3832 667 3888 Amentur.
703 3837 993 3903 (Ji-nentur,
1031 3835 1212 3890 AErod.
1367 3841 1418 3892 3.
1448 3843 1623 3912 Quum
1647 3839 1785 3893 salus
1806 3849 1929 3891 esset
1949 3833 2211 3908 proposita
2237 3831 2307 3883 σι’-

273 3929 328 3965 2.
355 3911 446 3964 Sic
471 3925 548 3966 est
578 3915 799 3970 hercule.
834 3919 1036 3972 Siccine
1063 3929 1137 3970 est
1164 3917 1214 3969 1ι.
1297 3921 1449 3972 vitati
1475 3919 1569 3972 hoc
1592 3919 1814 3972 silentio.
1844 3917 2032 3979 Forte,
2062 3915 2158 3965 hac
2179 3931 2309 3964 con-

187 3996 238 4066 j.
265 3993 342 4046 sic
359 4005 448 4046 est.
473 3995 560 4048 Sic
577 3999 972 4070 interrogative.
994 4000 1214 4052 Senum.
1297 3999 1515 4050 ditione.
1552 3998 1655 4049 Ali1
1692 3995 1835 4068 apud
1870 3993 2175 4054 AErodium,
2212 3990 2310 4043 hac

203 4075 851 4137 -Smrineremusvide
877 4079 946 4134 ad
961 4078 1215 4155 Calpur-n.
1299 4081 1722 4134 consideratione.
1758 4075 1924 4127 Θεοῖς.
1966 4073 2083 4124 Hoc
2118 4069 2313 4125 scilicet

206 4157 511 4214 Dee-tamar.
530 4159 644 4216 XV.
1296 4161 1499 4232 pretio,
1530 4159 1661 4212 Obr.
1698 4155 1815 4208 Hac
1842 4151 2153 4227 pestilentia.
2190 4151 2307 4206 Scit.
