2855 4871
543 427 675 508 444
739 417 748 430 '
1037 423 1142 485 M.
1192 422 1442 485 FABn
1488 417 2125 502 QUINTILIANI

544 544 988 624 damnaretur,
1013 542 1218 608 fuisse
1247 543 1463 606 civem
1492 540 1881 608 seditiosum
1900 592 1917 622 ,
1946 542 2262 610 omnibus
2288 543 2637 609 sceleribus

544 654 920 718 confessum
943 665 960 695 ¹
992 675 1005 714 :
1039 648 1158 716 sed
1195 651 1262 712 in
1297 649 1423 714 illis
1450 671 1720 739 quoque
1749 647 1869 714 diu
1896 671 2031 714 non
2057 649 2304 718 fiducia
2332 652 2637 717 innocen-

545 761 682 839 tiae,
709 781 944 823 verum
964 754 1233 822 audacia
1261 755 1487 820 nescio
1513 778 1643 842 qua
1666 755 1887 822 omnia
1912 754 2207 844 fingendi
2232 775 2441 847 atque
2464 757 2639 822 dissi·

545 863 878 944 mulandi,
923 863 1224 942 latuisse;
1267 881 1333 926 et
1370 859 1939 949 quemadmodum
1974 864 2217 928 multos
2262 863 2515 928 similes
2550 866 2641 928 sui

546 969 794 1034 amicos
817 965 1154 1044 habuerit,
1185 965 1278 1030 sic
1303 987 1440 1029 non
1464 966 1810 1052 pauciores
1834 963 2142 1031 habuisse
2172 968 2516 1032 inimicos:
2548 969 2641 1032 vix

551 1074 822 1162 quidem
867 1071 1086 1154 illum,
1131 1070 1433 1160 quamvis
1474 1071 1544 1135 in
1584 1072 1948 1136 manifestis
1985 1071 2385 1151 sceleribus,
2428 1075 2642 1139 nescio

552 1204 685 1270 qua
728 1177 1000 1246 audacia
1045 1194 1530 1267 repugnantem
1577 1174 1874 1241 damnari
1919 1177 2233 1265 potuisse.
2285 1181 2646 1270 Expulsum

551 1305 810 1366 autem,
851 1282 1034 1374 quod
1071 1285 1212 1347 fere
1251 1283 1583 1348 sceleratis
1620 1282 1998 1371 pectoribus
2034 1286 2327 1364 eveniat,
2366 1289 2650 1375 graviter

553 1395 782 1459 tulisse
806 1413 1108 1481 poenam:
1143 1413 1220 1454 ac
1251 1390 1589 1478 praecipue
1618 1389 1998 1455 auctoribus
2030 1391 2170 1482 ejus
2206 1391 2409 1458 fuisse
2436 1393 2651 1458 infes-

555 1517 696 1589 tum
715 1549 733 1580 ,
760 1498 1001 1588 quibus
1029 1513 1106 1562 ut
1139 1496 1388 1561 referre
1415 1498 1693 1586 gratiam
1726 1513 1983 1585 posset,
2010 1498 2324 1585 quaesisse
2362 1499 2652 1563 occasio-

553 1627 710 1670 nem
731 1603 1011 1670 reditus:
1035 1602 1218 1692 quod
1249 1618 1322 1667 ut
1344 1619 1571 1692 posset
1597 1603 1982 1689 contingere
1996 1602 2218 1690 „prius
2240 1620 2652 1668 montet-rere

556 1713 846 1778 voluisse
885 1710 1164 1799 patriam
1187 1761 1204 1790 ,
1248 1726 1324 1774 ut
1365 1710 1435 1774 in
1480 1710 1819 1775 communi
1866 1711 2198 1776 servitutis
2244 1726 2427 1775 metu
2447 1761 2465 1791 ,
2518 1735 2653 1776 non

559 1819 724 1884 tanti
759 1817 956 1882 unius
994 1815 1235 1882 exsulis
1272 1815 1563 1881 reditum
1583 1865 1600 1895 ,
1631 1817 1862 1906 quanti
1900 1817 2317 1882 securitatem
2352 1819 2657 1884 omnium

551 1925 904 2020 judicaret.
935 1926 1252 1992 Dictitare
1286 1927 1488 2014 igitur
1518 1925 1829 2013 coepisse,
1866 1926 2167 2014 apparari
2202 1923 2658 2016 tyrannidem,

561 2035 802 2100 instare
826 2031 1052 2122 patriae
1077 2054 1342 2120 gravem
1370 2031 1786 2112 servitutem,
1812 2030 2118 2122 quaedam
2143 2055 2213 2098 se
2231 2034 2661 2120 comperisse.

563 2145 700 2208 Has
721 2143 864 2232 ejus
883 2163 1080 2207 voces
1109 2139 1525 2229 frequenteS,
1552 2161 1761 2228 quum
1784 2139 1956 2205 forte
1976 2138 2211 2206 eadem
2233 2141 2357 2206 iter
2376 2141 2661 2224 faceret,

561 2251 648 2317 ad
677 2250 953 2316 divitem
982 2250 1303 2339 perlatas:
1337 2265 1404 2314 et
1430 2249 1733 2336 protinus
1758 2263 2017 2315 motum
2044 2247 2155 2313 tali
2184 2271 2485 2328 rumore,
2514 2271 2663 2314 cer-

563 2358 696 2422 tius
719 2355 970 2447 aliquid
998 2379 1077 2419 ex
1100 2355 1247 2445 ipso
1271 2355 1560 2421 voluisse
1590 2355 1786 2435 scire,
1812 2353 2133 2445 quidnam
2158 2353 2339 2419 exsul
2360 2353 2665 2446 loquere-

565 2481 707 2546 tur3
731 2488 814 2529 an
839 2464 1020 2528 arma
1040 2463 1262 2552 aliqua
1287 2463 1468 2552 apud
1496 2487 1683 2543 eum,
1713 2486 1799 2527 an
1824 2464 2099 2552 vestigia
2123 2465 2355 2529 saltem
2376 2464 2665 2553 tyranni-

567 2570 668 2637 dis
689 2571 961 2660 reperiri
985 2584 1277 2659 possent.
1299 2568 1437 2636 Sibi
1457 2592 1729 2660 quoque
1749 2568 2045 2634 exsulem
2067 2567 2337 2648 dixisse,
2360 2570 2665 2657 apparari

570 2677 1022 2771 tyrannidem,
1067 2676 1184 2744 sed
1224 2676 1387 2741 nihil
1427 2694 1868 2767 praeterquam
1903 2677 2122 2741 inania
2157 2676 2359 2741 verba
2386 2698 2457 2741 se
2486 2673 2667 2764 apud

570 2808 726 2849 eum
759 2786 1195 2875 comperisse,
1235 2783 1424 2848 illum
1461 2799 1685 2847 autem
1721 2781 1851 2848 hoc
1888 2783 2033 2869 ipso
2067 2805 2451 2863 accensum,
2486 2780 2667 2872 quod

571 2892 808 2959 fabulis
834 2892 967 2958 suis
983 2893 1316 2983 judicaret
1339 2892 1537 2957 etiam
1558 2915 1597 2955 a
1622 2891 1826 2956 divite
1850 2890 2079 2955 haberi
2106 2889 2337 2970 fidem,
2368 2914 2505 2955 non
2540 2890 2669 2955 dis-

571 2996 833 3077 tulisse,
878 2996 1061 3086 quod
1104 2997 1221 3064 diu
1258 2998 1643 3085 cogitasset3
1688 2996 1941 3062 misisse
1976 2996 2060 3061 ad
2102 3012 2405 3061 senatum
2440 2994 2669 3061 indicii

576 3104 922 3191 epistolam
937 3100 986 3165 3.
1017 3102 1119 3168 Ad
1146 3103 1453 3167 nuntium
1484 3118 1615 3167 tam
1648 3102 1888 3167 atrocis
1920 3102 2016 3166 rei
2044 3102 2330 3166 attonito
2360 3101 2671 3165 universo

576 3227 842 3286 senatu,
869 3207 1146 3273 divitem
1170 3208 1528 3287 indicasse,
1558 3209 1719 3297 quid
1754 3210 1895 3296 ipse
1926 3210 2391 3299 comperisset;
2424 3232 2669 3298 quem-

574 3314 940 3381 admodum
983 3312 1106 3381 sibi
1149 3338 1421 3405 quoque
1466 3314 1698 3380 eadem
1741 3314 2229 3382 denuntiasset:
2272 3315 2670 3381 intellexisse

578 3446 815 3487 vanam
839 3422 1042 3505 illius,
1073 3422 1216 3488 sine
1241 3420 1390 3487 ullis
1419 3423 1851 3511 argumentis,
1880 3446 2147 3488 vocem:
2178 3422 2406 3511 itaque
2434 3421 2669 3487 dixisse

660 3670 704 3704 1.
727 3652 1012 3706 Scelen'bus
1033 3654 1341 3726 confessum.
1371 3653 1588 3725 Confos·
1668 3668 1759 3709 ant
1786 3657 1945 3707 etiam
1971 3654 2229 3726 confessus
2254 3652 2467 3705 dicatur
2498 3662 2675 3717 recte,

581 3750 694 3785 sum
719 3731 842 3784 edit.
871 3730 1012 3797 aliae,
1037 3745 1097 3783 ut
1122 3732 1439 3804 prejudiciis
1465 3750 1587 3785 con·
1667 3734 1870 3788 dubito.
1898 3736 2068 3787 Banu.
2090 3763 2159 3773 —
2178 3733 2497 3785 Auctoribus.
2520 3730 2679 3783 Acto-

575 3810 758 3881 fossus.
775 3812 1079 3882 Coopertum
1099 3810 1309 3863 Sallust.
1325 3812 1481 3863 Catil.
1502 3812 1587 3865 23.
1669 3818 1828 3881 ribus,
1844 3816 1913 3869 al.
1933 3814 2295 3880 Exactoribus,
2312 3832 2476 3885 marg.
2494 3812 2673 3864 AErod.

585 3890 804 3941 Senum.
822 3893 958 3941 Puto
979 3889 1236 3960 respicere
1255 3887 1390 3941 Clar.
1409 3890 1590 3940 Virum
1743 3914 1791 3949 2,
1838 3898 2121 3949 conterere,
2164 3896 2303 3965 Lege
2316 3930 2335 3959 ,
2372 3903 2671 3944 conterrere.

589 3970 654 4020 ad
699 3972 810 4023 Liv.
838 3972 905 4038 V,
940 3990 992 4024 ιι
1019 3992 1031 4021 2
1073 3972 1198 4043 qui,
1231 3994 1252 4017 ι
1272 3983 1352 4023 tot
1377 3970 1592 4041 judiciis
1671 3979 1815 4029 Ριτιι.
1846 3976 1995 4027 Prius
2012 3992 2131 4026 eum
2156 3984 2367 4035 terrere,
2394 3968 2565 4023 AErod.

593 4072 616 4095 ιι
637 4053 915 4104 confossos
943 4052 1437 4125 praedamnatosque
1457 4075 1480 4099 ι
1514 4049 1595 4102 di·
1744 4054 1794 4107 3.
1840 4052 2035 4105 Indicia·
2082 4048 2371 4122 epistolam.
2422 4048 2677 4101 Francius

590 4132 688 4181 cit:
729 4132 822 4184 sed
863 4152 961 4201 an,
992 4134 1265 4187 sceleribus
1295 4132 1593 4205 confossus,
1672 4132 1910 4199 volebat,
1934 4131 2157 4185 indicem
2180 4126 2464 4202 epistolam.
