2855 4871
522 437 607 513 24
1022 432 1114 495 M.
1165 431 1412 495 FABII
1460 430 2099 513 QUINTILIANI

522 578 637 624 rea
673 551 853 625 hanc
891 578 1172 649 quoque
1215 552 1511 651 proponi
1549 552 2175 651 praescriptionem:
2223 580 2459 627 nonne
2488 554 2617 627 illa

519 687 976 765 patronorum
996 663 1308 738 defensio
1339 665 1734 738 firmissima
1755 666 1909 756 erit,
1928 665 2141 738 habes
2169 666 2571 740 adulterum
2590 726 2613 758 ,

519 781 628 855 lex
661 804 726 855 te
757 782 845 854 ab
879 781 999 887 illo
1033 781 1246 855 ordiri
1285 782 1533 883 jubet:
1582 783 1753 881 quid
1783 783 2115 856 transilis?
2143 785 2274 857 hoc
2313 784 2385 857 in
2428 784 2617 857 hanc

519 924 664 971 non
693 919 912 998 potest
936 896 1098 970 dici.
1130 897 1314 989 Quis
1343 898 1555 997 igitur
1582 899 1815 971 credat
1844 899 1993 1002 ejus
2020 900 2434 973 conditionis
2461 927 2616 973 esse

505 1013 669 1115 jura
716 1012 896 1105 ulla,
933 1034 1016 1085 ut
1039 1011 1305 1110 aliquid
1343 1039 1489 1085 non
1530 1014 1731 1087 liceat
1772 1036 1839 1088 et
1879 1042 2151 1088 necesse
2178 1015 2303 1087 sit?
2342 1043 2509 1088 nam
2553 1016 2614 1087 si

514 1127 693 1199 mihi
735 1128 868 1200 hoc
903 1128 993 1200 ab
1038 1154 1120 1199 ea
1154 1127 1352 1217 dicit,
1398 1132 1667 1203 Accusa
1697 1130 1891 1229 prius
1934 1130 2370 1220 adulterum,
2416 1130 2507 1202 ad
2540 1152 2614 1202 te

513 1245 716 1331 venio
740 1259 797 1315 ¹:
837 1244 1258 1343 respondeo,
1295 1272 1611 1318 accusare
1646 1245 2040 1318 adulterum
2080 1246 2269 1319 volo:
2310 1248 2459 1319 haec
2491 1246 2617 1318 di-

516 1386 780 1449 cerem,
822 1360 878 1431 si
910 1385 1054 1430 non
1090 1358 1567 1451 inchoassem,
1594 1360 1649 1433 si
1680 1361 1855 1433 nihil
1890 1362 2224 1435 fecissem.
2256 1364 2461 1434 Nunc
2494 1360 2611 1460 egi

512 1504 678 1549 cum
699 1476 1034 1568 adultero,
1048 1498 1117 1549 et
1127 1478 1184 1549 si
1199 1498 1567 1550 contentus
1582 1505 1798 1551 essem
1812 1479 2165 1551 voluntate
2184 1478 2352 1579 legis
2369 1536 2389 1569 ,
2404 1504 2615 1575 agere

512 1594 742 1685 volui,
785 1621 909 1694 per
949 1621 1062 1666 me
1105 1621 1254 1667 non
1287 1596 1507 1667 stetit:
1552 1594 1766 1669 habet
1804 1594 1911 1667 lex
1950 1596 2271 1667 animum
2314 1619 2607 1666 meum:

513 1712 728 1811 coepi,
769 1712 914 1810 egi,
949 1738 1078 1783 nec
1111 1711 1220 1785 lex
1252 1712 1493 1811 utique
1526 1710 1674 1785 ullo
1702 1712 1959 1811 scripto
1983 1712 2116 1784 hoc
2149 1710 2619 1809 comprehen-

513 1827 640 1917 dit,
673 1848 752 1900 ut
781 1828 955 1899 mihi
984 1854 1258 1901 necesse
1285 1829 1372 1901 sit
1399 1855 1599 1927 agere
1629 1854 1850 1926 usque
1880 1826 1970 1899 ad
1998 1827 2253 1899 finem:
2286 1852 2456 1898 nam
2480 1825 2613 1898 etsi

505 1942 776 2042 judices
827 1942 1331 2033 consedissent,
1377 1966 1448 2015 et
1482 1942 1964 2034 absolvissent,
2007 1970 2136 2041 ego
2173 1963 2411 2015 tamen
2447 1966 2619 2039 ege-

511 2085 684 2130 ram.
706 2062 1015 2157 Apparet
1034 2058 1247 2159 igitur
1265 2086 1410 2131 non
1436 2060 1617 2131 exitu
1638 2058 1886 2159 judicii
1911 2079 2213 2132 constare
2235 2057 2615 2145 actionem,

512 2174 631 2247 sed
684 2175 1008 2247 introitu:
1056 2174 1266 2274 igitur
1305 2175 1363 2246 si
1405 2173 1760 2247 absolutus
1805 2195 1977 2246 esset
2008 2174 2108 2265 is,
2147 2198 2359 2271 quem
2404 2192 2615 2243 tuum

513 2287 912 2359 adulterum
950 2287 1304 2379 dicebam,
1338 2315 1539 2388 agere
1570 2288 1748 2360 mihi
1791 2310 2022 2362 tecum
2054 2288 2337 2378 licebat,
2381 2306 2449 2357 et
2480 2284 2621 2357 ista

513 2402 928 2504 praescriptio
955 2402 1153 2478 nulla
1175 2426 1382 2478 esset:
1413 2431 1607 2480 nunc
1636 2430 1779 2477 non
1809 2403 2046 2478 licebit
2072 2429 2276 2502 agere
2294 2461 2314 2494 ,
2344 2400 2513 2502 quia
2538 2427 2615 2474 se

513 2520 866 2591 confessus
897 2539 1000 2591 est
1027 2519 1288 2591 absolvi
1319 2546 1464 2591 non
1488 2519 1729 2619 posse?
1756 2519 1901 2619 egi:
1939 2539 2108 2618 puta
2129 2517 2319 2590 enim
2360 2514 2617 2588 eadem

510 2637 744 2708 statim
783 2635 936 2727 die,
985 2664 1124 2736 qua
1167 2663 1368 2708 reum
1410 2636 1660 2726 detuli,
1708 2634 2109 2734 interrogari
2141 2655 2245 2706 te:
2292 2632 2468 2732 quid
2498 2633 2617 2703 fa-

510 2751 740 2824 ciam?
781 2779 873 2824 an
916 2773 1076 2824 ante
1110 2779 1335 2851 quum
1379 2751 1628 2823 album
1677 2749 2041 2849 descripsi,
2075 2776 2301 2848 quum
2331 2746 2617 2850 judices

511 2867 760 2968 rejeci,
805 2893 930 2967 per
975 2867 1126 2940 illas
1169 2894 1416 2940 omnes
1463 2892 1691 2938 moras
1725 2865 2159 2966 judiciorum
2206 2865 2452 2962 longas
2496 2864 2621 2935 ni—

511 2981 742 3052 mium
767 3037 786 3071 ,
825 3003 891 3054 et
923 3009 1046 3081 pro
1076 2983 1491 3055 nocentibus
1524 2981 1972 3080 compositaS,
2009 2979 2181 3078 quid
2210 2978 2403 3052 aliud
2436 2979 2575 3050 feci
2596 3037 2619 3070 ,

511 3125 728 3196 quam
758 3119 838 3170 ut
860 3099 1186 3197 agerem?
1231 3127 1374 3172 non
1405 3097 1865 3171 inficiaberis²
1902 3125 2017 3170 me
2052 3123 2250 3197 agere
2284 3095 2565 3195 coepisse
2600 3124 2615 3166 :

508 3213 726 3312 quid*
753 3215 876 3312 qui
903 3240 1104 3312 agere
1133 3213 1370 3314 coepit,
1405 3213 1576 3313 quia
1594 3211 1811 3284 semel
1846 3211 2164 3311 contigit,
2183 3237 2361 3282 num
2381 3237 2620 3310 quum

587 3383 630 3416 ι.
651 3365 738 3416 Ad
773 3377 820 3417 te
865 3366 1031 3418 venio.
1071 3367 1288 3438 Respon.
1327 3367 1515 3418 Forte:
1597 3365 1738 3434 prius
1774 3362 2067 3415 adulterum
2085 3399 2102 3428 ,
2136 3362 2299 3414 cedite
2332 3359 2513 3433 (cedat
2557 3363 2619 3415 in

517 3473 538 3494 ιι
559 3449 696 3500 Nam
723 3447 766 3498 si
795 3447 924 3500 mihi
963 3446 1070 3500 boc
1099 3447 1168 3500 ab
1204 3466 1268 3500 ea
1303 3446 1519 3514 dicitur,
1598 3440 2095 3516 emendationibus)
2119 3441 2368 3512 proemio,
2404 3458 2621 3511 respon-

516 3552 537 3574 ·
558 3531 765 3579 Act-usa
786 3529 932 3597 prius
949 3526 1519 3599 adulterum3respon-
1597 3524 1755 3590 deba,
1821 3541 2059 3575 accusare
2112 3521 2409 3574 adulterum
2466 3520 2619 3574 volo.

517 3628 538 3650 α
559 3603 692 3672 deo,
713 3603 795 3655 Ad
821 3617 873 3657 te
899 3607 1073 3660 venire
1093 3620 1343 3658 accusato
1363 3605 1519 3658 adu!—
1598 3605 1923 3659 Obrechtus.

515 3708 537 3731 α
557 3698 672 3736 tero
705 3683 848 3735 volo.
871 3709 892 3730 n
920 3685 1088 3736 Gnon.
1126 3687 1268 3756 Lego
1288 3708 1302 3736 ι
1335 3708 1357 3731 α
1377 3686 1517 3738 Nam
1672 3706 1718 3740 2.
1737 3688 1862 3740 Non
1886 3683 2208 3758 inficiaberis.
2224 3685 2367 3754 Lego
2387 3705 2399 3734 ι
2424 3707 2445 3730 α
2466 3685 2623 3736 Num

515 3787 536 3808 ι
557 3765 598 3815 si
629 3761 757 3813 mihi
779 3761 886 3814 hoc
911 3762 978 3813 ab
1017 3781 1078 3814 ea
1111 3762 1392 3828 diceretur,
1413 3764 1518 3815 Ac·
1603 3791 1624 3814 a
1644 3769 1738 3819 inf.
1766 3787 1833 3819 m.
1872 3786 1918 3820 a.
1958 3767 2221 3837 coepisse?
2241 3783 2408 3836 quum
2434 3765 2525 3835 qni
2564 3783 2619 3817 a.

515 3865 536 3886 ι
557 3861 684 3894 cusa
703 3841 850 3912 prius
875 3839 1192 3893 adulterum.
1216 3841 1420 3894 Deinde
1446 3841 1515 3893 ad
1596 3867 1641 3899 c.
1666 3867 1719 3918 q.
1747 3865 1789 3900 s.
1810 3865 1856 3898 c.
1884 3864 1994 3897 nun
2004 3863 2161 3916 quam
2192 3863 2300 3896 non
2322 3863 2481 3916 agere
2504 3863 2627 3898 coe-

515 3943 538 3968 ·
557 3939 642 3972 me
661 3922 800 3973 veni.
817 3919 1246 3992 Respondet-em,
1265 3939 1517 3990 accusare
1604 3927 1761 3996 epit:
1800 3942 1976 3994 neque
2010 3935 2185 3975 tamen
2217 3922 2417 3988 videri,
2449 3935 2557 3974 etc.
2592 3949 2619 3972 ιι

516 3997 860 4050 «adulterum
891 3998 1091 4064 nolo,»
1137 3999 1258 4068 quia
1289 3997 1517 4062 scilicet,
1599 4006 1817 4056 Senum.
1868 4005 2029 4073 «Egit
2076 4005 2169 4074 qui
2213 4019 2367 4071 agere
2412 4003 2627 4075 coepit,

509 4095 618 4129 non
689 4095 908 4148 possum
965 4077 1114 4148 prius
1181 4093 1337 4145 agere
1395 4094 1518 4127 cum
1604 4083 1773 4152 «quia
1800 4081 1961 4135 semel
1984 4082 2204 4150 contigit
2228 4099 2405 4142 reum;
2443 4099 2631 4152 quum

509 4156 770 4212 adultero.
817 4160 1033 4212 Senum.
1073 4158 1296 4222 Dicitur,
1337 4176 1517 4212 accusa
1604 4179 1804 4232 «agere
1825 4162 1988 4232 coepi,
2015 4157 2437 4231 egi.n0brecht.
