2855 4871
620 435 745 500 232
1124 434 1217 497 M.
1266 433 1518 496 FABlI
1563 434 2194 515 QUINTILIANI

620 555 873 629 mentis
894 553 1227 653 probabo,
1250 554 1438 650 quod
1465 554 1806 653 ooneepit‚
1827 556 2020 653 quod
2042 556 2347 647 sustulit3
2373 560 2491 631 sed
2513 560 2673 657 quod
2781 636 2783 653 ,

617 672 909 745 maritus
924 696 1291 767 nunquam
1302 669 1592 740 mandat
1607 669 2127 769 exponendum,
2147 672 2279 743 nisi
2294 674 2670 745 educaturae.

619 787 793 857 Date
826 783 992 855 huic
1020 810 1232 882 quem
1251 782 1456 855 vultis
1485 784 1847 855 affectum:
1879 784 1935 855 si
1955 785 2169 857 voluit
2197 788 2483 879 habere,
2509 788 2673 861 facile

620 919 1063 998 agnosceret:
1101 898 1159 969 si
1198 898 1465 983 noluit,
1504 897 1602 970 sic
1631 897 2218 997 exposuisset‚·ne
2251 902 2670 977 educaretur:

620 1036 687 1087 et
717 1038 949 1088 tamen
986 1016 1197 1087 fuerit
1228 1015 1422 1087 fortis
1453 1014 1774 1087 adversus
1809 1015 2146 1087 infantem
2177 1044 2192 1087 :
2225 1017 2430 1116 plura
2452 1033 2468 1063 ¹
2502 1018 2676 1089 blan·

622 1130 937 1203 dimenta
969 1129 1312 1201 robustior
1334 1151 1492 1202 aetas
1516 1130 1747 1202 habet.
1779 1132 1846 1201 Ο
1873 1150 2166 1229 quantos
2190 1132 2336 1204 haec
2360 1160 2443 1204 ex
2469 1133 2675 1205 alienis
2786 1208 2787 1223 χ

518 1330 528 1345 .
622 1245 855 1317 liberis
879 1244 1221 1317 cruciatus
1248 1245 1448 1317 tulit!
1474 1245 1829 1317 blanditur
1853 1244 2104 1342 aliquis
2129 1246 2344 1344 puer?
2367 1248 2522 1319 talis
2539 1268 2678 1319 esset
2785 1296 2787 1301 -

624 1388 823 1433 meus
852 1388 867 1431 :
917 1360 1237 1432 laudatur
1269 1360 1522 1459 aliquis
1553 1360 1744 1431 vultu
1775 1360 2164 1459 speciosus?
2191 1362 2344 1434 talis
2383 1364 2518 1435 fuit
2549 1362 2674 1451 ille,

622 1504 837 1575 quem
867 1476 1159 1574 perdidi.
1190 1476 1452 1549 Crescit
1469 1476 1792 1575 quotidie
1822 1475 2017 1547 dolor
2045 1502 2059 1546 :
2090 1476 2238 1576 jam
2269 1478 2344 1548 in
2369 1480 2520 1549 foro
2551 1504 2678 1549 con·
2787 1469 2789 1507 *

624 1592 1015 1690 spiceretur‚
1040 1589 1193 1690 jam
1228 1590 1593 1679 militaret,
1627 1590 1778 1691 jam
1823 1589 1922 1662 illi
1965 1616 2247 1663 uxorem
2281 1618 2676 1689 quaererem:

626 1733 817 1779 nunc
853 1733 1011 1779 vero
1052 1705 1407 1805 propiores
1447 1704 1768 1779 admovet
1805 1704 2123 1778 stimulos
2156 1706 2258 1777 vir
2289 1708 2486 1779 fortis
2515 1735 2528 1779 :
2565 1707 2680 1777 haec

625 1849 834 1895 suum
864 1820 1188 1920 negaret?
1220 1842 1284 1893 te
1314 1840 1631 1922 parentes
1658 1819 1892 1893 liberis
1915 1821 2060 1892 suis
2083 1844 2496 1895 monstrant.
2523 1821 2680 1896 scili-

626 1958 734 2010 cet
767 1937 1002 2028 timet,
1043 1964 1133 2009 ne
1167 1937 1255 2010 ad
1288 1937 1484 2009 illam
1519 1957 1846 2007 matronae
1875 1936 2313 2008 conveniant.
2353 1938 2426 2010 Si
2459 1966 2525 2012 se
2555 1964 2681 2008 ma·

625 2074 800 2125 trem
820 2054 1172 2143 fateretur,
1196 2050 1468 2149 aliquid
1487 2052 1766 2123 fortasse
1788 2051 1861 2121 in
1887 2051 2224 2155 honorem
2251 2052 2474 2150 ipsius
2493 2074 2682 2153 optas-
2791 2110 2793 2147 ἁ

624 2195 747 2241 see.
780 2170 927 2267 Ego
953 2170 1193 2258 miror,
1220 2168 1554 2265 quod-tuo
1583 2193 1807 2240 errore
1833 2192 1976 2239 non
2009 2167 2261 2239 utitur:
2301 2190 2370 2239 et
2389 2188 2680 2255 uteretur,
2791 2152 2793 2175 Ι

625 2284 681 2356 si
712 2310 935 2356 errare
966 2305 1031 2356 te
1060 2284 1383 2356 crederet.
1410 2285 1558 2355 Cur
1583 2308 1744 2381 ergo
1779 2308 1921 2353 non
1949 2281 2194 2353 nubit?
2221 2302 2490 2355 aetatem
2514 2307 2682 2355 suam

624 2399 985 2499 intelligit:
1014 2426 1231 2498 quam
1258 2400 1559 2500 impares
1587 2398 1756 2490 sitis,
1786 2398 2004 2486 viden
2037 2418 2138 2470 est
2159 2396 2486 2497 quaedam
2506 2399 2682 2470 etiam

627 2518 945 2592 nubendi
982 2517 1414 2618 impudicitia
1443 2546 1458 2588 :
1496 2544 1538 2589 a
1563 2516 1712 2590 viro
1727 2517 1876 2617 jam
1903 2542 2030 2588 suo
2058 2516 2410 2588 secubat-et
2437 2517 2683 2615 utique,

626 2634 689 2706 si·
714 2634 925 2706 aetatis
954 2633 1168 2735 hujus
1198 2633 1385 2704 filius
1410 2630 1874 2703 interveniret.
1901 2632 2066 2702 Haec
2095 2631 2150 2701 si
2177 2631 2444 2702 nubere
2478 2631 2549 2702 in
2571 2631 2685 2701 istis

624 2750 828 2822 annis
847 2771 1093 2851 potest,
1111 2747 1747 2847 quomodocunque
1767 2745 2023 2835 dicam,
2047 2767 2268 2819 mater
2285 2746 2540 2818 incesta
2555 2759 2686 2832 ἐπ,

708 2974 750 3007 ι.
776 2957 846 3008 Ec
869 2969 1042 3008 tamen
1056 2957 1425 3029 fiaen'tfortis:
1451 2955 1635 3006 adven-

626 3051 705 3084 sus
729 3033 988 3102 infantem
1012 3033 1191 3104 plura.
1222 3035 1305 3088 Sic
1336 3036 1632 3086 orationem

628 3111 905 3182 suspendit
944 3112 1187 3166 AErodius
1207 3151 1225 3179 .,
1268 3127 1321 3165 et
1368 3114 1636 3185 acquievit

628 3189 887 3242 Pithoeus:
906 3209 1030 3243 nam
1043 3191 1339 3246 Thaddnus
1358 3195 1637 3244 continuat

630 3271 808 3320 omnia
834 3287 941 3320 uno
972 3271 1157 3340 spiritu
1181 3268 1293 3321 hoee
1318 3283 1370 3322 et
1394 3273 1508 3323 sine
1531 3270 1638 3322 dis-

630 3351 902 3402 tinctione.
920 3349 1103 3402 Voluit
1128 3364 1306 3402 autem
1332 3364 1538 3402 auctor.
1567 3350 1638 3400 Ee

600 3461 607 3468 -
630 3440 803 3479 tamen
816 3427 989 3499 fuerit
1004 3428 1166 3499 fortis
1188 3426 1425 3480 adversus
1451 3428 1636 3499 infau-

628 3517 731 3556 tem
764 3503 902 3574 (hoc
930 3519 1043 3572 est,
1074 3505 1368 3570 duraverit,
1396 3524 1508 3558 non
1537 3507 1638 3557 mi-

604 3599 769 3638 ·serta
790 3587 1006 3639 infantis
1027 3588 1215 3654 fuerit,
1238 3605 1349 3639 non
1374 3605 1442 3639 eo
1471 3586 1638 3638 effici-

628 3679 719 3718 tur
742 3665 979 3720 adultum
1003 3686 1217 3740 quoque
1233 3705 1249 3733 ‚
1280 3670 1325 3719 si
1352 3685 1505 3720 suum
1534 3668 1638 3720 sci-

628 3762 709 3801 ret
729 3786 746 3813 ‚
792 3747 1203 3819 repudiatur-am.
1250 3751 1359 3802 Cur
1377 3751 1400 3798 ἰ’
1443 3748 1634 3820 quia):

624 3826 787 3900 plura
832 3827 1191 3880 blandimenta
1232 3829 1482 3881 robustior
1518 3839 1639 3880 oetas

632 3907 800 3960 habet.
828 3907 951 3960 Plus
979 3920 1059 3960 est
1084 3920 1137 3958 et
1164 3905 1466 3972 efficacius,
1493 3903 1636 3978 quod

631 3983 807 4054 placet
822 3988 874 4038 in
890 3984 1034 4038 bona
1050 3984 1232 4037 indole
1249 3983 1448 4037 adulta.
1469 3986 1636 4038 Gnou-

633 4067 735 4116 Sed
750 4077 919 4120 tamen
924 4063 1033 4138 fiat
1034 4067 1195 4139 fortis
1206 4065 1446 4118 adversus
1462 4065 1638 4137 infau-

637 4151 735 4194 um
754 4183 771 4207 ‚
805 4160 905 4198 etc.
937 4146 997 4198 Id
1026 4161 1105 4198 est
1128 4145 1293 4212 dura,
1318 4147 1442 4218 quia
1464 4149 1646 4217 potuit·

1715 2971 1978 3024 exponere
1995 2990 2012 3019 ‚
2045 2955 2208 3024 magis
2233 2955 2387 3006 fortis
2413 2956 2586 3006 futura
2610 2949 2688 3002 ad·

1714 3049 1897 3084 versus
1916 3034 2196 3101 juvenem:
2221 3031 2332 3083 haec
2353 3046 2431 3085 est
2455 3023 2684 3101 objectio:

1715 3109 2066 3180 respondetur
2081 3128 2112 3161 ο
2125 3123 2366 3181 quantos,
2379 3123 2476 3162 etc.
2495 3109 2688 3162 Scnmr.

1717 3191 1881 3243 Fortis
1903 3209 2003 3262 pro
2027 3190 2164 3244 duro
2180 3228 2197 3258 ‚
2225 3193 2382 3243 etiam
2407 3194 2458 3243 in
2479 3188 2687 3242 Declam.

1715 3271 1804 3336 lv,
1825 3287 1890 3322 υ
1909 3291 1920 3321 ε
1950 3293 1972 3316 ι
1992 3271 2176 3322 Fortes
2191 3269 2260 3322 nd
2273 3269 2446 3322 scelus
2463 3285 2650 3320 manus.
2667 3287 2686 3310 ι

1716 3379 1788 3390 --
1825 3347 1966 3402 Talis
1985 3350 2104 3421 fuit
2135 3348 2242 3402 ille.
2277 3351 2524 3403 Francius
2549 3345 2692 3398 male-

1715 3430 1837 3496 bat,
1865 3429 1984 3484 talis
1994 3431 2156 3502 foret.

1789 3531 1838 3565 2.
1855 3512 2336 3586 Quomodocunqtoe
2351 3515 2536 3577 diem,
2551 3519 2700 3560 nater·

1719 3593 1908 3644 incesta
1922 3605 2013 3659 est,
2027 3604 2129 3644 etc.
2145 3593 2228 3646 sic
2237 3591 2375 3644 pith.
2389 3613 2402 3642 ε
2419 3607 2536 3642 nam
2543 3584 2696 3638 Thad-

1687 3695 1692 3702 ·
1717 3671 1862 3724 daeus
1881 3685 1933 3723 et
1949 3671 2126 3724 AErod.
2143 3673 2354 3724 ineerta.
2369 3669 2544 3725 Scribe
2560 3667 2696 3718 :11ae⁶

1717 3753 1761 3806 εἰ
1783 3753 1971 3806 nubere
1997 3753 2052 3803 in
2085 3752 2192 3804 istis
2215 3753 2370 3804 annis
2387 3759 2572 3822 potest,
2601 3745 2697 3798 cui·

1719 3851 1946 3905 cunque,
1973 3833 2139 3884 diuam
2158 3871 2176 3898 ,
2205 3845 2376 3885 mater
2399 3832 2584 3881 iucem
2611 3837 2693 3889 est,

1717 3929 1912 3964 neeesse
1923 3923 2012 3978 est,
2033 3911 2214 3962 umbra
2229 3908 2412 3962 saltem
2428 3907 2617 3961 scelen‘s
2631 3903 2696 3954 Ia·

1720 3992 1874 4042 bon-t.
1905 3991 2020 4041 Hoc
2049 4003 2159 4056 est,
2189 4007 2298 4041 non
2319 3989 2440 4040 dieo
2461 3985 2581 4051 tibi,
2613 3977 2696 4033 sed

1719 4070 1882 4120 cuivis
1893 4069 1978 4120 alii
1991 4071 2170 4121 matris
2179 4069 2406 4131 incerte,
2419 4083 2522 4116 non
2537 4071 2694 4134 potest

1719 4149 1831 4200 sine
1859 4149 2164 4219 suspicione
2185 4147 2368 4200 incesti
2393 4161 2520 4196 esse.
2543 4141 2688 4192 Gnou-
