2855 4871
563 418 1398 489 DECLAMATIONES.
1445 421 1865 491 CCCXXII.
2128 425 2253 495 303

1562 676 1567 683 '
1618 692 1711 717 νισι

2104 694 2255 715 m

935 894 1085 971 C‘C
1105 894 1171 970 C
1189 892 1266 969 X
1283 894 1409 969 XI
1429 894 1491 969 Ι.

778 1116 1044 1190 Abdico
1079 1132 1174 1208 te,
1209 1122 1339 1190 nisi
1369 1118 1631 1197 desinis.

165 1325 380 1385 Stricto
403 1322 616 1405 gladio
639 1336 698 1385 et
720 1338 978 1386 cruento
1001 1326 1294 1407 processit
1315 1322 1667 1384 adolescens
1694 1322 1763 1383 in
1784 1323 2179 1383 concionem:
2201 1336 2262 1383 et

240 1420 420 1496 dixit,
442 1422 714 1481 occisum
734 1442 770 1480 a
791 1442 852 1480 se
871 1432 1139 1502 patrem,
1158 1418 1330 1501 quod
1351 1419 1431 1477 ab
1452 1439 1525 1480 eo
1544 1418 1829 1501 tyrannis
1849 1417 2258 1479 affectaretur.

239 1518 531 1580 Per-duxit
567 1520 996 1600 magistratum
1033 1518 1098 1577 in
1137 1518 1429 1577 domum:
1471 1516 1741 1578 ostendit
1772 1531 2137 1600 apparatum
2166 1532 2259 1599 ty-

241 1616 540 1677 rannidis.
578 1618 790 1695 Quum
827 1628 1205 1678 excuteretur
1240 1638 1463 1699 corpus
1481 1661 1497 1692 ‚
1533 1617 1801 1677 inventae
1838 1628 1986 1676 sunt
2018 1614 2262 1675 tabellae

243 1716 322 1777 ad
343 1714 584 1777 filium:
607 1716 674 1776 in
695 1717 922 1798 quibus
951 1728 1083 1776 erat
1103 1713 1253 1792 hoc,
1278 1717 1511 1775 Annrco
1532 1734 1637 1791 τε,
1667 1734 1789 1775 msr
1818 1732 2051 1775 memus
2073 1738 2088 1775 ε
2116 1734 2190 1773 m·
2208 1732 2261 1774 st

241 1832 756 1889 oon-rmnrxnmS‚
791 1832 1080 1875 nmmno
1111 1830 1351 1873 cauus.
1382 1814 1543 1871 Rens
1570 1824 1659 1871 est
1684 1809 1931 1893 juvenis
1962 1810 2264 1872 affectatae

243 1909 618 1993 tyrannidis.

857 2054 1601 2126 DECLAMATIO.'

260 2219 478 2311 Quod
521 2218 698 2290 circa
740 2217 1229 2318 probationem
1270 2216 1586 2289 criminis
1630 2213 2039 2317 hujusmodi
2076 2213 2269 2285 diffi-

174 2333 516 2406 cillimum
545 2334 714 2408 solet
741 2360 919 2425 esse,
949 2354 1214 2407 certum
1239 2352 1337 2405 est
1362 2333 1756 2405 affectatam
1784 2331 2226 2433 tyrannidem
2244 2386 2265 2419 ‚

174 2472 436 2522 certum
467 2471 572 2524 est
606 2451 1000 2523 affectatam
1034 2477 1175 2522 esse
1215 2449 1288 2520 in
1327 2449 1459 2520 hac
1501 2450 1753 2522 domo:
1788 2450 2155 2548 omnisque
2186 2473 2266 2519 eo

177 2563 538 2638 deducitur
565 2565 883 2665 quaestio‚
917 2585 998 2636 ut
1020 2563 1434 2664 dispiciatis‚
1465 2547 1703 2637 utrum
1737 2592 1778 2636 a
1804 2584 1997 2662 patre
2021 2562 2266 2666 hujus,

177 2707 263 2750 an
299 2667 388 2753 ab
419 2682 554 2754 hoc
585 2681 672 2754 sit
707 2682 1052 2754 affectata.
1082 2679 1288 2752 Nihil'
1318 2678 1407 2753 de
1442 2680 1757 2753 moribus
1791 2678 2001 2780 hujus
2036 2676 2267 2748 adhuc

177 2793 327 2867 dico
362 2823 378 2866 ε
421 2817 644 2869 aetates
687 2819 1078 2897 comparate
1110 2824 1123 2867 :
1161 2822 1369 2869 senex
1409 2794 1563 2885 ille,
1612 2816 1682 2868 et
1720 2794 1933 2868 aetatis
1977 2815 2267 2882 exactae,

179 2938 383 3008 quam
409 2913 749 2984 rationem
776 2911 1184 2985 affectandae
1209 2911 1599 3010 tyrannidis
1622 2909 1908 2983 habuit?
1936 2909 2070 2981 nisi
2092 2910 2269 2983 forte

179 3048 449 3125 propter
489 3027 720 3099 filium
766 3025 898 3099 hoc
942 3025 1129 3099 fecit.
1179 3026 1320 3098 Hic
1367 3025 1775 3098 adolescens
1820 3046 1919 3098 est
1959 3053 1974 3096 z
2027 3051 2270 3098 omnes

181 3144 624 3242 cupiditates,
659 3171 905 3215 omnes
943 3144 1250 3242 impetus
1291 3144 1364 3214 in
1398 3143 1531 3216 hac
1567 3163 1761 3216 aetate
1794 3142 2063 3216 facilius
2097 3169 2270 3213 con-

181 3257 586 3332 valescunt¹.
631 3257 750 3331 Est
780 3260 1104 3358 quaedam
1139 3280 1465 3360 praeterea
1501 3259 1670 3332 ratio
1710 3258 1977 3333 sceleris
2011 3259 2107 3356 (si
2141 3258 2272 3330 hoc

183 3391 409 3446 tamen
445 3400 710 3446 nomen
749 3371 976 3448 ullum
1011 3373 1279 3475 accepit
1309 3373 1611 3472 scelus),
1657 3373 1731 3445 id
1770 3373 2097 3460 tentavit,
2133 3398 2271 3471 quo

181 3486 310 3559 frui
348 3489 472 3580 diu
506 3508 754 3589 posset.
790 3491 960 3560 Haec
1005 3510 1282 3562 aetatum
1321 3489 1754 3589 comparatio
1776 3545 1795 3579 ‚
1836 3488 1959 3560 illa
1992 3487 2268 3561 animo-

252 3681 296 3716 ι.
321 3666 712 3740 convalescunt.
745 3665 1078 3734 coalescunt,
1109 3667 1177 3720 al.
1260 3667 1437 3720 ullam
1470 3667 1663 3741 accipit
1694 3665 1915 3739 scelus)=
1954 3668 1996 3720 ι’,ς
2022 3666 2271 3729 tentavit,

183 3747 312 3799 -Si
330 3747 427 3801 hoc
451 3761 625 3800 tamen
649 3767 840 3801 nomen
865 3749 1074 3802 nullum
1098 3770 1182 3802 ac-
1260 3749 1354 3820 qui
1378 3748 1503 3818 fini
1537 3748 1627 3799 diu
1664 3757 1844 3818 posset.
1892 3747 2007 3797 Hoc
2042 3761 2271 3808 nomen,

185 3827 324 3894 cepit.
353 3826 628 3879 AErodiusz
660 3829 720 3880 Si
749 3844 904 3880 senex
936 3829 1034 3881 hoc
1067 3839 1182 3880 ten-
1259 3839 1394 3900 puta
1417 3827 1655 3878 rationis.
1684 3827 1737 3879 Si
1760 3827 1815 3877 in
1836 3823 1948 3876 uilo
1976 3821 2171 3876 scelere
2196 3835 2275 3873 est

184 3915 338 3974 ωεστ,
355 3925 419 3959 ex
435 3907 532 3961 hoc
547 3907 754 3962 nulium
769 3909 1182 3962 emolwmentum
1261 3912 1416 3960 ratio.
1442 3907 1610 3960 Gnon.
1640 3907 1821 3959 Ullum
1841 3917 1895 3956 et
1916 3901 2272 3971 Schnitingius

184 3987 686 4059 accepisset:juvenis
698 3987 856 4042 scelus
873 3989 932 4040 id
947 3989 1182 4042 tentavit.
1265 4003 1320 4042 et
1341 3987 1645 4042 Obrechtns
1670 3999 2011 4058 receperunt,
2035 3984 2128 4037 sed
2151 3983 2271 4036 reli-

186 4064 290 4116 Ros
317 4069 522 4120 mitius:
555 4070 649 4122 Est
672 4070 910 4141 quoedam
939 4081 1186 4142 proeterea
1266 4087 1376 4142 qua
1387 4072 1587 4122 intacta
1602 4065 2166 4139 reliquerunt.Bipont.
2186 4061 2266 4118 ed.

189 4147 312 4198 ratio
337 4148 532 4204 sceleris
560 4149 639 4220 (si
667 4149 762 4204 hoc
791 4160 967 4204 tamen
995 4171 1185 4206 nomen
1266 4167 1459 4203 nomen
1485 4147 1723 4214 nullum,
1746 4160 1843 4199 etc.
1864 4147 1957 4198 Eo.
1995 4143 2003 4153 ’

443 4278 484 4326 ἲ
