2855 4871
532 448 1935 533 DECLAMATmNEscccxxxw.
2150 468 2301 561 373·

173 602 422 655 tamen
457 602 524 655 te
553 610 696 657 non
723 604 1078 683 poteram3
1113 611 1256 658 una
1279 586 1529 659 solutio
1562 611 1705 661 erat
1737 593 1922 689 pacti
1948 592 2126 665 inter
2151 620 2278 669 nos

173 698 380 788 facti,
417 719 494 769 ut
531 726 764 771 rursus
801 700 1040 771 omnia
1077 702 1483 773 eommunia
1523 726 1785 795 essent,
1824 707 1893 777 id
1928 730 2061 799 est,
2105 731 2181 782 ut
2212 730 2280 782 et

175 840 431 913 agrum
475 815 1019 913 possideremus,
1060 836 1127 887 et
1168 844 1255 889 aes
1293 817 1608 889 alienum
1651 821 1793 891 duo
1828 822 2272 897 solveremus.

174 930 364 1027 Ergo
395 930 715 1003 convenit
733 986 752 1019 ‚
779 952 856 1001 ut
883 958 1043 1029 ager
1069 952 1231 1003 tuus
1262 932 1354 1003 ita
1379 954 1583 1025 esset,
1614 934 1670 1005 si
1696 962 1783 1007 aes
1810 936 2116 1009 alienum
2141 938 2279 1011 sol-

171 1072 366 1118 veres
392 1075 407 1117 :
433 1074 578 1119 non
607 1047 902 1119 solvisti:
933 1075 1072 1144 quo
1089 1046 1246 1147 jure
1264 1062 1280 1093 ¹
1310 1048 1661 1123 vindicare
1688 1074 1879 1151 potes
1902 1080 2058 1126 eam
2090 1082 2273 1147 rem,

175 1161 380 1262 cujus
417 1163 720 1261 pretium
761 1190 906 1235 non
935 1162 1228 1236 dedisti?
1259 1163 1459 1255 Ideo,
1495 1166 1755 1265 inquit,
1793 1196 1937 1241 non
1978 1170 2144 1241 solvi
2188 1196 2276 1243 aes

175 1276 534 1367 alienum,
577 1277 745 1376 quia
792 1303 982 1349 novae
1029 1277 1282 1351 tabulae
1325 1279 1897 1352 intervenerunt:
1950 1283 2279 1382 equidem

175 1393 546 1491 querebar,
579 1393 784 1493 quod·
804 1421 946 1466 non
979 1393 1236 1467 solvisti
1265 1426 1284 1484 ;
1323 1418 1650 1468 caeterum
1676 1397 1854 1469 nihil
1882 1424 2039 1470 mea
2062 1399 2279 1471 inter-

174 1530 314 1597 est,
349 1536 494 1606 qua
525 1536 728 1583 causa
770 1536 914 1583 non
963 1508 1278 1599 solveris,
1311 1538 1537 1609 quum
1572 1538 1825 1610 agrum
1860 1514 1961 1585 ita·
1985 1513 2276 1587 demum

173 1625 438 1697 habere
479 1625 820 1725 potueris,
863 1625 920 1697 si
961 1625 1295 1699 solvisseS.
1339 1626 1493 1699 Sive
1538 1626 1719 1699 istud
1764 1649 1882 1701 tua
1916 1629 2277 1703 voluntate

173 1740 442 1813 factum
467 1762 602 1829 est,
635 1740 771 1813 sive
802 1738 1201 1813 liberalitate
1225 1739 1649 1812 creditorum
1670 1797 1690 1831 ‚
1724 1741 1900 1832 sive,
1934 1762 2011 1813 ut
2040 1742 2277 1813 mani-

173 1856 434 1927 festum
458 1876 557 1928 est
574 1911 592 1944 ,
618 1855 904 1955 publica
929 1855 1326 1928 necessitate
1345 1912 1364 1945 ‚
1393 1882 1537 1927 non
1562 1856 1841 1929 solvisti.
1863 1856 2059 1948 Quid
2088 1858 2147 1929 si
2170 1858 2275 1929 hae
2380 1936 2403 1947 “

173 1971 431 2043 tabulae
455 1959 644 2045 novin
669 1992 813 2043 tam
837 1972 1015 2043 mihi
1047 1973 1242 2045 factae
1273 1993 1475 2063 sunt,
1510 2000 1725 2071 quam
1758 1973 1930 2045 tibi?
1959 2001 2127 2047 nam
2148 2032 2167 2065 ‚
2200 1997 2277 2047 ut

174 2084 418 2183 paullo
437 2106 596 2159 ante
616 2086 932 2159 dicebam
947 2144 966 2177 ‚
993 2114 1449 2161 communem
1474 2115 1723 2187 agrum
1748 2110 2014 2163 constat
2037 2089 2269 2161 fuisse.

173 2202 376 2273 Pater
393 2222 626 2274 noster
643 2217 1094 2275 contraxerat²
1109 2230 1272 2275 cum
1295 2204 1567 2293 multis3
1591 2206 2103 2279 nonerubesco:
2128 2230 2277 2277 non

175 2315 624 2389 retinendum
660 2344 906 2416 agrum
941 2318 1416 2392 habebamus:
1466 2320 1735 2411 habes‚.
1758 2348 2067 2418 namque
2112 2348 2273 2419 ego,

174 2432 306 2505 hoc
346 2430 502 2533 ipso
540 2434 730 2531 quod
772 2434 899 2507 tibi
937 2435 1146 2522 cessi,
1173 2437 1561 2514 dominnm
1594 2437 1699 2536 egi
1729 2467 1747 2527 ;
1800 2437 2015 2536 igitur
2047 2463 2271 2534 quum

173 2575 484 2622 essemus
516 2549 802 2623 heredes
840 2552 1045 2649 patris
1081 2553 1338 2642 nostri,
1381 2550 1759 2628 debuimus
1796 2551 2031 2622 ambo.
2064 2549 2143 2620 ld
2176 2550 2273 2620 sic

173 2664 428 2764 colligo
457 2693 472 2737 :
513 2666 698 2765 finge
727 2694 871 2740 esse
907 2666 1220 2766 aliquem
1255 2693 1338 2740 ex
1369 2665 1827 2738 creditoribus
1860 2665 2273 2762 petitorem3

173 2779 528 2877 numquid
565 2803 790 2880 petere
827 2810 868 2854 a
901 2803 962 2854 te
993 2803 1211 2855 totam
1239 2809 1596 2856 summam
1630 2779 1895 2879 potest?
1936 2779 2305 2870 minime,-

173 2915 252 2966 ut
275 2895 566 2993 opinor:
597 2895 770 2970 duos
795 2896 985 2968 enim
1013 2917 1208 2995 pater
1230 2917 1458 2968 noster
1484 2893 1665 2966 filios
1692 2893 1975 2990 reliquit
1996 2923 2013 2982 ;
2046 2913 2118 2964 et
2142 2918 2275 2964 ne-

173 3035 358 3082 cesse
383 3031 516 3096 est,
541 3011 721 3082 sicut
739 3010 960 3099 bona,
987 3011 1082 3082 ita
1107 3037 1320 3084 onera
1351 3036 1630 3108 quoque
1658 3035 1801 3082 esse
1824 3007 2233 3081 communia
2257 3035 2279 3080 ι

169 3145 445 3223 partem
477 3151 637 3222 ergo
667 3146 741 3197 tu
774 3124 1070 3196 debuisti
1092 3182 1111 3216 ‚
1147 3145 1416 3224 partem
1439 3151 1567 3223 ego
1596 3155 1614 3214 ;
1647 3151 1787 3224 quo
1816 3124 2275 3216 efficiebatur,-

169 3263 250 3314 ut
290 3261 562 3340 partem
605 3242 916 3314 solveres.
961 3241 1329 3314 Faciamus
1368 3241 1505 3314 hoc
1546 3241 1986 3314 manifestius
2023 3269 2038 3312 :
2090 3241 2277 3339 finge

169 3385 322 3430 esse
358 3356 664 3456 aliquem
700 3386 782 3432 ex
817 3357 1307 3450 creditoribus,
1339 3359 1461 3457 qui
1501 3379 1765 3457 partem
1807 3355 2045 3430 crediti
2084 3355 2193 3428 sui
2233 3381 2281 3427 a.

167 3497 288 3544 me
317 3493 544 3571 petat:
573 3474 746 3572 quid
774 3472 1188 3573 respondere
1217 3473 1557 3572 possum?
1578 3500 1826 3572 agrum
1860 3471 2051 3542 fratri
2076 3470 2281 3558 dedi3

169 3615 338 3659 cum
373 3589 582 3662 fratre
627 3615 784 3661 meo
828 3588 1151 3660 convenit
1193 3587 1408 3676 mihi,
1452 3607 1535 3658 ut
1575 3587 1691 3658 ille
1726 3585 2060 3658 solveret:
2098 3609 2286 3654 num·

169 3703 479 3776 dubium
499 3725 622 3796 est,
644 3703 820 3804 quin
837 3704 1152 3777 dicturus
1163 3703 1304 3776 fuit
1319 3701 1655 3775 creditor?
1672 3705 1953 3778 Partem
1974 3721 2047 3773 tu
2068 3699 2277 3772 debes

247 3954 291 3990 1.
325 3938 444 4007 Quo
459 3939 596 4008 jure.
615 3935 765 3990 Vide.
791 3935 931 3990 Guil.
955 3937 1174 3990 For-ner.
1262 3943 1352 3985 tua
1372 3933 1656 3990 voluntate.
1674 3933 1887 3999 Malim,
1902 3930 2161 3996 tarditate,
2182 3941 2276 3979 aut

165 4017 360 4071 select.
389 4019 441 4082 1,
469 4035 588 4089 cap.
619 4019 670 4070 8.
699 4021 894 4072 Αιιιει..
911 4048 995 4076 ,-·
1016 4019 1178 4090 Equi·
1260 4013 1461 4088 aliquid
1486 4013 1607 4066 tale.
1634 4015 1801 4066 Gnou.

165 4099 284 4148 dem
305 4097 571 4170 querebar.
597 4096 855 4168 Equidem
875 4115 1050 4169 quoero
1067 4118 1082 4146 .-
1108 4116 1180 4147 an
1333 4115 1380 4149 2.
1411 4097 1765 4152 contraxerat.
1796 4093 1890 4147 AEs
1912 4101 2275 4157 contraxerat,
2304 4139 2311 4148 ,

167 4177 619 4250 aliquantam,
639 4177 1034 4232 mma-sive
1048 4177 1185 4232 {aaa
1226 4163 1234 4172 ’
1263 4175 1442 4230 mma.
