2855 4871
561 432 1410 515 DECLAMATIONES.
1457 432 1839 499 CCLXVI.
2170 434 2253 520 95

191 553 402 619 debeat
428 578 724 645 semper,
759 556 892 621 hoc
921 573 1056 635 est,
1094 578 1178 621 an
1209 556 1408 621 etiam
1444 558 1517 621 in
1548 557 1833 645 publicis
1867 558 2115 638 causis,
2152 555 2255 623 bis

189 658 258 725 de
282 659 504 727 eadem
528 686 601 727 re
629 686 826 752 agere
857 686 995 728 non
1025 664 1242 729 liceat.
1285 665 1361 727 ln
1398 662 1583 753 quod
1613 662 1780 730 illud
1809 663 2099 746 dicetur-3
2124 664 2257 753 pri-

186 769 324 831 vatis
345 768 568 836 litibus
587 821 604 851 ,
639 769 956 859 quoniam
989 787 1056 835 et
1084 769 1303 834 minus
1333 770 1657 835 momenti
1675 821 1693 851 ,
1725 787 1792 835 et
1818 770 1968 859 plus
1994 770 2255 835 numeri

187 870 462 955 habeant,
489 898 880 941 succursum
911 870 1056 939 esse
1088 874 1214 941 hac
1248 875 1431 965 lege3
1473 874 1772 965 publicas
1798 877 2093 941 actiones
2120 898 2256 939 ma-

181 979 331 1067 jores
361 1004 534 1061 esse,
571 1006 775 1073 quam
807 1000 880 1047 ut
913 978 1152 1047 cadent
1189 983 1601 1071 exceptione.
1642 983 2043 1072 Insequetur
2076 978 2260 1047 deni-

188 1109 296 1173 que
317 1086 508 1168 illud,
539 1106 619 1153 ut
643 1086 976 1167 dicamne,
1006 1089 1257 1154 etiamsi
1293 1090 1360 1153 in
1387 1088 1531 1153 aliis
1566 1088 1852 1179 publicis
1877 1086 2120 1167 causis,
2156 1084 2259 1153 bis

187 1190 256 1257 de
273 1194 488 1261 eadem
515 1220 592 1263 re
617 1221 812 1287 agere
842 1220 928 1263 ne
959 1198 1193 1278 liceat3
1224 1220 1358 1261 non
1385 1214 1608 1262 tamen
1629 1220 1777 1262 eam
1796 1192 2255 1262 conditionem

186 1324 304 1367 esse
345 1304 776 1392 proditionis:
822 1302 1166 1397 quomodo
1203 1306 1273 1369 in
1317 1305 1570 1371 caeteris
1610 1306 1886 1371 fortasse
1930 1304 2017 1369 de
2058 1323 2257 1393 poena

185 1425 405 1475 tantum
429 1428 496 1476 et
517 1411 826 1500 periculo
851 1428 1186 1503 quaeratur
1209 1410 1379 1501 ejus,
1408 1412 1525 1500 qui
1548 1428 1933 1477 accusatur:
1969 1412 2037 1477 in
2062 1432 2257 1476 causa

185 1514 579 1603 proditionis»,
616 1518 706 1583 de
739 1520 946 1585 totius
987 1519 1266 1585 civitatis
1310 1517 1693 1584 discrimine
1728 1519 2042 1608 litigetur.
2085 1517 2261 1583 mad

184 1644 556 1710 clamamus,
593 1650 681 1692 nn
717 1630 840 1693 ista
875 1628 1288 1718 praescriptio
1324 1627 1412 1693 ad
1451 1644 1567 1693 eos
1600 1642 1859 1693 tantum
1892 1629 2256 1717 pertineat,

183 1750 310 1793 cum
339 1732 584 1821 quibus
617 1735 873 1823 egum-3
903 1734 1198 1825 patiente
1237 1758 1319 1801 eo
1357 1736 1479 1825 qui
1517 1752 1899 1815 accusatur,
1935 1736 2129 1800 licent
2160 1733 2261 1800 bis

181 1858 364 1922 agere.

849 1981 1561 2068 DECLAMATIQ.

260 2140 585 2215 Putemus
607 2156 623 2187 ¹
659 2165 725 2215 te
757 2168 933 2235 esse,
963 2145 1081 2243 qui
1111 2142 1279 2217 velis
1303 2158 1661 2235 accusa‘re,
1694 2169 1893 2215 reum
1921 2170 2065 2216 non
2096 2170 2265 2215 con-

184 2255 475 2330 tradicere
503 2285 520 2331 ε
561 2259 724 2357 quis
756 2281 991 2333 tamen
1019 2259 1455 2361 prohiberet,
1492 2287 1633 2360 quo
1662 2260 1897 2332 minus
1928 2274 1953 2304 ²
1974 2256 2256 2331 interim

183 2372 546 2446 accusarer?
577 2377 763 2476 Ergo
802 2376 993 2476 quod
1030 2376 1160 2449 tibi
1204 2374 1437 2449 liceret
1468 2376 1883 2467 facere,‘1ne
1915 2374 2217 2476 patiente
2239 2432 2257 2466 ‚

185 2513 425 2564 necesse
455 2494 628 2583 erit,
660 2521 775 2566 me
805 2515 1106 2594 optante.

1021 2697 1384 2767 SERMO.
1488 2746 1500 2752 -

264 2853 374 2920 His
418 2861 704 2926 excussis
753 2861 1273 2952 quaestionibus,
1323 2863 1673 2926 veniemus
1724 2859 1809 2925 ad
1858 2859 2256 2950 aequitatem.

179 2961 465 3032 Dicemus
490 2967 625 3033 hoc
657 2991 801 3034 esse
833 2993 957 3059 pro
984 2968 1211 3050 nohis,
1250 2968 1550 3036 dicemus
1578 2967 1707 3034 hoc
1738 2990 1883 3034 esse
1912 2990 2036 3056 pro
2067 2989 2262 3057 repu-

179 3065 346 3134 blica.

852 3218 1562 3284 DECLAMATIO.

255 3373 477 3472 Opto,
505 3397 586 3448 nt
612 3401 895 3450 causam
921 3377 1174 3450 iterum
1199 3377 1467 3450 dicam:
1496 3401 1627 3448 nec
1655 3401 1774 3449 me
1800 3375 2008 3467 fallit,
2039 3399 2253 3475 quam

179 3488 376 3560 multa
415 3513 865 3589 praeteream,
913 3518 1072 3592 quae
1113 3492 1289 3564 mihi
1333 3493 1489 3592 lege
1535 3517 1861 3565 concessa
1907 3492 2069 3564 sint.
2122 3490 2260 3565 Sed

177 3605 312 3700 quis
351 3609 640 3680 tandem
673 3635 790 3681 me
829 3609 1316 3700 innocentem,
1354 3609 1511 3709 q'nis
1555 3609 1855 3708 dignum
1896 3631 2261 3682 conversa-

179 3719 340 3794 tione
363 3746 590 3796 vestra
621 3747 928 3824 putaret,
959 3727 1016 3798 si
1042 3725 1238 3798 aliud
1259 3725 1615 3826 optarem?
1638 3749 1739 3800 est
1766 3751 1890 3827 pro
1919 3750 2035 3799 me
2066 3751 2081 3796 :
2116 3749 2259 3796 non

179 3838 352 3910 enim
390 3862 463 3913 et
497 3862 650 3912 tum
683 3842 841 3914 ideo
873 3863 1148 3915 tantum
1183 3843 1509 3917 defensus
1538 3870 1697 3916 sum
1720 3901 1740 3934 ‚
1775 3864 1854 3914 ut
1886 3843 1961 3929 in
1994 3840 2259 3914 civitate

241 4009 282 4044 1.
329 3995 602 4050 Putemus.
650 3997 945 4050 Continuat
985 3995 1170 4049 AErod.
1250 3997 1479 4066 videtur,
1495 3999 1868 4052 iterum.P1·m.
1889 3993 2133 4064 Quisnam
2146 4009 2269 4063 pro-

175 4069 272 4124 haec
295 4095 416 4129 cnm
443 4097 709 4130 set-mone.
1201 4091 1204 4096 '
1255 4076 1473 4145 hibent,
1502 4095 1605 4151 quo
1634 4077 1807 4129 minus
1839 4076 2025 4126 iterum
2052 4089 2265 4124 accusa-

243 4172 288 4206 2.
311 4158 535 4211 Interim
559 4177 844 4213 accusarer.
867 4160 1176 4232 Legendun
1259 4177 1358 4227 rer,
1383 4158 1569 4211 AErod.
