2855 4871
552 418 676 485 &m

1128 417 2056 481 CALPURNIIFLACCI

548 541 777 627 navit3
795 541 949 643 jam
979 568 1145 612 cum
1180 540 1299 613 illo
1334 568 1494 613 meo
1528 568 1753 612 errore
1773 598 1790 631 ‚
1825 539 1934 613 vel
1967 541 2150 612 facto
2171 554 2220 630 ¹,
2254 541 2676 613 voluntaria

549 657 972 757 profectione
995 656 1467 756 transegerim.
1502 656 1636 728 Hic
1662 683 1808 746 me,
1833 654 2132 756 judiceS,
2157 656 2273 728 hic
2298 685 2476 755 puer
2493 686 2674 757 pro·

550 772 763 844 didit:
796 773 851 845 si
884 793 1269 873 perseverat
1290 773 1364 844 in
1389 799 1549 843 mea
1575 798 1816 871 poena,
1843 772 2032 844 hunc
2059 794 2276 843 mater
2302 786 2331 816 ²
2349 774 2670 845 occidet.

546 889 794 961 Dicere
838 916 950 961 mc
994 912 1334 990 raptorem
1380 914 1589 960 nemo
1630 885 1928 960 debebat
1967 910 2120 987 post
2160 888 2672 979 intervallum,

549 1024 703 1101 post
721 1003 1042 1075 exsilium
1061 1060 1080 1093 ‚
1100 1004 1254 1105 post
1274 1030 1474 1076 reum
1497 995 1725 1075 filium
1744 1001 1797 1075 ³.
1820 1005 1980 1074 Non
2001 1025 2134 1094 est,
2165 1004 2430 1101 inquit,
2457 1005 2670 1076 filius

550 1202 739 1259 ruptus
766 1188 931 1243 Iocus.
959 1191 1215 1261 Cogitavi.
1246 1190 1403 1244 Nihil
1425 1208 1553 1262 pro-

537 1266 685 1337 fecto
709 1268 918 1323 moleste
940 1270 1064 1335 tuli,
1092 1269 1192 1321 nisi
1212 1270 1349 1343 quod
1371 1282 1424 1321 et
1446 1290 1552 1323 non

552 1346 688 1398 hunc
706 1346 812 1417 ipsa
826 1348 1116 1400 damnavit.
1126 1350 1247 1400 Jam
1260 1367 1419 1421 quum
1439 1348 1552 1415 illo,

549 1438 649 1476 etc.
679 1424 781 1477 Sed
804 1424 1015 1491 incidit,
1044 1438 1097 1477 et
1112 1426 1259 1497 forte
1284 1444 1442 1497 posse
1469 1445 1554 1477 re-

548 1510 733 1573 tineri,
766 1520 818 1559 et
850 1508 1231 1579 significatione
1258 1510 1402 1560 vocis
1431 1526 1554 1579 pro-

537 1584 699 1655 fecto.
724 1585 921 1638 Saltem
934 1586 1157 1657 fortasse
1175 1588 1246 1638 ita
1266 1588 1436 1658 accipi
1457 1585 1552 1639 du-

548 1663 693 1715 bium
720 1682 826 1716 non
852 1678 949 1716 est.
972 1664 1135 1733 Quod
1156 1667 1331 1717 minus
1358 1664 1555 1717 audac-

548 1758 630 1795 ter
671 1762 1024 1797 asseverarem
1044 1784 1059 1812 ‚
1100 1746 1201 1797 nisi
1241 1746 1554 1797 auctoritate

550 1822 859 1891 Quintiliani
886 1825 969 1875 avi
996 1842 1112 1875 eam
1135 1842 1247 1875 rem
1272 1822 1554 1875 confirma-

548 1916 658 1953 tam
704 1902 830 1953 dare
877 1921 1089 1973 possem
1108 1942 1124 1969 ‚
1172 1906 1266 1976 qui
1306 1902 1554 1955 omnibus

549 1985 696 2034 testis
718 1982 960 2035 assiduus
979 1982 1139 2036 debet
1162 1984 1375 2035 haberi:
1401 1985 1446 2034 is
1465 1984 1556 2055 igi-

549 2078 639 2115 tur
654 2064 888 2116 Declam.
910 2065 1041 2117 CCC
1061 2066 1174 2117 init.
1208 2086 1229 2111 α
1250 2064 1554 2136 Despicicn·

554 2168 579 2193 a
598 2144 725 2197 dum
744 2146 841 2199 tibi
859 2147 1087 2201 fortasse
1107 2148 1263 2199 fuerit
1279 2146 1412 2215 (fuit
1433 2148 1557 2199 scri·-

556 2248 577 2273 α
598 2225 699 2296 be)
720 2227 787 2278 ad
814 2246 968 2299 quem
992 2231 1225 2281 venires:
1254 2227 1556 2298 diligentius

1122 2334 1143 2357 a
1162 2308 1385 2361 Eadmm
1409 2331 1431 2354 α
1451 2308 1557 2361 Ab·

556 2330 577 2355 α
600 2308 899 2360 excutiendi
913 2327 1101 2361 mores.

554 2411 576 2434 α
598 2388 729 2442 solvi
752 2402 971 2441 matrem
994 2406 1183 2441 meam.
1210 2390 1326 2442 Hoc
1350 2406 1460 2442 non
1491 2409 1555 2442 eo
1600 2422 1604 2425 -

554 2491 577 2514 σι
596 2470 822 2540 pertinet
868 2470 1091 2520 fortasse
1110 2507 1127 2533 ‚
1179 2482 1238 2520 ut
1282 2467 1556 2520 debuerim

554 2571 577 2594 a
597 2551 793 2600 crimen
810 2551 1074 2600 remittere
1093 2570 1105 2598 ε
1126 2547 1293 2600 multa
1308 2550 1558 2620 ignoran-

554 2652 576 2675 α
598 2644 675 2682 tes
710 2629 955 2700 patimur.
977 2653 999 2675 a·
1038 2627 1329 2679 Declamat.
1364 2625 1552 2679 CCCI:

554 2731 577 2754 ι
596 2710 787 2779 Neque
801 2723 977 2760 tamen
998 2710 1182 2777 (enim,
1193 2707 1337 2778 lego)
1352 2708 1556 2758 irritare

554 2809 575 2832 ιι
598 2801 707 2838 tam
727 2787 977 2839 delicatas
994 2790 1107 2857 ejus
1122 2786 1439 2859 cupiditates
1457 2805 1558 2857 po-

556 2885 577 2910 ·
598 2868 780 2917 tuisset
816 2864 1005 2918 ancilla
1026 2887 1039 2916 ε
1081 2885 1178 2917 nec
1214 2866 1339 2917 fecit
1354 2904 1371 2930 ‚
1408 2863 1558 2936 quod

554 2966 576 2988 ι
599 2943 847 2998 adversus
880 2945 1018 2998 hanc
1050 2944 1411 2998 conditionem
1445 2945 1558 2996 fleri

555 3043 577 3066 α
598 3022 822 3074 fortasse
860 3025 1137 3094 potuisset.
1186 3024 1381 3094 Rapuit
1421 3036 1557 3074 tam-

556 3119 759 3171 ·quam
815 3103 1169 3171 ingenuam.»
1226 3103 1556 3156 Declamatio

548 3178 951 3233 CCCXXXVII:
976 3182 1263 3233 «Afferant
1278 3181 1559 3250 (Afferunt

555 3258 746 3329 dego)
760 3259 963 3332 aliquid
982 3260 1205 3312 fortasse
1226 3260 1402 3312 solatii
1419 3261 1556 3314 mala

557 3358 579 3381 σι
600 3336 791 3404 divisa,
808 3358 851 3390 st
838 3338 1138 3410 partiaris;
1161 3339 1233 3389 ita
1252 3336 1355 3389 hoc
1374 3355 1558 3408 graves

558 3439 578 3460 ν
600 3435 784 3468 causas
805 3413 1033 3469 allevare
1057 3419 1256 3489 possis,
1282 3419 1326 3468 si
1350 3435 1458 3468 non
1484 3419 1561 3468 in-

557 3516 578 3538 a
598 3507 788 3564 gruant
824 3513 884 3546 ac
924 3496 1083 3548 semel
1115 3496 1344 3548 veniant.
1368 3519 1389 3542 a
1426 3495 1560 3547 &int

550 3587 605 3624 et
630 3573 749 3625 loca
778 3573 964 3646 plura,
992 3593 1107 3648 quoe
1135 3574 1266 3627 alias
1294 3573 1554 3626 dabimus.

550 3655 765 3707 Senum.

628 3749 671 3784 1.
692 3735 817 3785 Jam
842 3753 959 3786 cum
980 3734 1077 3787 {elo
1101 3753 1267 3789 errore
1291 3735 1375 3788 vel
1384 3737 1554 3808 facto.

549 3813 719 3882 Lego,
728 3816 847 3885 jam
873 3831 991 3865 cum
1018 3812 1112 3868 illo
1138 3833 1254 3868 meo
1282 3833 1448 3868 errore
1475 3813 1560 3867 vel

538 3894 607 3965 fa
614 3907 683 3962 to,
701 3909 799 3948 etc.
814 3897 940 3948 Pmt
949 3935 960 3946 .
972 3895 1150 3949 Scribe
1162 3935 1178 3964 .,
1197 3909 1536 3970 tmnseqeram
1545 3938 1556 3948 .

548 3977 930 4028 Transactione
954 3978 1015 4028 iis
1040 3976 1344 4048 liberamur,
1366 3977 1559 4048 quibus

552 4071 805 4110 tenemur.
834 4060 914 4109 lta
940 4061 1217 4130 transigere
1240 4077 1358 4110 cum
1373 4058 1526 4129 facto
1539 4096 1558 4123 ,

554 4153 633 4190 est
648 4157 807 4210 poena
819 4177 836 4206 ‚
858 4137 927 4191 ad
946 4139 1096 4211 quod
1112 4141 1313 4192 factum
1332 4140 1532 4212 obligat
1543 4179 1559 4207 ‚

1634 1210 1688 1243 se
1717 1190 1954 1242 liberare.
1983 1190 2150 1243 Simili
2173 1189 2406 1261 quadam
2437 1193 2668 1243 ratione

1633 1270 1864 1323 decidere
1881 1292 1896 1321 .·
1924 1273 2045 1341 quia
2070 1272 2433 1323 transactione
2459 1272 2524 1323 lis
2551 1270 2668 1323 de-

1633 1348 1854 1417 ciditur,
1877 1350 2056 1401 finitur
2069 1386 2086 1414 ‚
2106 1351 2476 1419 exstinguitur.
2501 1373 2524 1396 ι
2543 1352 2668 1401 De-

1640 1450 1662 1472 «
1683 1430 1791 1480 cisa
1805 1430 2018 1498 negotia
2033 1452 2056 1473 ι
2077 1430 2258 1479 Horat.
2274 1427 2345 1479 ad
2359 1429 2520 1480 finem
2537 1448 2666 1499 per·

1635 1504 1812 1557 ducta.
1829 1505 2064 1559 Declam.
2077 1506 2262 1572 Quint.
2281 1507 2376 1557 XII
2390 1530 2403 1557 :
2427 1504 2662 1577 «Effuge

1641 1606 1663 1629 σι
1683 1599 1954 1657 raptores,
1980 1587 2156 1655 effuge
2182 1604 2294 1637 non
2316 1585 2653 1639 dimissuros.

1641 1690 1663 1713 ιι
1684 1666 1738 1718 si
1766 1666 1910 1718 aliud
1937 1668 2049 1718 fieri
2079 1686 2186 1718 non
2217 1682 2396 1739 potest
2413 1706 2430 1733 ‚
2461 1668 2658 1720 decide

1643 1766 1665 1790 a
1686 1763 1806 1797 cum
1845 1758 2158 1816 tempestate
2175 1784 2190 1811 ‚
2229 1748 2516 1817 naufragio
2555 1746 2658 1799 de-

1642 1848 1664 1871 «
1685 1841 1880 1879 sertum
1914 1826 2038 1878 litus
2076 1828 2323 1899 impinge.
2348 1852 2372 1873 ι
2407 1828 2654 1879 Declam.

1635 1911 1718 1959 avi
1749 1907 1954 1959 CCLII:
1991 1930 2014 1953 ιι
2035 1912 2246 1959 Poterat
2279 1908 2428 1959 brevi
2459 1908 2656 1960 condi—

1641 2009 1663 2031 «
1683 1988 1829 2038 tione
1852 1985 2058 2052 decidi,
2077 2000 2138 2037 ut
2161 1984 2392 2053 diceret,
2415 2005 2520 2058 qua
2549 1986 2654 2038 alia

1641 2067 1798 2137 alege
1835 2087 1958 2119 cum
1995 2066 2086 2118 illo
2125 2068 2419 2119 consistere
2457 2081 2654 2137 potue-

1643 2148 1846 2197 -arim
1885 2146 2005 2199 Sen.
2041 2148 2293 2199 Controv.
2329 2146 2407 2197 11.
2393 2167 2407 2178 ·
2450 2167 2474 2190 ι
2493 2144 2656 2197 Unde

1643 2231 1918 2293 «scitum,
1958 2246 2025 2280 an
2067 2227 2513 2280 convenientibus
2553 2246 2652 2297 pro

1643 2328 2004 2437 :deciderit-s
2039 2384 2144 2438 Ubi
2179 2397 2231 2435 et
2270 2382 2371 2435 alia
2411 2383 2656 2456 exempla

1638 2463 1792 2516 vide
1777 2483 1833 2514 ιιι
1853 2477 1964 2516 not.
1982 2464 2216 2516 GronoV.
2235 2463 2460 2515 Sennis.
2475 2465 2656 2531 Quem

1639 2555 1690 2594 et
1707 2542 1815 2594 vid.
1839 2541 1906 2594 ad
1926 2543 2108 2594 Senec.
2128 2543 2386 2596 Controv.
2413 2545 2462 2607 1,
2481 2560 2536 2610 p.
2555 2541 2655 2610 67;

1639 2637 1688 2675 et
1712 2626 1785 2675 ita
1811 2625 1994 2691 Quint.
2021 2625 2147 2676 lust.
2171 2625 2295 2686 vn,
2331 2641 2377 2688 1,
2401 2637 2460 2674 ut
2490 2647 2512 2669 ι
2531 2622 2658 2694 pui-

1644 2726 1666 2750 α
1687 2705 1814 2758 chre
1833 2706 1993 2757 fuerit
2011 2723 2132 2757 cum
2152 2706 2372 2756 materia
2385 2743 2402 2769 ‚
2418 2705 2654 2756 tumultu

1643 2809 1666 2834 ι
1687 2803 1740 2840 et
1791 2787 2022 2840 clamore
2073 2802 2399 2840 transactum
2413 2825 2432 2853 .,
2453 2811 2476 2832 ι
2529 2785 2655 2838 vide

1635 2866 1783 2918 Decl.
1801 2869 1944 2932 VIII,
1973 2884 2054 2918 22.
2077 2867 2157 2917 De
2177 2865 2438 2930 decidere,
2457 2863 2560 2916 vid.
2583 2863 2654 2916 ad

1637 2944 1819 3010 Quint.
1845 2943 1993 2996 Decl.
2021 2945 2142 3009 XII,
2175 2961 2254 2996 ια.
2281 2945 2453 3002 Bunn.

1711 3040 1758 3074 2.
1791 3023 1948 3074 Hunc
1977 3035 2143 3074 mater
2167 3023 2382 3075 occidet.
2410 3019 2652 3073 Declam.

1637 3101 1886 3153 XXXIX:
1923 3124 1946 3146 a
1969 3103 2078 3171 Ego
2112 3115 2196 3168 te,
2225 3102 2417 3166 frater,
2447 3099 2618 3152 occidi
2635 3139 2654 3166 ‚

1643 3205 1666 3230 ιι
1685 3183 1810 3234 dum
1835 3202 1957 3234 cum
1982 3197 2148 3235 matre
2167 3181 2462 3235 contendo.
2485 3207 2506 3229 ι
2533 3181 2654 3233 8011.

1699 3261 1732 3313 3
1741 3301 1752 3312 .
1767 3264 1890 3314 Post
1897 3260 2134 3315 exsilium
2141 3299 2158 3326 ,
2167 3273 2284 3334 post
2294 3258 2653 3332 reumfilim.

1638 3339 1985 3412 Conjeceram
2023 3351 2143 3412 post
2173 3341 2416 3412 genitum
2447 3337 2652 3411 filium.

1638 3418 1798 3486 Quod
1849 3437 2009 3471 sensu
2062 3433 2142 3470 est
2193 3417 2498 3470 commodo.
2550 3415 2658 3468 Sed

1641 3519 1802 3572 quum
1845 3501 2063 3570 cogito,
2107 3499 2175 3551 ad
2213 3519 2276 3551 ca
2315 3513 2612 3570 respectum
2635 3537 2654 3564 ‚

1641 3600 1754 3652 quae
1782 3582 1934 3632 initio
1963 3581 2196 3634 Declam.
2223 3595 2348 3633 sunt
2375 3579 2546 3640 dicta;
2575 3581 2654 3632 sic

1639 3664 1832 3713 omissa
1867 3661 2128 3732 particula
2160 3659 2516 3732 supplendum
2537 3697 2554 3724 ‚
2589 3675 2656 3709 ac

1637 3741 2006 3813 reponendum
2020 3779 2036 3807 ,
2051 3741 2152 3792 nisi
2167 3753 2284 3810 post
2300 3736 2654 3810 mmfilium.

1637 3821 1950 3891 Suspectam
1967 3819 2106 3872 hanc
2127 3821 2282 3886 facit,
2299 3821 2452 3890 quasi
2467 3836 2528 3870 ex
2549 3817 2656 3868 alio

1639 3901 1783 3953 hunc
1811 3901 1974 3952 filium
2005 3902 2312 3970 susceperit.
2349 3897 2480 3949 Ideo
2514 3895 2658 3947 scili-

1641 3995 1724 4034 cet
1739 3981 1903 4032 filium
1917 3979 2122 4032 lubenti
2137 3979 2315 4030 animo
2331 3976 2654 4029 incolumem

1643 4077 1849 4117 servare
1874 4073 1924 4112 et
1949 4056 2088 4110 alere
2105 4097 2122 4122 ‚
2150 4077 2250 4110 nec
2278 4057 2348 4108 de
2377 4056 2483 4108 hoc
2509 4073 2654 4126 quae-

1643 4143 1868 4194 stionem
1891 4157 2134 4205 movere,
2165 4151 2255 4192 aut
2289 4139 2516 4189 movisse
2543 4137 2650 4186 visa
