2855 4871
652 436 1493 505 DECLAMATIONES.
1541 441 1849 506 CCCVI.
2095 493 2098 495 v
2169 444 2294 510 233

184 588 267 637 et
314 592 583 638 necesse
618 582 765 657 est,
812 567 1067 639 umbra
1108 568 1355 639 saltem
1401 566 1674 639 sceleris
1714 568 1978 640 laboret
2010 595 2024 639 :
2068 596 2190 641 cur
2222 570 2296 642 in

177 681 475 753 fabulas
502 680 653 752 eat?
674 708 799 752 cur
821 680 1128 754 habeant
1151 681 1517 754 materiam
1545 682 1878 780 maligni?
1905 682 2012 753 vix
2035 683 2294 757 absol‘vi

180 797 467 896 nuptiae
502 818 817 896 possent,
861 798 917 869 si
953 798 1105 899 jam
1140 818 1375 869 contra
1396 796 1672 898 judices
1705 796 1808 868 illi
1841 799 2298 897 pronuncias-

183 933 377 985 sent.
406 913 604 1005 Quid
632 915 951 985 futurum
977 932 1112 1003 est,
1142 912 1197 983 si
1232 912 1375 983 haec
1408 932 1645 1013 parata
1674 913 1884 984 fuerit
1911 913 2208 1000 nubere,
2235 935 2302 986 et

186 1028 308 1100 illi
346 1052 645 1101 matrem
684 1028 1341 1128 pronunciaverint?
1382 1028 1582 1119 Quid
1613 1049 1852 1101 autem
1886 1050 1962 1100 tu
1983 1030 2297 1131 juvenis»,

188 1146 256 1217 si
293 1146 423 1218 tibi
458 1145 1165 1247 nuptiae‘adjudicatae
1200 1144 1502 1234 fuerint,
1537 1143 1872 1217 ducturus
1906 1144 2021 1217 es?
2056 1144 2112 1216 si
2153 1171 2299 1216 non

188 1258 508 1351 duxeriS,
535 1286 681 1335 non
706 1262 824 1332 fiet
845 1260 943 1331 sic
962 1259 1238 1359 generis
1262 1260 1859 1358 experimentum:
1886 1259 1944 1335 si
1969 1258 2300 1331 ducturus

188 1400 289 1465 ες,
306 1376 580 1446 factum
605 1396 725 1447 est.
748 1378 868 1447 Me
888 1372 1259 1447 miserum!
1286 1368 1506 1448 auum
1528 1371 1725 1447 ducis
1735 1375 2016 1476 juvenis
2036 1404 2049 1445 :
2073 1373 2299 1461 viden,

188 1490 370 1587 quid
410 1489 889 1589 concupieris:
927 1512 1149 1563 mater
1177 1510 1312 1563 est:
1346 1488 1664 1562 non.vult
1691 1518 1706 1559 :
1743 1516 1905 1589 ergo
1935 1512 2176 1579 mater,
2209 1516 2299 1561 an

189 1630 368 1675 uxor
382 1604 496 1695 sit,
516 1604 697 1676 nihil
718 1605 1286 1678 interest.Caetera
1288 1632 1319 1705 J
1330 1605 1539 1677 uveni
1563 1604 1810 1677 audaci
1830 1606 1901 1676 in
1921 1620 2298 1705 ¹promptu:

190 1744 324 1790 nec
376 1718 457 1789 in
513 1718 645 1791 hac
692 1740 887 1791 aetate
936 1740 1233 1792 mortem
1284 1718 1660 1817 quisquam
1713 1720 2119 1791 minaretur.
2174 1721 2304 1791 Per

190 1832 413 1904 fidem
428 1888 449 1923 ‚
469 1831 749 1932 juvenis
762 1890 783 1923 ,
806 1835 993 1905 bona
1011 1834 1241 1933 potius
1260 1853 1445 1931 opta.
1462 1834 1840 1905 Consuevit
1859 1833 2297 1931 'frugalitatiz

192 1949 343 2020 sine
364 1949 623 2021 marito
648 1948 772 2022 diu
794 1950 993 2021 vixit:
1018 1950 1202 2021 inter
1224 1948 1664 2047 gravissimas
1683 1948 1834 2021 vitae
1855 1948 2300 2040 calamitateS‚

192 2089 340 2134 non
369 2063 527 2135 sine
551 2062 793 2137 solatio
820 2085 1055 2137 tamen
1074 2123 1094 2156 ,
1125 2062 1385 2135 meruit
1406 2064 1774 2137 maritum:
1805 2064 2036 2165 etjam
2061 2064 2132 2135 in
2161 2065 2300 2136 fine

192 2179 335 2251 vita
352 2199 455 2252 est
476 2206 492 2250 ε
516 2206 646 2253 nec
669 2180 754 2252 de
773 2180 1159 2254 hereditate
1180 2177 1472 2252 sollicita
1493 2201 1625 2269 est,
1648 2206 1794 2253 non
1814 2179 2025 2251 habet
2047 2180 2296 2251 filium.

268 2386 291 2419 1
304 2408 319 2419 .
336 2373 531 2421 Coetem
526 2370 723 2442 juveni
734 2370 922 2421 audaci
934 2370 991 2421 in
1001 2388 1212 2442 promp-
1290 2364 1588 2420 Thaddaeus
1610 2390 1623 2419 ε
1671 2369 1942 2421 Con-suevit
1968 2367 2299 2445 fmqalitate.

188 2459 263 2499 tu.
286 2447 593 2501 Thaddoeus
618 2461 671 2500 et
692 2446 944 2504 AErodius
968 2451 1207 2502 audacia.
1290 2446 1451 2516 Quod
1477 2449 1700 2502 fortasse
1725 2449 2037 2502 mutandum
2057 2470 2163 2502 non
2179 2451 2298 2501 fuit.

188 2527 363 2580 Addit
377 2527 531 2594 alter,
541 2528 676 2581 velle
694 2528 948 2600 quosdam
953 2527 1206 2604 juvenili.
1290 2527 1585 2581 Columella
1602 2533 1746 2595 vm,
1769 2531 1830 2584 15
1849 2553 1860 2582 ε
1889 2554 1912 2577 κ
1926 2532 2062 2582 Nam
2079 2530 2300 2584 simodo

190 2609 337 2660 Dein
368 2607 696 2674 Thaddaeue‚
734 2610 1023 2662 miraretur.
1060 2612 1209 2662 AEro-
1293 2621 1524 2679 «captas
1559 2627 1709 2676 aves,
1737 2627 1852 2679 quae
1883 2627 2204 2660 consuevere
2235 2607 2300 2659 li-

193 2688 361 2752 dius,
386 2702 599 2741 mortem
638 2691 911 2762 quisquam
944 2691 1079 2744 mihi
1111 2691 1207 2744 mi·
1294 2711 1315 2733 κ
1336 2687 1468 2740 bero
1493 2691 1635 2741 victu
1651 2728 1668 2756 ‚
1695 2687 1950 2762 custodite
1980 2688 2183 2742 tradere
2211 2707 2302 2740 ve-

196 2777 435 2818 naretur.
474 2767 601 2820 Mihi
640 2770 985 2822 succurrebat
1000 2808 1018 2836 .,
1048 2771 1207 2822 Goete-
1294 2788 1317 2811 ⁴⁸
1336 2766 1427 2832 lis,
1452 2787 1638 2838 parere
1661 2779 1982 2840 cunctantur
2003 2769 2056 2818 in
2081 2769 2301 2818 servitu-

192 2864 330 2899 rum
348 2847 541 2918 juveni
574 2847 887 2910 audacia‚in
920 2861 1168 2920 pmmptu
1186 2869 1233 2909 ‚·‘
1294 2869 1316 2892 α
1337 2859 1407 2898 te.
1432 2870 1476 2897 υ.
1509 2850 1745 2902 Gnouov,
1793 2851 1867 2902 Ita
1913 2862 1964 2900 et
2005 2848 2296 2902 Declamat.

190 2944 295 2977 nec
326 2925 377 2976 ἰη
410 2925 506 2977 hac
532 2935 683 2978 oetate
710 2928 1047 2979 temeritatem
1072 2926 1210 3000 quis·
1289 2925 1646 2980 cccxxxu:
1681 2950 1702 2974 a
1724 2929 2041 3000 Paupertate
2074 2947 2300 2982 consue-

191 3022 361 3077 quam
382 3004 619 3056 miratur.
644 3005 875 3058 Gnonov.
900 2999 1205 3072 Miraretur,
1294 3029 1316 3052 a
1335 3007 1385 3056 vi
1411 3027 1423 3055 :
1461 3007 1737 3076 frugaliter
1766 3009 1936 3060 vivere
1967 3011 2097 3060 scie.
2121 3033 2143 3057 n
2178 3009 2296 3062 Seu.

192 3080 399 3133 Schult.
427 3093 479 3132 et
502 3081 639 3135 obr.
882 3087 885 3090 ’
1239 3118 1245 3126 »
1286 3085 1610 3158 Fruqalt’eare
1632 3127 1650 3154 ,
1707 3105 1866 3157 marg.
1931 3086 2112 3140 AErod.
2161 3085 2297 3140 Vide

276 3177 331 3210 2.
377 3161 653 3213 conane-vit
680 3160 1005 3234 fmqalitati.
1052 3161 1207 3214 AEro-
1288 3163 1526 3218 Freinsh.
1555 3165 1620 3217 ad
1646 3165 1785 3218 Flor.
1811 3169 1864 3235 1,
1899 3185 1944 3233 ι,
1978 3181 2030 3230 et
2060 3167 2295 3221 Gronov.

193 3237 351 3292 dius:
396 3239 675 3293 Consua-vit
694 3240 989 3313 frugaliter
1020 3241 1203 3294 vivere.
1288 3241 1358 3295 ad
1378 3245 1487 3296 Liv.
1515 3245 1715 3313 xxm,
1739 3243 1826 3298 35.
