2855 4871
660 437 1495 509 DECLAMATIONES.
1543 441 1806 511 cccx.
2155 445 2280 535 249

184 562 305 635 sed
344 566 671 639 formulae
704 567 1079 641 inimicitiae
1113 588 1267 641 tum
1304 569 1532 641 valere
1567 590 1886 668 possunt,
1925 596 2150 669 quum
2195 571 2282 641 de

179 678 421 777 aliquo
454 682 638 753 facto
666 683 945 754 mentiri
981 682 1171 771 licet,
1208 710 1432 780 quum
1468 704 1672 767 testes
1707 684 2108 757 subornare.
2135 687 2287 757 Cae-

179 814 416 868 terum
451 797 529 867 in
560 797 703 887 his,
736 826 891 896 quae
922 799 1011 871 ad
1042 798 1474 871 intellectum
1501 799 1830 900 judicum
1852 815 1869 845 ¹
1905 802 2285 901 pertinent,

182 913 403 1011 gratia
436 915 589 987 sine
626 916 790 987 vitio
832 917 1404 1017 cognoscentium
1445 917 1624 989 nihil
1657 940 1796 989 est:
1833 944 2046 989 nemo
2078 918 2290 1015 igitur

180 1046 509 1098 nostrum
544 1050 787 1128 negat,
819 1029 912 1101 ita
934 1029 1005 1101 in
1038 1029 1553 1130 legevscriptum
1579 1056 1764 1103 esse:
1791 1032 1939 1121 Qui
1964 1031 2068 1103 bis
2091 1030 2292 1102 adul-

182 1140 339 1211 terii
374 1140 751 1215 damnatus
781 1163 919 1234 est,
949 1143 1456 1243 ignominiosus
1480 1145 1604 1216 sit:
1635 1172 1722 1216 ne
1751 1146 1819 1216 id
1848 1145 2132 1245 quidem
2167 1170 2294 1216 ne-

182 1258 490 1357 gabitur,
530 1260 636 1332 bis
673 1260 747 1331 in
778 1260 1133 1360 judicium
1167 1262 1361 1333 hunc
1402 1261 1875 1353 descendisse,
1915 1264 2022 1335 bis
2056 1282 2292 1335 contra

182 1372 380 1445 hunc
418 1374 633 1447 latam
669 1402 812 1447 esse
845 1376 1282 1449 sententiam.
1320 1376 1457 1449 Sed
1491 1376 1546 1448 si
1583 1379 2034 1450 manifestum
2059 1376 2290 1466 fuerit,

182 1494 421 1591 legem
448 1521 595 1566 non
619 1494 777 1567 ideo
806 1522 951 1568 esse
976 1493 1438 1593 conscriptam
1456 1552 1475 1586 ,
1507 1514 1586 1565 ut
1607 1494 1740 1567 hoc
1763 1520 1984 1592 genus
2005 1492 2293 1565 damna-

182 1607 401 1680 tionis
430 1608 897 1707 ignominiam
924 1609 1173 1698 faciat3
1200 1613 1256 1680 si
1277 1634 1367 1679 ne
1391 1608 1463 1679 in
1486 1608 1981 1705 cogitationem
2004 1606 2293 1706 quidem

186 1722 611 1823 cujusquam
654 1723 899 1795 cadere
942 1724 1236 1797 omnino
1279 1723 1545 1823 potuit,
1581 1722 1888 1821 aliquem
1930 1748 2011 1795 ex
2049 1722 2294 1793 eadem

187 1864 395 1909 causa
437 1836 546 1910 bis
582 1838 889 1937 potuisse
923 1837 1279 1925 damnari,
1326 1836 1636 1935 profecto
1669 1835 2126 1909 manifestum
2163 1856 2295 1925 est,

190 1980 331 2025 non
360 1952 434 2024 in
460 1952 660 2025 aliud
691 1952 977 2053 scriptas
1007 1976 1153 2025 esse
1181 1952 1405 2050 leges,
1444 1951 1516 2022 in
1543 1949 1738 2026 aliud
1765 1950 2014 2023 valere.
2035 1951 2300 2039 Quaero

190 2069 406 2167 igitur
430 2097 513 2143 ex
540 2070 705 2170 ipsis
730 2070 1137 2143 adversariis
1154 2126 1172 2159 ,
1210 2095 1336 2141 cur
1358 2068 1468 2141 bis
1496 2068 1916 2140 damnatum
1944 2066 2296 2156 adultetii‚

194 2184 753 2282 ignominiosum
789 2212 935 2257 esse
960 2181 1349 2257 voluerint?
1379 2203 1462 2255 ut
1487 2181 1765 2282 opinor,
1787 2181 2058 2282 judices
2077 2238 2096 2271 ,
2127 2208 2303 2281 quo-

194 2299 383 2370 niam
408 2326 555 2371 una
575 2299 933 2372 damnatio
955 2298 1261 2371 habebat
1287 2298 1496 2369 aliam
1518 2318 1586 2370 et
1609 2324 1813 2370 suam
1841 2324 2120 2397 poenam
2148 2324 2162 2368 :
2189 2324 2303 2397 ge·

196 2412 493 2488 minatio
526 2414 837 2488 criminis
873 2413 1209 2488 afferebat
1240 2413 1706 2514 ignominiam
1729 2470 1748 2500 ‚
1781 2440 2014 2513 neque
2039 2412 2302 2484 imme-

197 2529 370 2602 rito:
410 2531 629 2603 semel
663 2533 852 2604 enim
894 2557 1121 2603 errare
1155 2556 1321 2601 sane
1360 2527 1726 2602 tolerabile
1768 2530 1889 2616 sit;
1936 2529 2008 2599 in
2055 2528 2303 2600 eadem

199 2671 358 2718 vero
387 2647 729 2740 incidere,
770 2674 860 2720 ne
894 2645 1355 2720 damnatione
1390 2644 1682 2744 quidem
1709 2643 2090 2741 compesci,
2123 2643 2306 2714 ultra

206 2760 446 2832 omnia
460 2762 883 2836 videbatur2.
905 2761 1101 2836 Nihil
1128 2761 1319 2834 enim
1346 2760 1558 2834 verba
1582 2757 1884 2830 faciunt:
1914 2758 2036 2830 sed
2054 2757 2308 2830 volun-

278 2911 321 2944 1.
360 2893 449 2946 Ad
484 2895 803 2950 intellectum
832 2899 1120 2972 judicium.
1162 2899 1209 2950 A

200 2969 401 3023 Pithoeo
436 2991 539 3024 vox
572 2975 828 3045 iudicium
866 2975 1047 3029 addita
1087 2990 1204 3030 est:

198 3051 493 3107 Thaddaeus
543 3067 595 3106 et
646 3057 893 3110 AErodins
938 3060 1202 3130 ignorant.

196 3132 333 3183 Num
372 3131 574 3201 voluit,
599 3135 889 3206 judicum?
920 3137 1087 3190 Gnon.
1123 3139 1207 3190 Sic

202 3229 349 3284 supra
369 3211 636 3284 judicium
668 3233 769 3284 pro
786 3215 1052 3288 judicum.
1084 3217 1204 3269 Scn.

200 3289 439 3342 Judieum
454 3329 474 3358 ,
510 3293 681 3343 Latin.
710 3293 845 3346 Vide
877 3293 943 3346 ad
974 3297 1205 3348 Institut.

198 3366 285 3420 lib.
312 3371 414 3435 xl,
456 3387 501 3422 ι.
538 3371 729 3423 omisit
740 3373 985 3443 judicum
1027 3375 1206 3427 AErod.

268 3467 315 3502 α.
346 3453 611 3523 Compesce·
634 3453 774 3507 ultra
802 3457 979 3508 omnia
1004 3457 1208 3509 videba-

203 3543 296 3582 tur.
342 3531 429 3584 Sic
472 3545 527 3584 et
566 3531 883 3586 Thaddaeus.
928 3535 1205 3588 AErodius:

202 3611 449 3682 compesci
474 3609 614 3662 ultra
639 3629 785 3683 posse
811 3614 1035 3666 erimina
1070 3615 1211 3667 vide·-

207 3687 400 3740 lumtur.
423 3687 734 3761 Asyndeton
759 3702 811 3742 et
834 3691 1081 3762 neglecta
1104 3690 1211 3742 dis-

205 3771 385 3820 tinctio
434 3769 792 3841 impedierunt
846 3770 1212 3824 doctissimum

202 3849 381 3899 virum.
404 3849 475 3899 In
495 3849 673 3900 eadem
698 3867 817 3902 vem
842 3851 1065 3903 incidere
1087 3850 1211 3922 (hic

204 3925 463 3996 intellige,
494 3929 646 4000 quasi
674 3930 1045 4002 interpositum
1073 3944 1211 3986 esset

204 4003 255 4054 τῖ
274 4005 357 4076 et)
377 4025 446 4058 ne
466 4006 809 4061 damnatione
834 4007 1043 4083 quidem
1072 4027 1211 4063 com-

204 4089 336 4156 pem·
364 4087 663 4160 (intellige,
694 4089 801 4142 hoc
834 4089 1029 4162 vero),
1067 4092 1211 4145 ultra

210 4165 379 4216 omnia
394 4167 675 4220 videbatur.
688 4167 811 4221 Haee
824 4183 1053 4221 extrema
1069 4169 1209 4223 linea

1287 2893 1582 2966 putabatur
1605 2895 1840 2946 insaniae:
1863 2893 2030 2944 Gnou.
2055 2921 2128 2934 —-
2147 2891 2306 2944 Nihil

1288 2974 1429 3024 enim
1453 2972 1601 3024 verba
1621 2971 1867 3043 faciunt,
1897 2969 2002 3023 sed.
2036 2971 2136 3022 Pro
2160 2970 2302 3020 em'm

1268 3049 1341 3104 'in
1360 3049 1631 3104 'thaddaeo
1657 3063 1710 3102 et
1728 3049 1946 3101 AErodio
1964 3047 2120 3101 video
2143 3065 2264 3120 enyo
2282 3067 2298 3096 .-

1288 3131 1452 3203 idque
1471 3131 1636 3202 magis
1655 3134 1908 3182 convenit
1919 3167 1936 3196 ,
1950 3127 2112 3182 m‘odo
2127 3143 2179 3180 et
2193 3145 2304 3180 roa—

1286 3213 1476 3264 tituas:
1509 3209 1670 3264 Nihil
1688 3229 1810 3284 erqo
1835 3213 1984 3264 verba
1996 3209 2238 3282 faciunt,
2259 3209 2304 3263 .ςί

1289 3290 1534 3344 voluntas
1555 3290 1682 3365 leqt‘s
1707 3291 1904 3344 dinem
1925 3301 2084 3363 atque
2103 3299 2306 3342 conm-

1290 3374 1367 3426 n'a
1395 3383 1483 3426 ese.
1513 3374 1682 3427 (ἕπου.
1717 3371 1878 3426 Nihil
1907 3389 2028 3448 erqo
2056 3392 2104 3423 v.
2128 3371 2182 3442 f.
2217 3369 2306 3424 sed

1288 3450 1532 3504 voluntas
1565 3451 1721 3525 leqt‘s,
1769 3452 1814 3505 si
1846 3451 2046 3504 diversa
2081 3469 2130 3502 a.
2170 3467 2213 3501 c.
2255 3467 2301 3501 e.

1288 3534 1417 3587 Obr.
1437 3536 1692 3587 Francius
1712 3550 1835 3586 cnm
1853 3527 2126 3587 Gvoizovio
2145 3535 2306 3586 faeie-

1290 3611 1399 3664 bat.
1435 3611 1639 3665 Schult.
1667 3608 1914 3678 volebat,
1944 3609 2122 3664 autem
2138 3651 2156 3679 ,
2181 3611 2262 3664 vel
2284 3647 2303 3677 ,

1292 3713 1411 3748 vero
1451 3695 1600 3746 verba
1626 3691 1678 3765 f.
1719 3695 1764 3746 π’
1801 3693 2058 3748 voluntas.
2095 3693 2227 3758 Alii,
2259 3693 2305 3746 εἰ

1290 3775 1497 3850 quidem
1523 3773 1784 3829 voluntas.
1811 3805 1880 3814 —-
1903 3769 2162 3829 Voluntas
2178 3773 2304 3846 legis

1289 3855 1488 3908 diversa
1537 3863 1698 3927 atque
1741 3854 2000 3907 contraria
2039 3865 2128 3905 est.
2175 3853 2300 3902 Non

1290 3936 1432 3986 enim
1461 3933 1548 3986 hic
1579 3933 1736 3986 fortia
1767 3931 1848 3982 bis
1878 3943 2156 3984 accusatus
2187 3941 2302 3995 est,

1281 4012 1439 4084 quod
1464 4011 1546 4066 bis
1569 4011 1877 4082 deliquerit:
1906 4007 2003 4061 sed
2027 4009 2150 4079 quia
2179 4007 2302 4059 loco

1290 4095 1490 4165 praemii
1505 4090 1823 4166 postulavit,
1845 4091 1994 4162 prius
2017 4088 2152 4142 illud
2163 4087 2304 4160 judi·

1292 4174 1432 4224 cium
1464 4172 1634 4242 tepeti
1667 4187 1730 4222 ac
1759 4167 2107 4240 recognosci,
2139 4182 2200 4222 ut
2231 4185 2302 4222 an
