2855 4871
619 410 1486 489 DECLAMATIONES..
1506 422 1844 490 CCCXV.
2149 431 2276 519 ²73

178 547 625 622 necessitate:
656 546 1011 646 quaedam,
1046 545 1319 617 etiamsi
1348 544 1550 617 nulla
1575 545 2280 649 significatione-legis

176 662 687 764 comprehensa
726 662 897 751 sint,
933 682 1187 733 natura
1219 682 1456 733 tamen
1495 661 1952 760 excipiuntur.
1971 707 1979 721 ·
1999 664 2110 735 An
2147 665 2280 739 hnc

177 782 571 880 cogitatum
584 792 803 866 esset,
828 797 906 848 ut
930 798 1125 875 pater
1153 776 1385 847 filium
1412 776 1794 849 occideret?
1824 797 1902 849 ut
1921 778 2134 850 frater
2155 780 2290 851 fras

174 920 359 969 trem
386 892 773 967 occideret?
800 918 967 963 nam
998 892 1074 963 id
1098 892 1383 990 quidem
1411 894 1717 991 profecto
1729 891 1838 964 vix
1865 911 2113 965 natura
2135 894 2288 992 ipsa

176 1012 554 1085 videbatur
603 1009 999 1099 admittere,
1050 1028 1131 1079 ut
1174 1008 1249 1079 in
1295 1007 1546 1081 eadem
1596 1007 1740 1080 acie
1785 1028 1978 1107 pater
2022 1009 2284 1083 fortiter

178 1130 477 1214 faceret,
508 1124 695 1196 filius
718 1122 1083 1195 desereret.
1114 1124 1355 1220 Itaque
1388 1122 1446 1194 si
1483 1121 1659 1193 illud
1686 1148 1830 1194 non
1861 1124 2128 1221 praemii
2158 1150 2284 1197 no-

177 1242 383 1317 mine
414 1261 722 1339 peterem
741 1296 761 1328 ,
790 1237 847 1310 si
871 1237 1070 1310 aliter
1095 1238 1393 1337 gratiam
1422 1236 1599 1309 mihi
1633 1237 2062 1330 retulissetiS,
2091 1266 2289 1313 recu-

180 1383 411 1430 sarem
436 1386 463 1447 3-
488 1354 791 1426 dicerem
810 1411 829 1443 ,
861 1354 1022 1425 Non
1053 1352 1297 1452 utique
1325 1351 1640 1425 occidere
1661 1352 1883 1425 debeo
1912 1380 1927 1423 ε
1959 1355 2119 1453 plus
2149 1376 2284 1446 est,

180 1471 375 1573 quod
396 1490 588 1569 opto.
610 1470 751 1539 Lex
770 1466 1190 1539 desertorem
1224 1487 1290 1539 et
1312 1466 1544 1539 virum
1571 1467 1824 1539 fortem
1853 1470 2282 1545 nominavit:

180 1608 457 1662 mutata
470 1606 635 1657 suut
648 1584 945 1656 omnia¹z
962 1582 1151 1655 filius
1171 1582 1491 1656 deseruit.
1503 1584 1686 1683 Ergo
1700 1583 1846 1657 haec
1861 1584 2000 1660 dixi
2014 1612 2032 1657 z
2054 1585 2284 1659 adhuc

180 1703 479 1775 debetur
498 1698 676 1771 mihi
698 1696 1173 1797 quodcunque
1193 1698 1563 1797 praemium
1588 1725 1602 1769 ε
1626 1698 1894 1772 dicetur
1915 1700 2020 1772 vel
2051 1722 2287 1775 contra

180 1818 439 1916 legem.
458 1818 625 1888 Mea
646 1814 755 1887 lex
772 1812 1009 1887 utilior
1034 1834 1130 1887 est
1152 1812 1585 1913 reipublicae:
1609 1841 1754 1887 non
1779 1816 2021 1914 utique
2045 1838 2286 1891 contra

178 1933 415 2032 legem
450 1952 645 2032 peto,
678 1929 1014 2029 quoniam
1044 1930 1275 2002 multa
1310 1929 1623 2003 accidere
1665 1951 1990 2030 possunt,
2028 1952 2106 2004 ut
2125 1960 2286 2007 -non

179 2049 283 2120 vir
327 2047 527 2121 fortis
572 2044 843 2118 occidat
874 2071 889 2115 ε
946 2070 1091 2115 non
1138 2064 1379 2115 contra
1426 2044 1656 2143 legem
1701 2064 1892 2147 peto,
1942 2048 2284 2144 quoniam

180 2164 331 2239 fieri
362 2190 513 2235 non
536 2180 757 2261 potest
772 2217 790 2250 ‚
816 2180 895 2231 ut
917 2180 985 2231 et
1004 2158 1139 2230 hoc
1161 2158 1454 2232 voluerit
1469 2216 1488 2251 ‚
1514 2182 1594 2232 ut
1621 2187 1664 2231 a
1686 2182 1875 2260 patre
1899 2161 2085 2237 filius
2109 2163 2284 2235 occi-

182 2278 409 2351 datur.·
444 2274 857 2348 Renuncio²
888 2272 1279 2374 reipublicae
1298 2330 1319 2363 ‚
1342 2300 1495 2351 non
1526 2292 1683 2347 utor
1718 2276 1987 2349 honore
2022 2280 2284 2352 consti-

182 2415 331 2470 tuto
352 2420 368 2466 ε
390 2417 607 2466 nemo
626 2408 955 2489 queretur
972 2386 1059 2461 de
1074 2388 1448 2488 iniquitate
1463 2389 1728 2490 praemii
1744 2391 1884 2463 mei
1898 2450 1918 2484 ,
1935 2418 2149 2466 nemo
2169 2420 2284 2466 me

184 2511 612 2611 impotenter
632 2505 735 2577 uti
761 2506 993 2578 fructu
1016 2503 1351 2578 virtutum
1374 2505 1749 2579 existimet:
1775 2534 1920 2580 non
1942 2509 2079 2581 feci
2101 2509 2285 2580 forti·

183 2647 317 2698 ter:
335 2622 592 2714 erratis,
614 2618 1161 2694 commilitones:
1179 2618 1534 2695 blanditus
1553 2644 1654 2695 est
1669 2622 1848 2694 mihi
1869 2622 2279 2720 imperator:

186 2739 465 2837 decepit
489 2759 555 2808 te
585 2738 775 2807 fama
796 2735 1093 2807 civitatis
1120 2763 1135 2806 :
1164 2761 1291 2834 ego
1320 2735 1614 2827 fortiter,
1638 2735 1856 2808 homo
1885 2737 2130 2820 senex?
2152 2763 2280 2836 ego

182 2854 471 2943 fortiter,
498 2850 856 2924 desertoris
880 2849 1114 2950 pater?
1129 2853 1221 2922 At
1243 2871 1477 2950 putate
1499 2851 1634 2924 hoc
1657 2877 1772 2924 me
1797 2851 2110 2924 obtinere
2135 2879 2282 2926 non

185 2995 381 3070 posse
411 2995 427 3038 :
470 2993 617 3040 non
662 2987 818 3038 utor
858 2965 1121 3037 honore
1146 2965 1456 3057 virtutiS,
1495 2993 1642 3039 non
1675 2967 1892 3039 subeo
1921 2993 2133 3040 onera
2155 2969 2285 3042 viri

183 3085 415 3158 fortis:
444 3083 660 3156 nolite
684 3081 863 3154 mihi
894 3080 1054 3154 dare
1079 3081 1401 3181 praemia;
1429 3108 1574 3156 non
1599 3083 1840 3156 occido
1859 3084 2280 3158 desertorem

184 3221 551 3299 tamquam
568 3198 673 3270 vir
689 3196 901 3269 fortis.
918 3196 1279 3270 Demittite
1306 3223 1492 3270 mea
1512 3199 1755 3271 merito
1775 3225 1965 3272 meo:
1994 3200 2276 3274 liberate

182 3342 297 3389 me
337 3313 631 3388 nomine
664 3341 679 3386 :
726 3334 795 3386 et
830 3340 1259 3411 sanequam,
1292 3314 1561 3388 habetis
1603 3316 1815 3388 aliam
1845 3315 2278 3391 vindictam?

256 3522 300 3556 ι.
328 3503 542 3554 Mutata
564 3512 684 3556 sunt
705 3501 899 3554 omnia.
924 3501 1005 3553 M.
1029 3522 1067 3555 s.
1096 3522 1191 3556 ηο-
1269 3503 1443 3575 dicet)
1488 3515 1668 3558 contra
1713 3505 1876 3579 legem
1894 3507 1920 3555 Ρ
1963 3505 2276 3558 Scuummo.

178 3581 325 3632 mina
340 3617 357 3644 ,
387 3579 644 3634 Obrecht.
668 3579 869 3632 Schult.
895 3579 1153 3634 retinebat
1170 3619 1188 3648 ‚

182 3675 233 3710 et
255 3662 410 3715 Ovid.
432 3665 521 3714 Tr.
548 3665 595 3728 1,
622 3662 681 3727 8,
707 3679 759 3731 7,
782 3661 871 3714 illa
890 3661 1187 3734 adscripse-

180 3755 290 3792 ηις
327 3744 561 3797 «Omnia
587 3743 698 3812 jam
730 3741 855 3793 fient
874 3779 891 3809 ‚
922 3742 1035 3794 fieri
1069 3761 1187 3813 quae

184 3843 207 3868 ο
226 3841 387 3892 posse
426 3824 704 3894 negabam.
726 3847 749 3872 a·
790 3853 862 3862 —
894 3824 1037 3898 Erqo
1078 3823 1189 3876 hoec

179 3900 307 3954 dixi.
326 3903 471 3974 Enyo
490 3902 599 3954 hoec
620 3913 681 3954 ut
696 3902 804 3954 dixi
816 3939 835 3965 ,
852 3901 1023 3952 adhuc
1041 3900 1189 3952 debe-

178 3993 325 4032 retur
340 3983 525 4052 quode.
548 4002 605 4053 p.
632 4001 755 4034 nam
770 3983 985 4034 ,dicatur
1006 4001 1053 4035 ν.
1074 3999 1117 4034 c.
1146 3981 1183 4034 l.

176 4076 363 4112 verum
384 4079 499 4112 mea
528 4061 641 4127 Iex,
666 4075 769 4114 etc.
788 4060 969 4116 AErod.
992 4089 1061 4100 —
1082 4060 1187 4112 Di-

179 4153 329 4214 cetur
348 4139 429 4194 vel
448 4141 838 4214 comra'leqem.
863 4141 1058 4196 Dicetis
1081 4141 1187 4214 (vel

394 4230 445 4282 6.

1342 3602 1392 3635 α.
1434 3585 1715 3636 Renuncio.
1755 3583 2020 3635 lic-nuncio
2058 3585 2276 3655 proemio
2316 3607 2326 3612 ·

1266 3663 1460 3734 rer‘pub.
1485 3662 1664 3714 AErod.
1685 3691 1758 3701 --
1777 3662 2068 3714 Existimet.
2092 3660 2278 3713 Existi-

1266 3745 1457 3809 mabit,
1475 3745 1824 3797 Francius.—
1836 3744 2053 3812 Decept't
2067 3741 2294 3811 tefama'

1266 3825 1506 3876 civitatis.
1523 3823 1870 3878 scribendum
1881 3861 1898 3888 ‚
1914 3821 2112 3894 decepit
2129 3820 2276 3890 tefa-

1265 3920 1381 3969 ma,
1407 3903 1605 3956 civitas,
1635 3903 1801 3956 Grion.
1829 3904 1892 3953 Et
1915 3903 1988 3953 ita
2011 3897 2274 3951 Schultin-

1265 3986 1381 4054 gius
1414 3997 1468 4036 et
1499 3984 1629 4035 Obr.
1662 4013 1729 4022 -
1758 3983 1886 4034 Non
1919 3997 2076 4050 posse.
2114 3978 2274 4030 Nunc

1260 4081 1407 4134 posse
1414 4099 1434 4127 ,
1461 4056 2270 4130 Schultingius.--qufortiter,

1266 4139 1423 4212 homo
1440 4141 1626 4194 senex?
1647 4140 1767 4191 Haec
1786 4135 1996 4191 desunt.
2017 4133 2198 4190 AErod.

1961 4225 2020 4280 18
