2855 4871
645 415 765 483 166
1137 416 1229 481 Μ.
1279 415 1529 479 FAssu
1574 406 2213 498 QUINTILIANI

638 563 938 614 sceretur
955 541 1151 613 mihi.
1181 542 1409 641 Major
1427 542 1516 612 sit
1534 568 1775 613 eorum
1796 542 2072 614 libertas
2085 598 2103 625 ,
2124 541 2248 640 qui
2274 541 2695 615 matrimonia

623 659 1072 760 junxerunt¹,
1104 657 1225 754 qui
1261 684 1383 755 per
1409 678 1565 729 vota
1587 678 1923 730 venerunt
1952 685 1965 726 :
2004 684 2121 728 vos
2144 666 2339 745 vern,
2376 658 2499 755 qui
2532 686 2697 757 nup-

635 776 756 847 tias
787 775 998 847 facitis
1034 776 1104 845 iu
1137 800 1414 872 poenam
1438 830 1456 861 ,
1498 773 1588 843 ad
1618 799 1791 869 quos
1824 799 2067 843 uxores
2101 800 2223 872 per
2249 772 2561 846 lictorem
2596 774 2697 845 de-

637 891 1007 978 ducuntur,
1043 890 1114 961 id
1148 889 1495 959 vindicare
1526 914 1665 959 non
1702 888 2016 985 potestiS,
2048 888 2237 987 quod
2270 890 2367 960 sic
2402 890 2697 989 impetra·
2800 866 2802 891 ἱ

632 1007 784 1078 tis2.
821 1006 954 1077 Sed
983 1026 1059 1076 ut
1083 1004 1324 1076 omnia
1354 1004 1909 1102 praetermittam,
1937 1004 2110 1076 nihil
2138 1026 2377 1103 praeter
2399 1006 2696 1077 animum
2801 1066 2802 1069 ,

632 1122 838 1219 patris
858 1119 1196 1207 aestimare
1227 1118 1527 1189 debuisti
1545 1114 1595 1188 ³.
1630 1112 1907 1189 Cae‘teris
1930 1118 2215 1190 forsitan
2248 1119 2533 1190 defendi
2560 1118 2696 1215 legi-

631 1242 762 1311 bus
800 1238 1056 1336 possis:
1089 1264 1166 1308 ea
1187 1292 1206 1324 ,
1241 1262 1393 1334 quae
1423 1235 1513 1307 ad
1546 1235 1751 1334 patris
1788 1257 1854 1306 te
1896 1234 2225 1333 obligavit
2255 1234 2693 1321 voluntatem,

633 1351 822 1425 exsui
849 1378 988 1423 non
1017 1371 1244 1449 potes:
1277 1349 1524 1422 abdico
1555 1369 1618 1421 te
1638 1404 1657 1438 ,
1690 1349 1798 1419 vel
1828 1349 2020 1447 quod
2044 1348 2337 1421 unicum
2356 1404 2377 1435 ‚
2401 1348 2508 1420 vel
2530 1346 2693 1446 quod

631 1470 928 1541 alterum
967 1466 1256 1566 perdidi.
1293 1464 1564 1563 Eligat4
1595 1465 1772 1564 ipse,
1792 1464 2082 1563 qualem
2113 1463 2339 1536 sortiri
2372 1462 2575 1535 vellet
2600 1490 2697 1560 pa-

631 1605 849 1673 trem,
885 1584 1130 1655 mitem
1153 1639 1170 1671 ,
1205 1610 1294 1654 an
1335 1584 1583 1654 fortem
1616 1606 1630 1651 τ
1674 1581 1790 1653 det
1834 1607 2093 1671 mores,
2128 1580 2301 1651 dum
2346 1580 2692 1668 custodiat,

635 1726 808 1797 quos
839 1698 1134 1771 dederit:
1172 1724 1394 1797 quum
1425 1694 1769 1767 adulteros
1803 1684 2171 1783 occideriS,
2200 1718 2479 1766 necesse
2512 1692 2695 1764 habes
2800 1710 2802 1717 '

634 1842 949 1887 severum
975 1836 1244 1914 patrem
1267 1812 1508 1885 sortiri.
1526 1812 1795 1885 Abdico
1817 1832 2157 1909 raptorem
2174 1867 2193 1900 ,
2218 1811 2520 1881 necdum
2540 1810 2692 1895 dico,

634 1931 869 2031 cujus:
905 1930 1034 2002 hoc
1069 1951 1246 2002 certe
1286 1930 1477 2019 dico,
1519 1928 1812 2029 rapuisti
1839 1928 2216 2027 virginem,
2257 1927 2445 2025 pacis
2476 1927 2691 1997 faciem

632 2042 1224 2139 turbasti,.fecisti,
1250 2066 1527 2146 propter
1546 2045 1733 2145 quod
1751 2043 1933 2145 juste
1964 2040 2176 2116 occidi
2207 2042 2471 2145 posses:
2500 2040 2690 2113 adiisti

633 2216 782 2267 iocus
812 2228 903 2268 est.
934 2218 1186 2283 Agnoscit
1213 2218 1303 2287 qui
1328 2214 1636 2278 abdicatur,
1712 2227 1923 2287 patrum
1956 2226 2075 2267 νοω
2106 2214 2350 2265 iniemnt.
2386 2209 2490 2265 Vos
2516 2231 2561 2263 v.
2582 2232 2625 2283 q.
2646 2228 2691 2259 n.

635 2314 741 2347 non
775 2308 978 2346 tantum
1011 2295 1117 2347 hoc
1148 2295 1320 2347 scelus
1353 2296 1515 2346 fuisse
1534 2332 1549 2357 ,
1579 2306 1639 2344 ut

631 2376 859 2447 graviori
888 2374 1082 2426 scelere
1099 2413 1114 2440 ,
1137 2373 1379 2425 videlicet
1413 2374 1638 2445 parrici-

634 2453 753 2518 dio,
773 2453 1145 2505 vindicandum
1171 2467 1323 2504 esset.
1351 2454 1485 2502 Dicit
1512 2459 1638 2522 e'rgo

629 2550 800 2609 pater,
826 2535 913 2588 hic
943 2556 999 2588 se
1028 2551 1296 2607 tamquam
1327 2534 1482 2588 caedis
1510 2553 1640 2586 cau-

632 2636 741 2668 sam
769 2635 953 2688 agere,
976 2629 1027 2668 et
1052 2632 1322 2688 tamquam
1349 2613 1420 2667 ob
1445 2612 1639 2668 caedem

633 2699 794 2751 fliium
830 2697 1114 2766 abdicare,
1137 2717 1292 2770 quem
1325 2699 1422 2750 etsi
1458 2714 1639 2749 revera

630 2778 790 2850 hujus
806 2778 985 2832 delicti
1001 2779 1214 2829 nomine
1227 2790 1529 2842 accusaret,
1546 2776 1639 2828 filii
1674 2823 1683 2831 .

633 2860 846 2912 alterius
867 2859 1072 2911 obitum
1089 2859 1278 2911 acerbe
1292 2859 1513 2920 ferenti,
1531 2877 1640 2910 me-

631 2943 730 2990 rito
764 2939 1144 3008 ignoscendum
1177 2947 1330 2992 esset.
1362 2939 1639 2990 patiuntur

629 3019 791 3076 verba
825 3021 965 3073 hanc
993 3023 1511 3090 interpretationem:
1544 3020 1637 3073 ned

633 3103 906 3186 sequentia
923 3099 1028 3150 tale
1046 3101 1170 3170 quid
1187 3099 1484 3151 desiderant
1496 3139 1511 3160 ,
1532 3103 1637 3152 Lex

633 3193 740 3239 est,
762 3197 876 3248 quae
901 3179 1170 3247 permittat
1195 3177 1489 3229 adulterum
1515 3197 1636 3230 cum

631 3256 876 3310 aduitera
891 3255 1136 3308 occidere
1154 3275 1166 3306 t
1187 3273 1294 3306 non
1307 3275 1527 3326 possum
1542 3257 1639 3325 igi-

631 3337 789 3388 turin
817 3337 976 3386 fratre
1001 3333 1152 3386 caedis
1177 3351 1499 3398 causaesse,
1518 3353 1638 3404 ,quae

629 3415 684 3466 in
711 3408 814 3464 aiio
839 3426 1141 3484 perpetrata
1167 3409 1294 3462 mihi
1322 3431 1431 3462 non
1460 3413 1637 3484 impu-

631 3505 847 3544 taretur.
883 3493 952 3542 At
985 3493 1156 3561 major
1187 3493 1283 3556 sit,
1317 3503 1417 3542 etc.
1454 3492 1633 3544 AEnou.

629 3573 820 3638 Forte,
856 3589 961 3622 non
1001 3570 1085 3620 hi«,-
1121 3589 1272 3646 agam
1313 3569 1466 3622 hodie
1499 3583 1635 3624 tam-

631 3669 788 3724 quam
821 3649 952 3702 senis·
982 3668 1219 3714 causam,
1254 3669 1306 3721 q.
1337 3650 1380 3702 si
1401 3649 1455 3720 f.
1494 3650 1528 3701 i.
1562 3669 1631 3701 m.

631 3734 719 3790 sed
736 3735 926 3803 major,
949 3743 1060 3783 etc.‘
1077 3731 1296 3784 Senum.

709 3832 766 3865 1.-
803 3812 906 3882 Qui
951 3814 1286 3866 matrimonia
1314 3816 1629 3884 junxerunt.

627 3899 886 3950 Fon-uisset
901 3892 997 3965 qui
1007 3893 1634 3965 patrimoriiajunxemm.

629 3977 699 4026 Ut
721 3973 847 4026 Dec!
889 3972 1160 4026 cchvn
1179 3994 1189 4022 :
1215 3995 1238 4018 α
1261 3975 1633 4026 Patrimonium

632 4076 661 4106 ιι
675 4053 1024 4124 jungendum.
1049 4077 1072 4100 ιο
1100 4052 1266 4106 Giton.
1295 4056 1482 4119 Forte,
1506 4073 1635 4128 quo-

631 4150 744 4184 rum
773 4133 1116 4188 matrimonia
1131 4134 1445 4203 junximus,
1474 4153 1638 4206 eaque

1719 2296 1943 2361 habetis,-
1962 2308 2020 2347 ut
2043 2312 2286 2365 poenam5
2306 2294 2389 2345 vel
2409 2293 2587 2363 facitis
2602 2309 2694 2361 poe-

1718 2375 2088 2432 nam-Videtur
2098 2377 2361 2449 respicere
2376 2374 2445 2427 ad
2462 2376 2692 2435 uxorium,

1718 2473 1769 2510 et
1796 2457 1949 2512 simul
1975 2459 2257 2529 significat,
2284 2457 2429 2528 quod
2450 2456 2691 2526 volgivaga

1716 2557 1909 2593 venere
1928 2554 2065 2600 amet
2088 2539 2298 2612 explere
2320 2537 2579 2590 libidines.
2594 2537 2689 2587 scu.

1792 2636 1839 2669 2.
1870 2619 2023 2688 Quod
2048 2619 2122 2671 sic
2145 2617 2448 2690 impetratis.
2478 2615 2617 2686 Quod
2634 2615 2689 2665 sic

1696 2699 2021 2772 ‘imperatur-
2042 2699 2260 2752 Senum.

1790 2783 1841 2832 3.
1864 2778 2222 2853 Nihilproeter
2241 2777 2387 2830 anim
2398 2797 2489 2828 um
2504 2792 2689 2850 prmus

1717 2863 1967 2914 oestimare
1995 2861 2227 2913 debuisti.
2266 2861 2381 2910 Hoc
2412 2873 2520 2928 est,
2554 2874 2687 2928 quum

1718 2941 1788 2991 ita
1820 2943 2087 3011 rapueris,
2122 2951 2172 2990 et
2202 2940 2415 3009 nuptias
2446 2940 2553 3007 ejus
2578 2933 2687 2986 male

1716 3020 2042 3091 impetrat-is,
2068 3035 2181 3089 quoe
2206 3017 2295 3070 alii
2318 3031 2372 3068 et
2396 3009 2544 3070 fratri
2562 3025 2687 3086 pacta

1717 3118 1849 3151 uxor
1868 3112 2031 3163 esset,
2055 3099 2291 3169 quamvis
2314 3091 2689 3168 postea'aduite-

1716 3195 1831 3228 rum
1864 3196 1982 3228 cum
2013 3173 2247 3228 adultera
2278 3166 2685 3246 deprehenderis,

1717 3260 1945 3310 animum
1968 3259 2165 3329 potius,
2186 3275 2345 3328 quam
2372 3257 2567 3310 Factum
2586 3254 2686 3306 esti·

1717 3359 1858 3392 mare
1878 3339 2133 3404 debuisti,
2154 3358 2210 3392 se
2235 3341 2387 3410 quasi
2413 3358 2509 3392 suo
2522 3342 2629 3408 jure
2645 3346 2683 3384 et

1716 3420 1943 3490 legitime
1960 3421 2371 3491 amplexantium
2387 3458 2402 3482 ,
2418 3439 2524 3472 non
2543 3433 2594 3470 ut
2610 3415 2681 3467 tibi

1715 3501 1957 3569 injuriam
2005 3499 2241 3551 facerent
2260 3535 2276 3564 ,
2330 3511 2504 3549 torum
2546 3492 2683 3549 viola·

1716 3591 1851 3630 rent.
1876 3579 2139 3630 AEuooms.

1784 3657 1833 3723 4.
1878 3655 2075 3731 Eligat.
2117 3655 2299 3729 Eli-qus
2338 3672 2390 3709 et
2432 3656 2608 3729 υεΗεξ,
2642 3663 2681 3701 21

1714 3737 1823 3802 det,
1848 3748 1901 3788 et
1920 3735 2201 3802 custodias,
2228 3749 2280 3789 et
2302 3736 2513 3788 dederis.
2538 3732 2679 3802 Quam

1712 3816 2003 3870 adulterum
2021 3855 2041 3882 ,
2078 3829 2180 3868 ete.
2218 3819 2439 3869 Senum.
2470 3815 2614 3887 Elige
2638 3821 2677 3859 ω

1716 3899 1820 3971 ipse
1842 3897 2049 3971 qualem
2068 3917 2105 3950 s.
2124 3897 2283 3950 velles
2298 3911 2497 3970 pamm
2512 3897 2675 3952 mitem,

1714 4001 1763 4033 a.
1801 3980 1856 4052 f
1898 3981 1987 4032 det
2026 3999 2097 4031 m.
2138 3981 2191 4030 d.
2235 4000 2278 4032 c.
2319 3999 2447 4053 quos
2476 3974 2675 4030 dedere·-

1714 4078 1879 4132 quum
1902 4057 2186 4124 adulteros,
2212 4058 2395 4112 AErod.
2422 4051 2673 4113 castadius,

1715 4157 1878 4212 marg.
1904 4138 2161 4211 ejusdem.
