2855 4871
568 349 693 414 332
1072 347 1168 411 M.
1216 345 1465 409 FABII
1510 344 2140 426 QUINTlLIANl

566 499 763 544 sum:
800 469 983 544 nihil
1016 469 1289 541 minus:
1322 494 1490 540 nam
1523 466 1582 537 si
1609 466 1792 538 filius
1825 493 2022 538 meus
2053 468 2336 538 fratrem
2368 467 2668 539 occidis-

566 610 664 661 set
681 645 709 691 ‚-
731 609 997 687 patrem
1040 585 1253 684 impie
1292 603 1640 656 accusaret
1661 579 1685 654 ε’
1713 583 2002 656 demens
2037 611 2266 673 eram,
2301 585 2494 682 quod
2531 613 2668 657 res-

568 702 899 802 pondere¹
932 723 1076 773 tam
1105 699 1362 772 furiose
1389 721 1727 799 poteram,
1757 725 1976 796 quam
2009 700 2064 771 si
2093 700 2314 771 vivere
2349 727 2518 771 cum
2557 727 2666 788 eo,

568 844 782 916 quem
816 835 1130 889 cruentas
1157 841 1410 887 manus
1449 815 1704 888 habere
1748 815 2089 888 sciebam?
2127 817 2253 887 erit
2289 842 2454 915 ergo
2482 816 2665 888 adeo

569 959 715 1005 non
748 932 1108 1005 damnatio
1140 931 1269 1004 ista
1297 930 1422 1003 filii
1447 931 1626 1022 mei,
1651 952 1732 1003 ut
1758 931 1969 1031 possit
1991 930 2204 1003 videri
2227 931 2434 1004 etiam
2457 931 2667 1002 abso-

569 1048 767 1122 lutio.
811 1051 975 1120 Haec
1016 1075 1143 1147 ego
1188 1048 1273 1120 de
1314 1073 1517 1119 causa
1550 1047 1702 1120 dico
1736 1047 1991 1146 ipsius:
2037 1047 2439 1147 permittetis
2476 1047 2660 1118 mihi

572 1164 645 1236 in
668 1190 951 1236 summa
969 1183 1156 1261 parte
1176 1189 1393 1235 causae
1408 1161 1510 1233 uti
1526 1162 1734 1234 etiam
1750 1187 2044 1260 persona
2065 1190 2241 1235 mea.
2263 1165 2408 1261 Ego
2425 1162 2660 1252 istum,

570 1283 627 1355 si
652 1281 883 1353 filium
906 1304 1149 1351 meum
1176 1279 1566 1370 occidisset,
1590 1278 2079 1352 defenderem?
2098 1277 2376 1376 qualem
2401 1305 2514 1349 me
2541 1305 2663 1376 pa-

570 1415 748 1467 trem
772 1393 1141 1494 judicatis?
1168 1419 1529 1493 asperum3
1561 1415 1629 1466 et
1659 1421 1786 1494 ego
1819 1421 1943 1493 pro
1975 1394 2120 1466 filio
2149 1393 2491 1468 mentiar?
2523 1392 2662 1464 mi-

572 1532 712 1584 tem
737 1569 755 1600 ,
806 1509 1332 1611 indulgentem3
1382 1531 1450 1583 et
1488 1536 1616 1610 ego
1659 1538 1803 1584 non
1845 1510 2206 1584 vindicabo
2254 1509 2496 1600 illum,
2534 1508 2658 1607 qui

574 1627 835 1700 occisus
874 1624 1018 1699 est?
1050 1626 1231 1699 inter
1262 1626 1512 1700 liberos
1551 1626 1698 1698 haec
1733 1653 1879 1699 una
1916 1625 2305 1699 differentia
2345 1644 2444 1696 est
2474 1621 2658 1722 apud

574 1743 895 1814 animum
930 1741 1172 1842 patris,
1209 1741 1397 1840 quod
1424 1768 1699 1841 semper
1726 1741 2064 1844 majorem
2087 1742 2318 1813 locum
2336 1738 2548 1811 habet
2567 1739 2655 1827 is,

575 1858 682 1959 cuj
692 1886 772 1931 us
790 1859 1221 1932 miseremur.
1243 1862 1490 1957 Neque
1512 1859 1626 1932 hic
1646 1886 1808 1932 sane
1837 1879 2208 1950 meruerat,
2229 1879 2308 1929 ut
2333 1885 2375 1929 a
2395 1883 2508 1928 me
2529 1855 2656 1925 nisi

575 1975 913 2047 innocens
943 1973 1452 2048 defenderetur.
1487 1977 1718 2046 Reum
1752 2001 1866 2045 me
1900 1972 2152 2045 detulit
2172 2030 2192 2064 ‚
2227 1971 2459 2043 sordes
2489 1967 2655 2039 mihi

575 2090 840 2180 induit,
870 2090 960 2161 ad
985 2089 1302 2190 judicem
1322 2091 1625 2181 vocavit,
1654 2091 1899 2164 sentiet
1922 2092 2052 2163 hoc
2079 2091 2284 2190 quale
2308 2090 2424 2177 sit,
2443 2115 2655 2186 quum

577 2225 1073 2278 testamentum
1104 2206 1399 2280 scribam
1426 2235 1440 2277 :
1477 2207 1745 2299 sentiet,
1769 2235 1994 2305 quum
2015 2206 2277 2280 tristitie
2298 2205 2658 2304 indulgen-

581 2319 757 2393 tiam
786 2347 1020 2394 meam
1047 2323 1370 2422 requiret.
1407 2324 1606 2414 Quid
1637 2345 1737 2397 est
1764 2324 1969 2424 ergo?
2000 2324 2318 2414 mentiri,
2344 2350 2433 2394 ne
2457 2322 2652 2394 iratus

581 2437 873 2539 quidem
902 2465 1228 2538 possum:
1266 2461 1365 2513 est
1397 2441 1583 2514 filius
1615 2463 1986 2515 contumax
2005 2500 2024 2533 ,
2061 2463 2161 2514 est
2185 2442 2400 2542 patris
2428 2441 2530 2513 sui
2555 2465 2654 2509 ac-

580 2553 895 2629 cusator?
939 2555 1060 2627 sed
1100 2556 1383 2630 fratrem
1422 2584 1569 2630 non
1612 2559 1876 2631 occidit.
1917 2562 2158 2658 Neque
2191 2586 2320 2657 ego
2353 2558 2556 2631 istum
2587 2556 2648 2625 in

582 2669 729 2742 ulla
774 2670 910 2742 alia
951 2691 1141 2769 parte
1180 2670 1683 2744 absolvendum
1724 2693 1933 2772 puto:
1980 2700 2109 2745 nec
2149 2672 2357 2744 hodie
2399 2672 2550 2742 veni
2585 2670 2651 2738 in

580 2786 715 2859 hoc
737 2786 1085 2886 judicium
1114 2808 1476 2885 tamquam
1505 2788 1870 2861 advocatus
1897 2818 1910 2860 :
1947 2789 2125 2862 nihil
2161 2790 2420 2889 rogabo
2442 2846 2461 2879 ‚
2495 2784 2648 2858 nihil

584 2901 993 3000 precab0r2:
1025 2902 1204 2975 illud
1232 2924 1507 2977 tantum
1535 2930 1708 2977 meae
1737 2905 2010 3004 pietatis
2044 2905 2302 3005 gratia,
2333 2930 2504 2975 meae
2527 2924 2651 2973 tan·

585 3037 738 3087 tum
767 3018 1202 3092 conscientiae
1230 3047 1438 3094 causa
1465 3021 1722 3094 faciam
1741 3079 1760 3115 ‚
1786 3048 1875 3095 ne
1898 3021 2132 3094 videar
2160 3021 2377 3094 istum
2407 3015 2649 3091 silentio

588 3156 927 3230 presslsse.

1447 3264 1858 3359 SERMOJ

679 3435 778 3499 Ne
803 3460 1002 3526 quem
1022 3456 1315 3506 vestrum
1336 3440 1536 3508 ducat
1553 3442 1663 3508 illa
1683 3443 1963 3533 specieS,
1989 3458 2065 3506 ut
2081 3440 2389 3507 videatur
2405 3440 2508 3505 hic
2529 3456 2648 3502 esse

590 3540 841 3632 aliquid
866 3551 1185 3647 momenti
1202 3549 1547 3617 habiturus
1571 3552 1746 3640 apud
1763 3550 2021 3642 judices
2035 3602 2051 3631 ‚
2073 3553 2127 3617 si
2147 3548 2576 3616 miserabilem
2593 3564 2648 3608 se

596 3650 855 3716 fecerit:
888 3654 942 3718 si
970 3656 1209 3723 amisso
1234 3658 1444 3724 altero
1473 3658 1610 3725 filio
1636 3657 2026 3745 deprecatus
2052 3657 2255 3722 fuerit
2276 3680 2401 3747 pro
2411 3656 2645 3747 juvene.

672 3848 714 3881 1.
753 3832 903 3903 Quod
940 3836 1251 3903 respondere.
1290 3838 1421 3888 Tam
1456 3840 1600 3909 quod
1750 3854 1798 3888 2.
1831 3834 1990 3890 Nihil
2015 3836 2280 3908 precabor.
2311 3832 2473 3886 Nihil
2493 3832 2646 3902 depre-

548 3968 555 3975 ,
598 3913 925 3983 respondere,
958 3915 1088 3969 Obr.
1116 3946 1189 3957 —
1214 3918 1347 3969 Tam
1372 3915 1592 3987 fiat-lose.
1676 3917 1843 3981 cabor,
1877 3928 1936 3968 ut
1968 3934 2090 3969 mox
2121 3918 2174 3966 in
2215 3933 2487 3979 sermone,
2513 3914 2644 3963 Fran-

601 3987 729 4039 Tam
744 3991 979 4060 furioso,
1004 3994 1202 4049 Schult.
1230 3995 1361 4049 Tam
1381 3996 1599 4063 curioso,
1682 4000 1828 4061 cius;
1852 4010 1905 4049 et
1928 3999 2000 4049 ita
2023 3996 2204 4050 AErod.
2223 3994 2520 4049 -St'lentt'o
2535 4004 2644 4064 pm·

598 4065 849 4122 Obrecht.
1678 4076 1808 4131 sisse.
1834 4075 2014 4130 AErod.
2035 4075 2325 4149 perdidisse.
