2855 4871
529 372 1370 442 DECLAMArloNEs.
1417 375 1837 439 ccnxvn.
2143 398 2225 467 97

729 644 1781 669 mmmmmmmm
1784 648 2229 669 mmm

921 822 1463 926 cc'van.

485 1090 689 1163 Flens
715 1090 812 1161 ad
840 1112 1102 1175 arcem,
1137 1086 1477 1185 depositor
1504 1089 1900 1185 tyrannidis.

171 1296 514 1353 Amen-ne.
537 1276 918 1351 ,unanima
943 1309 1037 1349 sn·
1064 1308 1261 1348 Aeno.
1295 1288 1420 1365 Qui
1451 1288 1846 1371 tyrannidem
1878 1288 2245 1373 deposuerat

243 1392 348 1453 sub
383 1405 564 1472 pacto
604 1388 994 1463 abolitionis,
1025 1385 1445 1469 juxtaarcem
1480 1386 1631 1448 flens
1674 1387 2087 1472 deprehensus
2124 1406 2243 1453 est:

241 1488 530 1549 affectatae
555 1485 902 1569 tyrannidis
934 1506 1072 1545 reus
1098 1497 1208 1544 est.

849 1684 1549 1749 DECLAMATIO.

257 1850 409 1918 Non
458 1846 602 1935 fui,
645 1846 958 1947 judiceS,
1008 1844 1266 1917 dubius
1310 1873 1390 1917 eo
1438 1867 1787 1945 tempore,
1840 1875 1979 1944 quo
2019 1851 2251 1947 poeni-

177 1961 369 2032 tentia
386 1960 716 2064 juvenilis
749 1960 1156 2033 temeritatis
1189 1961 1697 2060 rempublicam
1727 1962 1993 2062 legibus
2026 1991 2103 2035 ac
2133 1992 2257 2063 po-

179 2077 381 2148 testati
416 2076 724 2165 reddidi,
767 2077 941 2173 quin
987 2076 1165 2149 mihi
1198 2077 1499 2148 multum
1534 2078 1947 2169 vexationis,
1990 2078 2127 2151 sive
2165 2078 2255 2151 ab

183 2191 382 2281 iratis,
416 2193 558 2264 sive
592 2194 680 2264 ab
706 2192 955 2265 invidis
985 2192 1388 2265 immineret
1417 2220 1431 2263 :
1458 2219 1588 2265 nec
1614 2194 1806 2265 enim
1830 2194 1957 2267 iste
1988 2222 2259 2268 accusa-

183 2329 282 2378 tor
299 2308 498 2380 hodie
523 2309 775 2379 futurae
800 2308 1190 2405 tyrannidis
1219 2314 1294 2379 in
1315 2308 1671 2409 judicium
1703 2310 2058 2383 descendit
2085 2339 2099 2382 :
2131 2338 2259 2383 nec

185 2423 343 2496 mihi
377 2424 604 2496 ullum
639 2424 1012 2497 imminere
1046 2422 1436 2524 periculum
1472 2453 1551 2497 ex
1583 2453 1665 2498 eo
1700 2426 2031 2514 crimine,
2069 2426 2260 2525 quod

189 2541 572 2631 intentatur,
613 2541 922 2642 intelligo
958 2570 972 2613 ε
1017 2563 1440 2642 quapropter
1478 2564 1547 2615 et
1588 2543 1788 2615 initio
1827 2543 2153 2630 actioniS,
2193 2564 2265 2615 et

189 2684 298 2755 per
318 2685 600 2732 omnem
627 2659 1010 2731 orationem
1039 2659 1227 2731 nihil
1250 2659 1476 2759 magis
1496 2660 1901 2731 faciendum
1923 2656 2100 2730 mihi
2120 2686 2263 2731 esse

192 2771 518 2872 intelligo,
571 2801 788 2873 quam
832 2794 910 2846 ut
956 2775 1274 2845 invocem
1322 2773 1682 2873 publicam
1731 2772 1981 2862 fidem3
2035 2793 2113 2845 ut
2153 2773 2265 2866 id,

194 2888 360 2983 quod
388 2889 744 2961 remisistis
764 2945 782 2976 ,
818 2889 1019 2990 cujus
1044 2888 1353 2961 oblivisci
1384 2888 1737 2986 optimum
1763 2887 2049 2987 putastis
2068 2946 2083 2972 ,
2121 2915 2267 2960 non

193 3000 355 3074 intra
376 3004 583 3075 verba
611 3004 821 3076 modo
838 3062 858 3095 ‚
890 3005 1342 3103 primumque
1368 3003 1794 3103 promissum
1824 3004 2119 3092 steterit3
2150 3003 2270 3076 sed

193 3117 450 3212 penitus
497 3117 791 3206 animis,
838 3146 916 3190 ac
964 3139 1198 3191 mente
1246 3119 1643 3217 impetrasse
1674 3119 1926 3190 videar.
1976 3117 2275 3216 Reliqua

197 3231 354 3305 adeo
385 3233 591 3334 longe
636 3261 677 3305 a
708 3235 1098 3334 suspicione
1142 3235 1470 3327 affectatae
1513 3234 1899 3332 tyrannidis
1932 3234 2271 3326 aberunt,

201 3367 270 3418 ut
287 3351 564 3448 propius
587 3370 898 3448 spectent
919 3350 1006 3422 ad
1033 3350 1493 3450 posteriorum
1522 3371 1917 3448 temporum
1943 3349 2275 3448 poeniten·

199 3463 374 3538 tiam.
406 3470 780 3566 Lacrymas
813 3469 1101 3567 quidem
1134 3469 1380 3540 miras!
1419 3469 1476 3540 si
1513 3467 1616 3538 his
1652 3467 1726 3538 in
1748 3467 2017 3570 judicio
2038 3481 2056 3511 ¹
2093 3489 2278 3539 tem·-

205 3583 502 3676 poribus‚
528 3583 744 3656 etiam
771 3585 846 3656 in
874 3584 1001 3656 hac
1026 3612 1196 3684 pace
1219 3606 1286 3657 et
1307 3583 1807 3683 tranquillitate
1827 3640 1846 3672 ,
1877 3583 2275 3682 degendum

279 3804 315 3839 1.
355 3791 628 3863 lacrymas
669 3788 882 3866 quidem
921 3793 1113 3844 miras!
1151 3792 1194 3843 si
1273 3792 1597 3843 restituimus
1636 3809 1701 3842 ex
1732 3787 1991 3841 Obrechti
2031 3783 2285 3838 emenda-

205 3863 282 3915 Ιώ
313 3867 363 3920 in
385 3871 628 3942 judicio,
663 3885 764 3922 etc.
809 3873 867 3922 ln
907 3872 1191 3922 Burmann.
1273 3875 1450 3938 tione,
1496 3891 1654 3943 quam
1697 3884 1876 3924 secuta
1925 3881 2003 3920 est
2052 3881 2103 3920 et
2154 3866 2281 3919 edit.

205 3941 324 3996 edit.
341 3945 444 4000 haec
467 3951 541 4001 ita
567 3969 624 4002 se
643 3948 844 4002 habent
865 3971 878 3999 ε
905 3949 1026 4001 Lac.
1047 3948 1192 4021 quid.
1276 3953 1484 4023 Bipont.
1502 3952 1570 4002 In
1574 3951 1783 4023 judt’cio
1800 3962 1976 4000 autem
1992 3947 2172 4017 degere
2186 3957 2283 4008 est,

203 4041 359 4094 meas,
376 4029 418 4081 si
437 4029 522 4082 hic
541 4031 598 4081 in
603 4051 656 4103 1
675 4049 791 4102 quae
813 4047 976 4101 quum
991 4029 1196 4081 nullum
1275 4031 1470 4081 morari
1485 4066 1502 4096 ‚
1534 4042 1592 4079 ut
1626 4027 1809 4080 Cicero
1842 4025 1971 4076 dixit
2000 4048 2021 4070 α
2044 4021 2283 4076 habitare

207 4119 406 4159 sensum
432 4111 766 4181 probabilem
795 4111 1098 4178 efficerent,
1123 4113 1198 4165 sic
1283 4131 1305 4155 a·
1325 4111 1379 4162 in
1400 4109 1540 4161 foro.
1563 4131 1585 4156 n
1615 4109 1706 4161 En.
