2855 4871
609 423 1446 491 DECLAMATIONES.
1494 426 1831 495 CCLXX.
2148 438 2265 501 113

183 550 522 651 prehendi
551 577 634 620 ex
661 550 865 621 turba
891 550 1491 621 circumstantium
1521 550 1772 624 credite
1801 579 1816 623 :
1846 552 2053 655 hujus
2080 584 2273 629 mor-

181 688 326 738 tem
352 666 648 764 optavit:
681 691 862 735 num
890 664 1276 736 occidetur?
1307 691 1450 736 non
1470 723 1487 755 ,
1513 687 1596 738 ut
1622 666 1905 766 opinor:
1938 695 2079 742 non
2109 699 2270 772 ergo

185 782 336 880 ipsa
383 780 571 879 optio
615 779 689 851 in
733 806 934 851 causa
978 779 1218 852 mortis
1264 800 1398 868 est,
1441 780 1563 852 sed
1608 782 1679 853 id
1698 839 1716 872 ,
1766 805 2045 881 propter
2082 786 2271 885 quod

185 898 374 996 optio
411 895 615 967 valet.
645 898 832 967 Tuta
872 915 970 967 est
1010 896 1140 968 hac
1181 896 1586 969 defensione
1629 898 1773 969 filia
1815 925 1973 970 mea
1991 956 2010 989 ,
2054 921 2155 992 et,
2195 924 2277 974 ut

188 1014 367 1101 dixi,
389 1011 730 1083 sententia
748 1038 1030 1110 quoque
1055 1033 1527 1084 accusatorum
1547 1068 1565 1099 ‚
1591 1040 1849 1085 secura.
1876 1014 2074 1104 Quid
2100 1016 2275 1088 mihi

187 1126 434 1200 accidit
449 1154 662 1227 supra
679 1126 866 1199 haec?
887 1154 1110 1199 unum
1134 1128 1360 1200 adhuc
1383 1129 1849 1228 patrocinium
1873 1158 1889 1202 :
1915 1158 2060 1203 non
2082 1133 2275 1204 enim

187 1242 322 1315 hoc
363 1263 636 1314 tantum
681 1242 835 1314 dico
875 1270 890 1313 :
934 1243 991 1314 si
1034 1243 1148 1315 ille
1193 1270 1335 1314 non
1379 1243 1745 1342 rapuisset,
1781 1271 1989 1317 causa
2031 1246 2277 1319 mortis

187 1382 333 1429 non
361 1356 686 1444 fuissem3
720 1355 840 1428 sed
871 1355 1049 1428 illud
1073 1356 1282 1429 etiam
1308 1372 1356 1447 ¹,
1381 1362 1439 1430 si
1470 1357 1613 1430 filia
1642 1358 1819 1430 mihi
1844 1386 1989 1431 non
2018 1362 2279 1459 paruis-

184 1493 324 1560 set,
355 1498 566 1543 causa
587 1472 828 1543 mortis
852 1498 997 1543 non
1022 1472 1343 1545 fuissem:
1369 1472 1518 1565 haec
1535 1528 1554 1561 ‚
1589 1473 1810 1545 sinon
1830 1473 1989 1575 jure
2015 1476 2279 1547 occisus

183 1609 394 1678 esset,
423 1588 484 1659 si
509 1614 732 1659 errore
753 1608 1022 1661 tantum
1041 1588 1321 1688 perisset
1337 1645 1354 1677 ,
1381 1588 1703 1662 dicerem.
1726 1594 1933 1663 Nunc
1954 1590 2132 1663 illud
2149 1592 2279 1664 uti-

185 1730 323 1802 que
357 1704 540 1777 inter
561 1730 676 1776 me
706 1725 773 1776 et
797 1726 1066 1803 partem
1095 1705 1433 1777 diversam
1465 1707 1829 1779 conveniat
1855 1734 2127 1780 necesse
2150 1730 2281 1796 est,

185 1846 330 1891 non
361 1846 561 1919 posse
583 1846 747 1892 eum
785 1821 1121 1911 accusari,
1149 1821 1274 1921 qui
1303 1848 1489 1893 unus
1516 1822 1621 1893 vel
1654 1822 1953 1894 attulerit
1982 1846 2279 1896 mortem

187 1937 533 2027 nocentis,
556 1937 612 2008 si
632 1938 758 2010 erit
775 1964 959 2011 unus
979 1965 1058 2010 ex
1079 1939 1184 2010 his
1198 1996 1216 2029 ,
1235 1938 1320 2009 de
1341 1938 1600 2037 quibus
1621 1939 1856 2037 paullo
1877 1959 2033 2010 ante
2050 1939 2283 2038 loque-

184 2051 440 2122 bamur
469 2080 484 2123 :
515 2050 622 2123 vel
661 2075 1036 2143 accusator,
1068 2053 1175 2125 vel
1208 2054 1469 2141 testis2,
1498 2052 1602 2124 vel
1627 2052 1874 2152 judex,
1908 2052 2015 2124 vel
2048 2052 2278 2125 index.

187 2167 574 2239 Videamus
594 2169 801 2265 igitur
821 2196 910 2240 an
926 2168 1083 2266 jure
1110 2188 1338 2265 raptor
1361 2167 1450 2238 sit
1468 2168 1757 2257 occisus,
1781 2188 1849 2239 et
1870 2167 1967 2238 sic
1994 2194 2281 2265 agamus

186 2304 550 2379 tamquam
571 2283 802 2354 adhuc
819 2284 997 2354 vivat
1014 2340 1031 2372 ,
1057 2302 1418 2381 tamquam
1446 2281 1673 2381 adhuc
1694 2282 1781 2353 de
1803 2309 1885 2354 eo
1904 2303 2277 2380 quaeratur,

187 2428 277 2474 an
295 2399 520 2473 occidi
535 2421 876 2500 raptorem
893 2419 1216 2500 oporteat.
1233 2402 1393 2472 Non
1411 2398 1635 2472 educo
1650 2400 1935 2473 alteram
1954 2398 2167 2472 filiam
2192 2400 2280 2471 ad

263 2569 310 2604 ι.
349 2551 451 2606 Sed
483 2551 626 2605 illud
658 2555 834 2605 etiam.
874 2557 996 2606 Haec
1030 2573 1200 2626 usque

191 2634 264 2686 ad
291 2633 348 2685 τὸ
373 2635 587 2706 fitissem
621 2636 948 2688 restituimus
979 2655 1043 2688 ex
1074 2633 1226 2687 edit.-

193 2714 313 2784 Rip.
329 2715 516 2766 omissa
531 2715 588 2765 in
608 2713 778 2766 Hack.
801 2729 851 2766 et
865 2717 1038 2766 Burm.
1057 2733 1200 2766 nern—

191 2809 269 2861 pe
295 2809 410 2862 quar
435 2809 636 2843 sensum
663 2791 964 2844 absolutum
993 2806 1045 2844 et
1074 2811 1200 2844 con-

189 2870 536 2920 structionem
558 2869 772 2940 plenam
794 2870 1044 2922 efficiunt.
1069 2871 1162 2922 En.

267 2965 314 2999 2.
344 2948 402 3002 V
393 2946 450 2999 el
469 2959 754 3012 accusator,
787 2947 869 3001 vel
896 2950 1042 3000 testis.
1070 2949 1198 3000 Cer-

187 3043 300 3081 tum
345 3042 426 3081 est
460 3029 550 3081 hic
588 3029 753 3082 reiata
791 3030 950 3082 fuisse
988 3029 1194 3099 singula

185 3107 408 3180 singulis
419 3149 438 3174 ‚
459 3107 528 3160 de
547 3107 742 3184 quibus
759 3109 813 3159 in
835 3109 984 3159 initio
1007 3107 1196 3161 Decla-

185 3191 434 3242 mtion'ts
449 3212 462 3239 :
473 3186 694 3259 Alioqui
707 3189 802 3239 ista
821 3189 1020 3240 ratione
1032 3197 1084 3237 et
1099 3185 1194 3238 ille

183 3268 281 3338 qui
319 3276 590 3319 nocentem
626 3266 916 3332 accusavit,
956 3278 1052 3317 etc.
1089 3264 1193 3316 Sed

183 3345 318 3396 illud
351 3343 438 3397 vel
469 3345 672 3395 videam
690 3381 706 3406 ,
737 3343 882 3416 quod
914 3361 978 3396 eo
1011 3343 1195 3395 reserri

185 3439 488 3498 oporteret,
507 3439 556 3478 et
579 3423 672 3477 ine
689 3426 781 3498 qui
801 3423 1062 3478 adulteros
1085 3443 1194 3476 ma·

185 3507 296 3558 ritis
317 3505 579 3576 prodidit,
606 3503 732 3574 quid
753 3503 912 3575 piane
935 3503 1194 3572 significet

185 3585 399 3652 ignoro.
419 3583 660 3634 Meminit
677 3595 818 3633 certe
838 3581 1194 3648 Quintilianus

185 3665 346 3736 hujus
361 3665 500 3730 loci,
513 3663 606 3716 lib.
623 3665 742 3727 vu,
758 3681 877 3732 cap.
890 3661 942 3728 3,
961 3661 988 3733 §
1004 3661 1191 3714 32-332

193 3771 214 3794 ι
234 3750 358 3800 lin-c
387 3747 558 3798 finitio
591 3759 670 3798 est
706 3744 1025 3797 accusatoris
1052 3767 1064 3796 ε
1097 3747 1197 3796 Per

191 3853 216 3876 ι
235 3849 398 3901 quem
413 3831 612 3880 factum
630 3841 734 3892 est,
749 3840 809 3878 ut
825 3829 939 3897 quis
955 3828 1164 3896 perierit
1176 3865 1194 3892 ,

193 3933 216 3954 ι
237 3927 402 3960 causa
419 3910 598 3959 mortis
613 3921 692 3958 est
710 3929 721 3956 :
737 3907 814 3957 rei
827 3919 904 3956 est
919 3926 932 3957 τ
949 3907 1056 3974 Qui
1069 3905 1194 3958 fecit

189 4015 216 4037 ι
235 3989 370 4060 quid
383 3991 584 4054 sciens,
599 4006 696 4060 per
706 3986 851 4058 quod
863 3987 1066 4038 homini
1081 4006 1196 4058 per·

191 4091 216 4112 ι
233 4071 318 4120 ire
359 4086 578 4120 necesse
619 4080 775 4118 esset.
817 4067 1036 4118 Remota
1079 4064 1197 4116 fini-

195 4171 220 4192 s
238 4149 424 4211 tione,
452 4147 748 4200 accusatori
774 4157 854 4198 sat
881 4159 959 4198 est
987 4143 1195 4198 dicere:

411 4235 459 4286 6.

1286 2576 1307 2600 ιι
1327 2553 1500 2605 Causa
1513 2557 1694 2606 mortis
1710 2555 1880 2606 fuistis
1896 2573 1910 2604 ε
1927 2571 2023 2624 per
2034 2571 2127 2604 vos
2142 2553 2281 2603 enim

1287 2653 1308 2678 ι
1329 2633 1530 2684 factum
1544 2645 1649 2696 est.‚
1669 2647 1728 2683 ut
1743 2632 1904 2684 homo
1922 2631 2114 2700 periret
2125 2668 2141 2695 ,
2158 2632 2282 2700 quia

1288 2731 1310 2756 ι
1331 2711 1435 2763 nisi
1467 2729 1559 2762 vos
1596 2710 1727 2762 illud
1760 2710 2045 2774 fecissetis,
2068 2711 2277 2760 viveret.

1285 2812 1307 2836 α
1328 2793 1522 2842 Contra
1536 2829 1551 2858 ,
1574 2810 1683 2842 non
1703 2791 1876 2843 statim
1892 2807 1988 2858 per
2004 2807 2159 2858 quem
2175 2789 2282 2840 fac-

1283 2883 1437 2922 ·tum
1461 2884 1566 2936 est,
1590 2884 1649 2922 ut
1674 2873 1791 2941 quis
1814 2872 2037 2941 periret,
2062 2870 2105 2920 is
2130 2867 2281 2921 dam-

1284 2971 1306 2994 ·
1325 2950 1441 3000 nari
1465 2947 1625 3000 debet
1640 2987 1656 3014 ‚
1680 2961 1739 3000 ut
1768 2961 2071 3013 accusator,
2099 2949 2245 3002 testis
2262 2986 2278 3012 ,

1281 3053 1302 3076 ι
1315 3029 1480 3104 judex
1502 3033 1575 3082 rei
1597 3029 1853 3101 capitalis.
1877 3030 1989 3080 Nec
2008 3029 2280 3082 undecun-

1279 3130 1301 3155 ι
1324 3129 1426 3180 que
1461 3127 1623 3161 causa
1658 3109 1835 3174 fluxit,
1867 3106 1941 3159 ibi
1971 3107 2130 3178 culpa
2162 3123 2275 3160 est:

1279 3210 1301 3233 α
1322 3199 1382 3238 ut
1413 3188 1459 3238 si
1483 3189 1570 3238 cui
1598 3189 1713 3257 quis
1742 3187 2125 3258 profectionem
2159 3204 2281 3238 sua-

1279 3290 1300 3314 ·
1320 3270 1475 3334 serit,
1491 3281 1580 3320 aut
1594 3270 1817 3320 amicum
1835 3268 2122 3320 arcessierit
2137 3280 2277 3320 trans

1282 3372 1304 3396 κ
1323 3368 1495 3414 mare,
1518 3365 1570 3401 et
1588 3350 1631 3400 is
1652 3350 1924 3419 naufragio
1947 3350 2184 3418 perierit:
2211 3347 2279 3400 ad

1280 3453 1302 3475 ι
1324 3447 1529 3482 coenam
1562 3431 1820 3492 invitarit,
1859 3444 1911 3482 et
1944 3431 1988 3480 is
2020 3429 2277 3482 cruditate

1279 3531 1302 3556 ι
1323 3509 1431 3560 illic
1468 3523 1739 3560 contracta
1776 3506 2079 3572 decesserit,
2122 3520 2222 3559 etc.
2250 3532 2272 3556 ι

1274 3588 1408 3638 Fieri
1421 3605 1547 3637 vero
1564 3599 1763 3657 potest,
1778 3599 1836 3635 ut
1855 3603 2015 3656 quum
2033 3587 2105 3635 ita
2120 3588 2280 3657 scrip-

1275 3681 1561 3732 tumesset,
1590 3665 1671 3718 vel
1691 3677 1977 3728 accusator,
2008 3665 2090 3717 vel
2117 3667 2273 3730 testis,

1277 3746 1361 3799 vel
1355 3749 1522 3819 judex
1529 3783 1547 3811 ,
1574 3747 1627 3798 in
1642 3747 1877 3816 margine
1896 3744 2085 3814 aliquis
2108 3743 2277 3796 adno-

1276 3837 1465 3888 tasset,
1488 3823 1599 3876 vide
1620 3843 1690 3876 an
1717 3823 1896 3886 index,
1920 3820 2062 3894 quod
2082 3825 2135 3872 in
2162 3835 2276 3872 tex-

1273 3919 1386 3958 turn
1396 3907 1676 3977 irrepserit.
1696 3907 1797 3954 Aut
1807 3907 2009 3954 sancita
2024 3901 2279 3972 legamus,

1277 3985 1358 4036 vel
1371 3985 1571 4057 judex,
1600 3981 1683 4035 vel
1714 3983 1885 4034 index.
1916 3985 2088 4050 Atque
2122 3984 2278 4060 etiam

1274 4065 1366 4117 illo
1395 4065 1516 4116 loco
1545 4062 1856 4130 Quintiliani
1887 4058 2093 4110 mallem
2123 4059 2277 4110 index

1277 4145 1351 4198 rei
1373 4141 1635 4215 capitalis,
1663 4139 2009 4212 quamjudex.

1964 4229 1994 4281 8
