2855 4871
570 407 1412 476 DECLAMATIONES.
1463 410 1877 476 CCCXLII.
1930 485 1933 488 ⁴
2146 417 2269 500 407

169 535 420 610 fraude
445 555 512 610 et
537 536 744 635 culpa
771 563 894 608 sua
923 535 1148 608 redire
1175 535 1245 606 in
1271 536 1666 610 servitutem
1693 538 1934 610 voluit.
1964 542 2045 610 In
2075 539 2274 611 liher-

169 673 308 724 tate
341 673 580 724 autem
614 653 878 750 putavit
914 677 1056 724 esse
1093 651 1510 750 legumlator
1540 653 1754 724 etiam
1794 680 1944 744 eos»,
1976 653 2095 751 qui
2130 680 2275 726 non

172 767 528 840 voluntate
562 765 833 838 domini
865 766 938 838 in
967 766 1283 838 libertate
1312 785 1539 838 essent
1558 824 1578 856 ,
1608 767 1783 840 sicut
1812 795 1927 840 eos
1946 825 1965 858 ,
2002 769 2123 867 qui
2153 769 2280 840 ab·
2392 775 2399 780 ’

174 882 488 956 sentibus
535 881 840 954 dominis
883 880 1120 978 aliqua
1161 908 1282 980 pro
1327 881 1567 953 liberis
1613 883 1947 980 egissent:
2002 904 2070 954 et
2120 883 2281 956 ideo

173 998 530 1099 adjectum
559 999 760 1071 estin
788 998 974 1098 lege,
1001 997 1148 1088 Qm
1178 1018 1621 1072 VOLUNTATE
1645 1019 1912 1072 nomm
1941 1021 2015 1070 m
2044 1019 2283 1072 unnu-

173 1134 372 1186 TA'rE
412 1133 700 1186 FUEmT.
741 1115 924 1211 Ergo
958 1112 1168 1185 etiam
1201 1112 1414 1186 invito
1455 1113 1746 1186 domino
1779 1135 1999 1213 potest
2030 1114 2283 1211 aliquis

175 1255 324 1302 esse
367 1229 442 1300 in
488 1228 840 1319 libertate,
879 1228 1097 1300 invito
1139 1249 1375 1310 autem
1423 1255 1567 1300 non
1612 1249 1831 1327 potest
1876 1257 2017 1302 esse
2059 1230 2236 1302 liber
2260 1258 2280 1316 3

174 1343 374 1414 aliud
423 1365 522 1416 est
563 1345 636 1416 in
686 1343 998 1428 libertate
1047 1371 1226 1434 esse,
1275 1344 1470 1415 aliud
1515 1344 1821 1418 liberum
1868 1373 2033 1418 esse.
2082 1347 2284 1416 Hanc

177 1458 420 1556 igitur,
449 1458 538 1530 de
561 1486 700 1557 qua
728 1458 1091 1555 quaeritur,
1116 1459 1271 1530 dico
1292 1459 1641 1532 voluntate
1666 1479 1786 1530 tua
1812 1485 1957 1531 esse
1980 1459 2053 1530 in
2081 1458 2287 1531 liber-

175 1594 353 1646 tate:
404 1573 538 1646 hoc
583 1573 944 1673 quomodo
991 1574 1261 1672 probo?
1307 1600 1448 1672 quo
1498 1600 1640 1646 uno
1690 1574 1965 1673 probari
2012 1593 2279 1673 potest:

177 1689 345 1761 fecit
363 1687 634 1786 aliquid
666 1711 1028 1787 tamquam
1058 1688 1296 1760 libera.
1323 1688 1661 1763 Nondum
1691 1688 1882 1778 dico,
1913 1687 2001 1759 ad
2032 1687 2287 1786 piratas

179 1803 533 1901 pervenit:
576 1801 942 1874 dissimulo
977 1823 1045 1872 et
1079 1801 1289 1892 illud,
1327 1829 1469 1900 qua
1508 1829 1717 1874 causa
1744 1801 2041 1876 volueris
2064 1857 2083 1890 ,
2128 1829 2285 1874 eam

181 1921 254 1992 in
303 1920 620 1994 libertate
655 1947 798 1992 esse
838 1947 852 1990 ε
893 1919 1214 2010 interim,
1251 1919 1625 1992 et·vidente
1655 1939 1755 2009 te,
1804 1939 1871 1992 et
1893 1939 2241 2016 spectante
2266 1973 2286 2008 ,

179 2037 423 2108 habitu
454 2056 783 2108 matronae
806 2035 964 2108 fuit.
983 2037 1134 2107 Hoc
1159 2035 1316 2106 satis
1335 2057 1511 2121 erat,
1534 2035 1804 2108 etiamsi
1830 2055 2067 2132 postea
2090 2032 2291 2106 nulla

179 2172 409 2225 essent
443 2171 913 2250 consequuta:
947 2177 1038 2220 an
1069 2176 1226 2224 vero
1257 2152 1487 2250 majus
1518 2151 1755 2280 inkhoc
1782 2171 2111 2248 putamus
2142 2175 2285 2222 esse

181 2288 664 2355 momentum,
685 2287 766 2338 ut
793 2267 1353 2341 circumverteres
1383 2265 1825 2364 mancipium
1842 2281 1887 2353 ¹,
1915 2287 2039 2338 aut
2057 2265 2116 2337 si
2143 2289 2289 2340 una

179 2411 344 2457 voce
381 2382 691 2457 liberum
729 2409 872 2455 esse
903 2381 1228 2484 jusse·riS‚
1256 2408 1475 2480 quam
1516 2381 1573 2458 si
1612 2381 1935 2455 habitum
1972 2379 2283 2471 dederi5‚

179 2500 427 2575 stolam
452 2498 767 2573 dederis?
791 2499 981 2597 quod
1015 2526 1104 2572 ne
1141 2499 1589 2576 manumissis
1623 2500 1916 2597 quidem
1950 2498 2287 2571 omnihus

181 2614 542 2713 contingit.
577 2618 731 2687 Hoc
759 2615 912 2688 loco
943 2614 1112 2712 poni
1142 2614 1569 2695 solet²,illud
1596 2642 1610 2685 :
1641 2641 1818 2687 num
1848 2614 2079 2713 igitur,
2115 2612 2172 2682 si
2208 2612 2283 2683 in

181 2758 467 2804 scenam
496 2730 748 2811 misero
766 2787 785 2818 ,
823 2751 890 2803 et
921 2730 1124 2801 mimi
1161 2729 1505 2829 partibile,
1538 2748 1899 2826 tamquam
1930 2745 2285 2815 matrona,

181 2845 632 2945 processerit,
683 2844 936 2943 poterit
976 2842 1192 2915 videri
1239 2870 1401 2927 mea
1445 2840 1796 2916 voluntate
1849 2842 1921 2911 in
1975 2832 2285 2914 libertate

188 3046 210 3069 ι
227 3024 451 3077 Maenius
491 3036 688 3095 prator
721 3025 918 3095 jussus.
942 3046 964 3069 n
1010 3024 1075 3075 Et
1117 3022 1190 3072 ita
1272 3018 1422 3093 beret
1457 3019 1601 3071 abire
1616 3058 1631 3085 ‚
1665 3019 1823 3093 liceat
1854 3020 2087 3091 impune.
2128 3018 2285 3071 Hunc

187 3128 209 3151 ι
227 3104 520 3159 formulam
533 3107 787 3177 suijuris,
802 3103 1036 3167 ditionis,
1053 3116 1135 3155 etc
1143 3126 1186 3153 ,n
1272 3116 1477 3152 morem
1510 3098 1713 3151 notavit
1744 3098 2021 3169 Appianas
2037 3135 2055 3163 ,
2088 3094 2182 3147 lib.
2215 3098 2287 3149 lv

181 3206 315 3259 saepe
337 3186 498 3249 dixit,
520 3198 620 3239 etc.
636 3184 772 3239 Vide
792 3183 861 3236 ad
881 3184 970 3235 lib.
994 3183 1193 3248 XXVI,
1272 3176 1538 3232 bellorum
1568 3176 1801 3229 civilium
1818 3214 1834 3243 ,
1865 3191 2023 3249 atque
2048 3174 2116 3228 ad
2139 3175 2286 3229 hunc

184 3266 279 3333 24,
299 3278 354 3317 et
379 3265 676 3331 xxxvnl,
699 3280 760 3333 9,
786 3277 838 3313 et
863 3262 990 3315 alibi
1011 3284 1022 3312 :
1054 3258 1192 3313 male
1273 3259 1451 3313 allusit
1480 3260 1682 3311 Seneca
1710 3257 1779 3311 ad
1804 3256 2093 3325 Lucilium,
2123 3280 2145 3305 α
2165 3256 2288 3309 Phi·

181 3348 518 3419 ergo-forma
545 3345 724 3401 AErod.
749 3344 884 3397 Vide
917 3358 1096 3397 tamen
1127 3343 1195 3395 ad
1279 3360 1300 3384 κ
1321 3336 1579 3411 losophiae
1605 3339 1803 3391 servias
1831 3348 2073 3408 oportet,
2102 3348 2160 3389 ut
2188 3335 2287 3389 tibi

183 3426 332 3481 Decl.
357 3426 507 3491 xm,
531 3444 581 3495 9.
609 3426 779 3477 Bmm.
993 3418 1000 3427 ⁸
1271 3443 1302 3483 ,κ
1323 3421 1597 3491 contingat
1622 3438 1743 3473 vera
1771 3418 2003 3471 libertas.
2029 3418 2155 3490 Non
2182 3417 2287 3471 dif-
2349 3480 2357 3486 ο

271 3522 291 3557 1
304 3542 318 3556 .
369 3503 798 3571 circumvenerat
846 3502 1194 3575 mancipium.
1280 3525 1303 3550 ι
1323 3504 1494 3555 fertur
1510 3504 1565 3556 in
1586 3501 1728 3553 diem
1750 3503 1917 3571 quise
1936 3499 2011 3551 illi
2033 3498 2287 3571 subjecit,

181 3584 388 3636 Persius
406 3582 472 3649 V,
499 3601 589 3653 77:
623 3605 645 3629 a
665 3582 858 3653 Vappa
874 3594 927 3633 et
945 3580 1122 3653 lippus
1143 3594 1196 3633 et
1283 3607 1306 3643 ᾳ
1324 3585 1500 3637 statim
1521 3583 1913 3652 circumagitur.
1935 3604 1958 3627 υ
1982 3582 2161 3633 AEnoo.
2180 3580 2287 3648 Qui

189 3686 210 3709 ι
227 3664 284 3714 in
304 3662 456 3715 tenui
467 3662 736 3731 farragine
747 3660 996 3713 mendax:
1018 3663 1198 3712 Verte·
1275 3662 1427 3734 legit,
1454 3670 1804 3725 momentum,
1832 3660 1877 3711 si
1900 3660 2129 3711 vindicta
2144 3656 2287 3730 feri-

189 3763 211 3787 κ
229 3744 300 3795 rit
317 3741 464 3793 hunc
482 3740 728 3793 dominus
741 3777 758 3804 ‚
779 3752 1050 3791 momento
1072 3751 1196 3790 tem-
1274 3762 1376 3809 res,
1397 3755 1449 3795 et
1464 3743 1711 3795 circumv-

187 3846 210 3869 ι
228 3824 378 3896 poris
399 3825 506 3876 exit
523 3823 738 3875 Marcus
755 3822 940 3875 Dama.
965 3844 989 3868 n
1012 3821 1194 3887 Quum
1347 3842 1394 3875 2.
1424 3822 1542 3875 Hoc
1575 3819 1687 3873 Ioco
1716 3820 1849 3890 poni
1877 3816 2019 3871 solet.
2054 3818 2149 3869 Est
2178 3814 2284 3866 hoc
2342 3876 2388 3889 ἱ

181 3921 364 3957 servus
401 3903 872 3957 manumittebatur
885 3941 905 3969 ‚
942 3904 1194 3973 imposita
1269 3902 1549 3959 sermonis.
1570 3902 1721 3952 Pttrn.
1740 3894 1969 3967 Oppom',
1989 3890 2281 3963 Schulting.

183 3991 296 4059 ejus
326 3990 490 4060 capiti
517 4006 678 4039 manu
699 3985 1007 4039 vertebatur
1031 4004 1064 4037 a
1091 3983 1194 4037 do·
1275 3996 1330 4036 et
1345 3980 1601 4036 Obrecht.

185 4069 328 4121 mino
343 4106 360 4133 ‚
386 4086 494 4139 quo
517 4064 836 4137 significaret
856 4083 978 4117 eum
997 4066 1108 4135 jam
1129 4062 1194 4115 li·
1345 4063 1394 4115 3.
1416 4063 1485 4113 In
1506 4059 1789 4113 libertatem
1807 4072 1920 4107 esse.
1942 4053 2029 4107 Sic
2050 4053 2160 4107 cic.
2180 4071 2279 4125 pro

185 4144 376 4198 berum
413 4164 560 4211 esse,
599 4158 660 4197 ut
694 4146 742 4197 ei
773 4160 1098 4217 quocunque
1135 4140 1194 4195 li·
1273 4141 1378 4211 leg.
1395 4136 1579 4193 Manil-
1604 4151 1690 4187 υτ
1718 4134 1819 4187 «ln
1839 4133 2149 4205 praedonum
2168 4150 2283 4185 esso
