2855 4871
605 457 733 543 374
1103 455 1196 518 Μ.
1244 457 1497 520 FABn
1543 455 2190 537 QUINTILIANI

603 580 819 654 mihi:
844 580 1023 680 patri
1048 602 1167 653 tuo
1192 580 1483 669 credidi,
1513 579 1711 681 cujus
1737 608 1816 652 ex
1835 603 2030 681 parte
2051 581 2341 654 dimidia
2365 581 2554 655 heres
2579 611 2683 672 es3

602 707 824 770 assem
860 724 1003 770 non
1037 723 1323 797 possum
1357 723 1397 768 a
1433 718 1498 769 te
1539 717 1768 795 petere
1789 711 1838 786 ¹,
1871 697 2229 769 semissem
2269 718 2488 795 petere
2523 726 2684 798 pos-

603 839 781 888 sum.
826 815 1007 913 Ergo
1053 813 1321 885 etiamsi
1355 811 1812 886 conventione
1847 839 1933 885 aes
1972 813 2281 885 alienum
2321 815 2684 888 transfere-

600 928 805 1000 batur
832 955 873 1000 a
896 949 962 1000 te
980 941 1032 1018 ²,
1060 927 1219 1028 jure
1246 949 1484 1002 tamen
1519 948 1586 999 et
1611 928 1893 1000 veritate
1923 949 2068 1000 erat
2097 951 2162 1000 et
2193 947 2457 1000 meum.
2485 931 2686 1028 Igitur

602 1043 855 1116 tabulae
888 1070 1081 1116 novae
1118 1045 1342 1135 factae,
1372 1066 1516 1116 tam
1551 1069 1666 1116 me
1695 1043 1933 1116 debito
1968 1045 2162 1116 omni
2193 1043 2680 1135 liberaverunt,

603 1185 821 1258 quam
846 1182 911 1232 te
942 1186 955 1230 :
988 1158 1060 1231 id
1088 1159 1280 1231 enim
1312 1158 1766 1248 remiserunt,
1799 1159 1988 1256 quod
2015 1187 2094 1230 ex
2129 1181 2320 1260 parte
2347 1187 2388 1231 a
2417 1187 2532 1232 me
2559 1162 2684 1260 peti

602 1295 902 1374 poterat,
938 1302 1017 1346 ex
1053 1295 1243 1372 parte
1274 1302 1317 1346 a
1342 1297 1450 1348 te:
1491 1275 1615 1346 sed
1651 1275 1928 1348 animus
1965 1297 2204 1347 tamen
2248 1277 2306 1348 is
2347 1276 2481 1349 fuit
2519 1276 2684 1375 pacti

604 1389 815 1490 hujus
837 1448 856 1481 ‚
900 1405 979 1463 ut
1009 1412 1235 1463 totum
1268 1419 1357 1464 aes
1392 1391 1705 1464 alienum
1739 1419 1982 1464 meum
2025 1393 2218 1464 fieret
2252 1421 2266 1464 :
2310 1415 2684 1491 spectemus

606 1533 767 1604 ergo
811 1526 1038 1578 totum
1081 1507 1445 1596 animum3
1505 1533 1736 1607 neque
1779 1508 1970 1579 enim
2015 1533 2142 1606 ego
2183 1507 2582 1605 negaverim
2621 1507 2682 1576 id

602 1621 889 1694 intuitos
922 1649 1064 1694 esse
1102 1649 1264 1712 nos,
1298 1645 1367 1696 et
1396 1623 1490 1695 ita
1517 1624 1846 1723 cogitasse
1865 1679 1884 1713 ‚
1919 1644 1998 1693 ut
2029 1649 2240 1694 omne
2269 1649 2358 1694 aes
2385 1621 2684 1694 alienum

602 1756 677 1807 tu
697 1736 1009 1810 solveres.
1028 1739 1219 1810 Num
1238 1738 1501 1839 alioqui
1525 1739 1825 1812 dubium
1845 1758 1968 1830 est,
1989 1761 2109 1810 aut
2129 1739 2376 1812 deduci
2401 1738 2684 1810 omnino

602 1853 681 1924 in
724 1855 1257 1928 controversiam
1305 1855 1619 1955 potest3?
1658 1861 1768 1929 An
1805 1883 1931 1955 ego
1974 1856 2098 1928 tibi
2143 1878 2333 1956 parte
2373 1855 2516 1954 agri
2559 1855 2685 1926 mei

604 1994 915 2041 cessurus
962 1997 1107 2042 non
1150 1971 1444 2060 fuerim,
1489 1970 1625 2042 nisi
1669 1972 1722 2042 si
1765 1971 1956 2068 quod
2007 1972 2306 2068 pretium
2349 1970 2686 2042 solutums

603 2082 967 2156 videreris?
1000 2084 1197 2175 Quin
1230 2085 1285 2157 si
1326 2084 1470 2156 ulla
1495 2111 1648 2184 spes
1679 2085 1856 2156 mihi
1887 2111 2224 2156 novarum
2263 2085 2684 2170 tabularum,

604 2219 673 2270 et
710 2197 921 2298 hujus
964 2201 1327 2272 necessarii
1376 2200 1452 2271 in
1495 2199 1761 2272 civitate
1807 2221 2036 2271 nostra
2081 2199 2376 2272 remedii
2419 2199 2686 2285 fnisset,

606 2337 1003 2414 recepturus
1016 2318 1295 2407 fuerim,
1316 2316 1387 2387 id
1410 2319 1602 2415 quod
1623 2318 1886 2390 retineo
1905 2345 1920 2388 :
1945 2343 2105 2416 ergo
2119 2317 2257 2390 sive
2279 2318 2390 2418 jus
2408 2337 2686 2415 spectas,

605 2458 983 2506 commune
1018 2460 1104 2505 aes
1136 2432 1453 2507 alienum
1486 2433 1652 2527 fuit3
1693 2433 1942 2508 tabuloe
1983 2462 2176 2507 novae
2215 2435 2490 2534 utrique
2530 2462 2688 2533 pro-

602 2548 929 2638 fuerunt3
978 2570 1044 2622 et
1083 2572 1159 2621 tu
1202 2576 1347 2622 non
1390 2572 1607 2628 totam
1649 2550 1846 2623 aliter
1888 2548 2394 2649 possessionem
2439 2549 2689 2621 habere

604 2662 835 2755 debes,
854 2691 1068 2763 quam
1084 2666 1140 2738 si
1160 2690 1251 2743 πο
1262 2666 1573 2738 alienum
1590 2665 1868 2737 solveris
1885 2692 1899 2737 :
1919 2666 2058 2737 sive
2075 2664 2398 2737 animum
2413 2684 2686 2763 spectas,

602 2779 661 2851 is
688 2781 1043 2880 utriusque
1074 2782 1243 2873 fuit,
1276 2803 1351 2853 ut
1382 2803 1459 2853 tu
1483 2780 1888 2853 venditione
1911 2781 2056 2880 agri
2091 2806 2179 2852 aes
2213 2780 2534 2853 alienum
2567 2778 2688 2849 sol·-

601 2920 827 2983 veres;
860 2922 986 2995 ego
1012 2898 1424 2970 aestimatam
1453 2923 1568 2968 me
1589 2922 1800 2969 onere
1825 2924 1864 2969 a
1889 2916 1955 2969 te
1981 2895 2287 2986 liberari,
2316 2895 2427 2967 cni
2449 2918 2682 2993 agrum

601 3007 900 3080 dabam:
934 3036 1124 3083 nunc
1156 3012 1265 3102 id,
1302 3012 1496 3111 quod
1531 3033 1606 3083 tu
1639 3012 1814 3083 mihi
1853 3032 2296 3110 praestaturus
2327 3036 2520 3099 eras,
2553 3034 2686 3080 res·

604 3123 886 3223 publica
916 3147 1211 3223 praestat.

680 3328 724 3363 1.
766 3310 964 3363 Annon
1000 3331 1209 3386 possum
1255 3332 1287 3364 a
1331 3324 1379 3366 te
1414 3326 1606 3389 petere.
1688 3315 1760 3366 ad
1791 3324 1867 3380 te,
1900 3310 2101 3367 Schult.
2134 3311 2224 3364 Ad
2249 3324 2325 3379 te,
2357 3309 2488 3365 obt.
2515 3338 2588 3350 —-
2611 3308 2686 3359 ΕΣ

599 3388 926 3455 Thaddaeus,
967 3388 1056 3442 An
1091 3408 1312 3465 possum.
1356 3392 1609 3445 Praeclare
1684 3404 1836 3467 parte
1852 3414 1884 3445 a
1907 3406 1966 3447 te.
1991 3394 2181 3446 Omisit
2201 3382 2314 3445 baec
2337 3390 2517 3443 AErod.

599 3470 937 3525 doctissimus
974 3472 1255 3527 AErodins=
1288 3474 1466 3533 Assem
1501 3494 1610 3529 non
1761 3475 1810 3527 3.
1829 3472 2132 3529 PotestrAn
2151 3492 2264 3549 ‘5⁰-
2281 3472 2561 3527 Potestan.
2581 3470 2688 3541 Ego

594 3568 801 3626 possum
824 3572 857 3603 a
878 3564 927 3605 te
938 3564 1141 3625 ραι-νε,-
1166 3555 1413 3607 semissem
1436 3566 1609 3626 petere
1689 3556 1784 3609 tibi
1800 3573 1856 3626 p.
1881 3576 1930 3607 a.
1960 3572 2032 3605 m.
2062 3574 2282 3609 cessurus
2297 3554 2520 3627 fuerim,
2545 3552 2686 3603 Lati-

594 3653 818 3709 possum.
844 3634 979 3685 Nam
1006 3633 1154 3707 quod
1178 3636 1233 3687 τὸ
1258 3637 1345 3690 sed
1370 3638 1608 3707 interpo-
1687 3640 1825 3690 nius.
1851 3666 1924 3679 --
1951 3636 2069 3689 Νἰςί
2099 3638 2142 3689 si
2173 3636 2330 3709 quod.
2365 3636 2480 3687 Nisi
2507 3644 2563 3685 tu
2598 3633 2686 3682 hoc

598 3718 708 3782 nit,
748 3716 799 3767 ei
838 3714 1271 3769 condonandum.
1314 3718 1480 3771 Grion.
1518 3715 1606 3768 An
1683 3720 1945 3793 pretium,
1981 3716 2252 3771 Francius.
2282 3746 2354 3759 --
2381 3716 2688 3785 &capuanus

601 3816 705 3853 non
736 3816 943 3869 possum
970 3796 1112 3867 (vel,
1144 3820 1177 3851 a
1210 3798 1293 3869 te)
1326 3812 1501 3871 petere
1531 3816 1606 3852 se-
1675 3798 1877 3872 fuen'm
1905 3797 1959 3848 id
1983 3797 2128 3869 quod
2145 3801 2354 3850 retineo.
2381 3795 2590 3849 Scribe:
2619 3812 2686 3843 re-

600 3880 839 3931 missem?
868 3896 1091 3953 possum.
1130 3880 1349 3932 Scunt'r.
1393 3879 1607 3931 Grono-
1689 3892 1919 3933 tenturus
1948 3878 2148 3950 fiacr-im
2195 3879 2251 3931 id
2265 3917 2282 3945 ,
2326 3876 2462 3951 quod
2502 3888 2682 3947 repeto.

602 3959 741 4011 vium
766 3962 1005 4033 sequitur
1026 3958 1280 4013 Obrecht.
1685 3962 1850 4013 Gnou.
1875 3956 2188 4029 Acceptum-ue
2209 3976 2314 4011 non
2330 3954 2524 4027 fiterim
2543 3976 2565 4017 ‚·
2585 3951 2684 4017 vel,

602 4072 609 4079 ·
674 4056 721 4091 2.
738 4038 1159 4113 Tmnsferebatur
1173 4060 1206 4092 a
1221 4052 1285 4093 te.
1302 4038 1355 4091 A
1370 4058 1479 4106 me,
1496 4036 1605 4107 vel,
1687 4048 1980 4110 recepturus
2005 4056 2108 4090 non
2122 4036 2176 4109 f.
2203 4034 2401 4089 Schult.
