2855 4871
578 423 1419 489 DECLAMATroNEs.
1468 426 1816 491 cccxli.
2113 438 2238 527 ²59

156 550 279 621 illa
310 549 605 621 dixisse:
640 550 747 619 Ita
774 574 921 619 non
960 547 1294 645 deposui?
1328 549 1595 646 optime
1635 552 2030 630 mehercule
2063 561 2244 634 mihi

152 663 445 755 videtur,
484 688 561 734 ac
590 661 875 734 militari
908 661 1215 734 facinore
1240 661 1363 734 illa
1390 663 1808 741 exclamasse
1826 725 1846 756 ‚
1871 673 1906 741 Ι
1927 698 2151 767 nunc,
2182 698 2250 751 et

154 808 329 879 nega
364 806 379 851 ε
433 779 459 849 i
500 806 727 869 nunc,
774 800 840 851 et
878 778 1181 851 alienam
1213 781 1592 879 pecuniam
1625 806 1940 859 converte
1982 790 2058 863 in
2096 813 2248 866 tuas

158 893 610 993 cupiditates:
641 920 789 967 non
810 893 1023 983 uteris
1041 914 1279 967 tamen
1300 909 1347 964 ¹..
1372 896 1538 969 Erat
1559 922 2056 995 argumentum
2086 934 2249 1008 ergo
2327 922 2334 931 ’

154 1030 467 1100 tantum,
512 1008 705 1107 quod
747 1007 1041 1080 occidit:
1089 1034 1302 1107 quam
1342 1009 1521 1082 ultra
1559 1010 1952 1088 desideratis
1993 1023 2251 1118 proha-

158 1122 468 1199 tionem?
515 1124 766 1196 occidit
806 1124 1041 1196 statim
1086 1122 1487 1226 moriturus.
1528 1128 1952 1227 Frequenter
1984 1132 2256 1237 judicia

158 1240 567 1343 hujusmodi
606 1261 1028 1330 exercentur,
1070 1261 1148 1312 ut
1190 1240 1245 1312 si
1287 1268 1391 1313 res
1434 1242 1511 1315 in
1553 1244 1800 1318 notitia
1837 1246 2086 1322 dicitur
2112 1281 2254 1327 esse

161 1356 632 1445 servulorum,
666 1355 969 1454 torqueri
1006 1356 1359 1457 mancipia
1384 1356 1751 1431 videamus
1781 1388 1796 1431 :
1829 1361 1886 1433 si
1918 1390 2072 1436 mos
2101 1366 2258 1441 civi·

164 1471 303 1543 tatis
333 1492 405 1544 et
432 1470 742 1543 conditio
770 1469 1040 1542 militiae
1073 1492 1447 1571 pateretur,
1482 1500 1551 1544 se
1581 1473 1656 1545 in
1685 1495 2033 1551 tormenta
2060 1481 2258 1555 obtu-

162 1584 374 1675 lisset,
410 1585 623 1658 illum
648 1586 1107 1687 poposcisset:
1140 1614 1284 1660 non
1314 1588 1440 1659 tibi
1463 1589 1736 1662 videtur
1763 1592 2140 1691 praebuisse
2170 1596 2256 1669 de

167 1706 399 1777 animo
431 1731 559 1777 suo
596 1702 1091 1803 quaestionem?

170 1979 2256 2010 mmmmmmsmmmmw

952 2128 1534 2263 cccxnls

798 2416 999 2490 FaLso
1030 2418 1225 2490 coedis
1254 2418 1634 2495 damnatus

180 2617 299 2694 Qm
326 2637 505 2678 enims
532 2635 707 2678 amm
734 2634 1179 2690 mensuram-r,
1204 2636 1407 2689 niz-:qun
1431 2635 1864 2694 munnam-r,
1897 2641 2025 2679 IPSE
2048 2641 2264 2682 mmu-

258 2735 395 2776 τοι.
416 2717 863 2776 Dauum-ouum
886 2733 1201 2774 surrucm
1225 2733 1293 2772 rr<
1316 2734 1472 2772 num
1495 2727 1914 2787 rnicnsmum²
1939 2737 2270 2779 mrrnnffl-

261 2831 399 2872 run.
435 2813 753 2873 Accusavit
792 2809 1049 2890 quidam
1085 2821 1146 2868 et
1185 2808 1543 2868 damnavit:
1585 2811 1653 2868 in
1689 2809 1854 2869 diem
1889 2812 2267 2874 tricesimum

260 2907 441 2969 dilata
460 2908 778 2969 damnatio
793 2920 906 2968 est:
926 2893 1257 2966 intervenit
1270 2907 1345 2982 is,
1363 2907 1472 2989 qui
1493 2907 1728 2967 occisus
1749 2908 2092 2972 dicebatur:
2116 2915 2268 2996 petit

254 3028 385 3069 reus
412 3027 668 3090 poenam
692 3004 1081 3068 accusatoris.

1034 3193 1397 3260 SERMO.

264 3359 411 3422 Non
429 3358 557 3422 erit
573 3357 863 3422 alienum
876 3405 893 3438 ‚
913 3353 1309 3420 advocatum
1330 3352 1490 3419 dare
1512 3353 1670 3419 huic
1690 3355 2088 3419 accusatori:
2111 3357 2272 3420 fecit

188 3485 351 3543 rem,
378 3481 451 3530 ut
478 3463 863 3553 parcissime
898 3459 1141 3542 dicam,
1172 3462 1562 3552 poenitentia
1595 3457 1895 3550 dignam:
1935 3477 2002 3525 et
2032 3461 2268 3527 fortius

192 3565 579 3636 defendetur
613 3569 697 3634 ab
734 3568 899 3650 alio,
936 3584 1005 3634 et
1038 3568 1288 3659 majore
1323 3590 1478 3634 cum
1511 3565 1916 3634 verecundia
1949 3583 2269 3655 patronus

258 3773 300 3808 1.
325 3759 451 3811 Non
474 3759 645 3811 uteris.
678 3759 803 3810 Non
827 3757 983 3810 uteris
1010 3769 1183 3810 tamen
1337 3772 1385 3806 2.
1414 3757 1486 3806 In
1511 3757 1648 3808 diem
1672 3755 2001 3809 tricesimum.
2037 3757 2160 3808 Haec
2189 3753 2268 3807 lex

192 3857 271 3904 ea,
288 3839 465 3892 AErod.
482 3869 555 3881 --
568 3837 803 3892 Tantum
822 3838 962 3912 quod
979 3839 1180 3892 occidit.
1262 3851 1452 3911 postea
1493 3837 1560 3890 ab
1605 3840 1924 3910 imperatore
1965 3836 2269 3889 Theodosio

194 3916 355 3970 Etim
378 3938 431 3991 q.
456 3940 505 3972 ο.
528 3918 585 3970 id
602 3932 709 3986 est,
730 3919 933 3972 etiamsi
952 3916 1053 3970 alia
1070 3935 1180 3970 non
1260 3934 1514 3972 renovata
1546 3933 1642 3973 est.
1672 3919 1706 3970 l.
1739 3919 1784 3972 si
1809 3917 2078 3970 findicnri,
2113 3919 2171 3970 C.
2202 3917 2270 3968 de

194 3996 509 4050 accederent.
536 3996 754 4050 Senum.
782 3998 1015 4051 Tantum
1036 4009 1111 4050 est
1129 4015 1180 4070 q.
1260 4001 1450 4074 poeuis,
1481 4019 1600 4072 cap.
1628 4017 1794 4070 quum
1817 3997 1960 4067 apud
1983 3997 2270 4049 Thessalo-

193 4091 237 4124 ο.
264 4074 435 4128 AErod.
460 4105 534 4118 --
560 4076 641 4128 De
668 4077 850 4128 animo
875 4095 981 4130 suo.
1014 4078 1181 4146 Marg-
1262 4081 1436 4131 nicam
1455 4080 1530 4145 11,
1553 4089 1730 4152 quaest.
1753 4075 1805 4126 3.
1827 4076 2005 4127 AEnon.
2023 4077 2275 4128 —Inter-

200 4155 363 4210 AErod.
384 4159 450 4210 de
467 4157 649 4212 animo
668 4169 771 4210 ruo.
1266 4159 1407 4210 venit
1431 4158 1484 4208 is.
1513 4157 1731 4209 Interim
1757 4155 1900 4206 venit
1921 4155 1990 4221 is,
2017 4157 2269 4209 Latinius.

1908 4261 1988 4313 ¹7·
