2855 4871
590 385 715 465 344
1086 383 1183 446 Μ.
1232 381 1487 446 FABII
1531 380 2171 463 QUINTILIANI

588 532 774 578 cuso.
815 506 1040 577 Nemo
1076 504 1490 577 dubitaverit
1527 504 1708 576 hanc
1742 504 1970 604 legem
2009 531 2150 577 esse
2174 503 2674 606 justissimam:

588 618 708 691 sed
738 640 909 717 quas
937 645 1174 691 causas
1207 618 1491 708 habeat,
1517 640 1756 717 postea
1781 618 2039 689 dicam.
2061 621 2220 689 Non
2245 620 2553 690 accusavi
2586 641 2674 708 te,

584 737 857 834 inquit,
900 737 1186 835 capitis,
1235 738 1353 810 sed
1401 737 1822 836 injuriarum
1863 766 1878 809 :
1931 737 2244 835 primum
2289 738 2505 836 igitur
2549 738 2676 810 hoc

584 850 841 922 intueri
868 878 985 924 vos
1010 872 1306 951 oportet,
1333 851 1391 922 si
1422 849 1594 948 quid
1621 849 2106 940 damnatione,
2131 851 2188 921 si
2219 850 2388 950 quid
2415 852 2676 924 ultione

588 966 886 1064 dignum
933 995 1073 1039 non
1106 967 1351 1056 habet,
1380 966 1693 1066 justum¹
1729 965 1934 1038 debet
1955 953 2442 1066 judex'sequi‚
2481 967 2676 1040 debet

588 1083 789 1182 sequi
837 1085 1261 1182 proximum.
1310 1082 1522 1155 Nulla
1564 1101 1754 1154 tanta
1793 1081 2222 1180 providentia
2267 1083 2497 1181 potuit
2537 1110 2674 1155 esse

590 1224 876 1288 eorum,
916 1199 1039 1296 qui
1077 1199 1260 1295 leges
1298 1197 1852 1295 componebant,
1887 1216 1969 1268 ut
2003 1196 2264 1294 species
2300 1197 2672 1269 criminum

591 1311 1217 1411 complecterentur
1244 1337 1258 1379 ε
1292 1337 1463 1382 nam
1497 1330 1564 1382 et
1595 1337 1870 1409 semper
1901 1333 2213 1384 caventes
2241 1311 2553 1411 nequitia
2579 1312 2673 1382 vi-

592 1425 825 1513 cisset;
862 1425 1059 1524 etjus
1084 1424 1180 1497 ita
1205 1424 1569 1524 multiplex
1593 1446 1810 1523 atque
1847 1425 2186 1498 diffusum
2213 1448 2422 1514 esset,
2457 1449 2538 1499 ut
2563 1455 2673 1526 pro

590 1541 852 1613 incerto
900 1540 1275 1613 haberetur
1316 1542 1638 1640 ignotum
1675 1569 1692 1612 τ
1736 1543 2050 1613 fecerunt
2091 1569 2288 1641 erge,
2333 1563 2414 1614 ut
2453 1569 2670 1614 rerum

592 1682 849 1754 genera
864 1649 1526 1756 complecterentur,
1544 1678 1609 1730 et
1626 1677 2011 1756 spectarent
2030 1657 2248 1758 ipsam
2271 1658 2669 1757 aequitatem.

592 1773 819 1848 Multa
860 1802 1022 1874 ergo
1060 1775 1504 1848 invenientur
1539 1777 1957 1872 frequenter,
2001 1803 2152 1875 quae
2195 1777 2435 1874 legum
2469 1775 2672 1848 verbis

596 1919 740 1966 non
765 1911 1154 1984 teneantur,
1180 1893 1301 1965 sed
1330 1893 1482 1994 ipsa
1504 1893 1572 1965 vi
1602 1915 1671 1965 et
1703 1913 2029 1992 potestate
2053 1913 2420 1967 teneantur
2441 1921 2464 1964 ·.
2485 1891 2671 1990 quale

594 2011 730 2084 hoc
772 2031 889 2084 est.
942 2013 1120 2085 Sane
1171 2012 1364 2084 enim
1412 2011 1787 2084 concedam
1832 2013 1904 2084 in
1949 2012 2314 2113 praesentia
2345 2011 2510 2101 tibi,
2545 2037 2672 2082 non

590 2125 805 2198 fuisse
854 2127 1031 2199 illud
1063 2127 1413 2227 judicium
1464 2127 1702 2227 capitis
1741 2157 1756 2200 ε
1807 2128 1863 2200 si
1908 2149 2146 2201 tamen
2189 2128 2510 2200 eamdem
2543 2127 2669 2196 vim

596 2239 889 2330 habuit,
922 2269 1141 2340 quam
1172 2242 1530 2344 judicium
1573 2242 1854 2342 capitis,
1891 2244 2212 2316 eamdem
2251 2269 2526 2341 poenam
2555 2239 2671 2311 ha·-

594 2353 760 2425 bere
804 2353 1029 2426 debet.
1066 2355 1449 2455 Fingamus
1491 2355 1681 2429 enim
1725 2356 1926 2458 plura
1969 2385 2112 2430 esse
2154 2358 2446 2448 scelera,
2489 2353 2668 2428 sicuti

598 2489 799 2561 sunt,
830 2496 985 2569 quae
1017 2495 1239 2545 morte
1265 2473 1628 2572 punienda
1651 2473 1826 2546 sint:
1857 2502 2022 2547 nam
2053 2502 2274 2573 quum
2309 2473 2457 2545 lex²
2483 2471 2668 2545 etiam

596 2611 801 2675 eum,
848 2585 969 2683 qui
1011 2587 1189 2659 falso
1234 2589 1685 2680 accusaverit,
1729 2588 1946 2661 occidi
1987 2589 2191 2661 velit:
2237 2588 2666 2660 manifestum

598 2721 696 2771 est
722 2700 1192 2775 occidendum
1220 2730 1360 2777 esse
1386 2728 1550 2775 eum
1569 2760 1589 2793 ,
1626 2702 1745 2800 qui
1775 2702 2035 2803 templa
2064 2702 2488 2793 incenderit3
2517 2697 2670 2772 occi·

601 2815 917 2887 dendum
946 2846 1089 2890 esse
1118 2845 1281 2891 eum
1302 2875 1321 2909 ,
1355 2818 1478 2917 qui
1512 2818 1806 2917 patriam
1843 2819 2246 2918 prodiderit.
2277 2819 2446 2909 Quo
2477 2814 2666 2888 modo

676 2999 720 3033 1.
744 2986 967 3037 Jusmm.
995 2990 1109 3055 An,
1137 2992 1280 3044 debet
1301 2991 1450 3063 sequi
1471 2990 1604 3060 opti·
1691 3012 1714 3035 ι
1731 3008 1954 3060 genere,
1991 2990 2191 3061 inquit,
2227 2988 2340 3041 hoec
2367 3000 2666 3059 queruntur,

598 3084 772 3130 mum,
800 3069 1071 3138 quomodo
1098 3090 1303 3144 oequum
1330 3085 1382 3124 et
1410 3072 1606 3123 bonum
1693 3094 1716 3119 α
1735 3072 1818 3123 An
1847 3074 2056 3142 quoties
2085 3072 2304 3141 propria
2330 3068 2416 3121 lex
2441 3086 2546 3121 nou
2569 3078 2665 3129 est,

594 3146 926 3215 junguntur:
966 3146 1049 3197 vel
1069 3186 1085 3209 ,
1118 3152 1252 3217 justo
1286 3150 1602 3221 proximum.
1693 3173 1716 3197 α
1735 3148 1890 3202 simili
1913 3150 1980 3201 sit
2003 3146 2257 3201 utendum
2275 3170 2292 3199 z
2321 3166 2392 3201 an
2415 3145 2472 3199 id
2491 3146 2554 3197 de
2573 3161 2666 3215 qno

596 3222 821 3274 Senum.
841 3252 913 3263 —-
930 3224 1089 3276 Debet
1089 3226 1262 3297 judex
1278 3230 1420 3301 sequi
1435 3229 1608 3300 proxi·
1693 3250 1718 3275 ι
1737 3230 1936 3298 agitur,
1971 3228 2020 3279 ei
2047 3227 2117 3279 de
2151 3245 2260 3297 quo
2295 3228 2542 3297 scriptum
2571 3234 2666 3284 est,

600 3320 763 3353 mum.
789 3302 1062 3365 Julianus,
1082 3302 1173 3355 lib.
1197 3305 1409 3357 LXXIV
1433 3306 1610 3377 Diges-
1695 3328 1720 3353 ι
1739 3306 1905 3359 simile
1927 3307 2010 3359 sit.
2039 3305 2217 3359 simile
2245 3318 2422 3358 autem
2449 3317 2502 3355 et
2524 3304 2668 3370 majus

598 3394 805 3431 torum:
838 3403 861 3427 ι
880 3382 959 3432 De
984 3382 1177 3453 quibus
1201 3384 1373 3435 causis
1402 3386 1609 3455 scriptis
1697 3408 1720 3432 ιι
1741 3396 1851 3449 est,
1887 3400 1938 3437 et
1969 3402 2096 3457 par,
2129 3398 2180 3437 et
2213 3386 2424 3448 minus,
2457 3396 2551 3438 etc·
2569 3402 2590 3427 ⁸
2621 3380 2668 3428 ¹¹²

606 3474 629 3503 ι
648 3456 855 3528 legibus
876 3478 989 3511 non
1018 3462 1241 3527 utimur,
1272 3461 1327 3515 id
1352 3461 1612 3515 custodiri
1693 3465 1932 3519 eamdem
1959 3468 2071 3519 fere
2099 3465 2412 3518 sententiam
2437 3477 2492 3517 et
2511 3460 2669 3513 iisdem

606 3558 631 3585 a
650 3551 898 3609 oportet,
932 3540 1076 3613 quod
1113 3542 1351 3595 moribus
1388 3555 1444 3595 et
1479 3559 1612 3595 con-
1691 3546 1801 3598 fere
1833 3545 2007 3598 verbis
2035 3546 2211 3611 infra,
2241 3542 2479 3595 Declam.
2509 3538 2670 3593 OECL·

608 3638 632 3665 α
650 3615 931 3670 suetudine
951 3620 1225 3673 inductum
1240 3636 1319 3675 est
1336 3640 1349 3673 ε
1369 3636 1421 3674 et
1441 3622 1611 3694 siqua
1693 3624 1872 3677 AEnon.
1896 3654 1970 3663 —
1995 3624 2261 3695 Ignem.
2287 3618 2602 3697 lquor-antia.
2623 3612 2672 3666 ld

607 3724 630 3747 a
650 3702 705 3753 iu
742 3718 799 3753 re
834 3700 939 3754 hoc
974 3702 1261 3768 defecerit,
1301 3715 1429 3757 tunc
1463 3702 1613 3775 quod
1693 3716 1798 3767 est,
1827 3716 2048 3775 propter
2073 3704 2451 3772 ignorantiam.
2472 3694 2592 3748 Vide
2615 3692 2668 3745 ad

608 3806 631 3829 ι
652 3784 950 3855 proximum
976 3799 1029 3837 et
1058 3803 1392 3858 consequens
1420 3788 1469 3838 ei
1497 3800 1610 3851 est,
1691 3783 1983 3837 Declamm.
2007 3787 2059 3850 1,
2085 3802 2133 3835 2.
2157 3784 2380 3835 Senum.

610 3882 635 3909 α
654 3876 755 3914 etc.
778 3886 801 3911 n
836 3864 955 3915 Hoec
984 3865 1176 3917 nostris
1206 3864 1440 3936 vulgaria
1468 3876 1609 3919 sunt.
1767 3884 1814 3918 2.
1833 3867 1974 3917 Nam
1993 3884 2156 3938 quum
2177 3863 2278 3916 lex.
2297 3860 2567 3935 Numquid
2577 3857 2666 3915 1⁶¹3

602 3944 700 3997 nic
714 3963 840 3997 vero
856 3946 1005 3997 locus
1022 3946 1409 3999 ratiocinativus
1426 3945 1614 4018 appel·
1694 3944 1804 4009 vel,
1829 3962 2115 4016 numquam
2139 3942 2250 4010 lex,
2273 3954 2368 3995 etc.
2395 3941 2526 3995 volet
2542 3960 2558 3988 .-
2577 3954 2666 3987 ma-

604 4020 760 4087 latur,
770 4023 839 4076 de
852 4044 957 4095 quo
972 4023 1091 4077 vide
1105 4023 1249 4076 hunc
1268 4026 1444 4097 ipsum
1453 4024 1616 4090 Quin-
1697 4024 1942 4095 nifesmm
1953 4063 1970 4090 ,
1995 4035 2097 4077 etc.
2123 4024 2242 4076 Sca.
2257 4052 2332 4065 —
2353 4019 2664 4076 occidendam

602 4101 679 4153 til.
704 4102 794 4155 lib.
816 4106 937 4173 vu,
964 4124 1084 4175 cap.
1110 4105 1171 4174 8,
1198 4104 1242 4176 S.
1270 4124 1300 4177 7
1326 4130 1338 4157 :
1370 4128 1393 4153 α
1413 4108 1474 4157 ln
1497 4103 1602 4157 hoc
1695 4097 2662 4177 esseeum,q.t.ffi.tlecomittifflip.ssn·

2784 7 2792 204 l
