2855 4871
534 422 1378 490 DECLAMATIONES.
1427 424 1987 490 CCCXXXVII.

199 552 502 637 positum
529 566 768 640 potest.
795 550 922 613 Hic
943 572 1101 637 ergo
1123 572 1378 639 pauper
1397 547 1577 637 apud
1598 572 1704 615 me
1724 551 1893 613 mori
1914 550 2089 615 vult:
2114 574 2311 639 agere

198 655 446 735 debet,
489 672 566 721 ut
605 656 943 721 moriatur.
985 655 1162 739 Quid
1201 678 1358 744 ergo
1403 658 1545 721 est?
1583 678 1721 721 non
1762 658 1955 721 aliter
1994 657 2311 723 invidiam

199 762 398 827 diviti
437 762 636 827 faciet
672 763 1041 827 maximam.
1083 763 1300 827 Prima
1338 762 1617 852 quaestio
1656 762 1764 827 ina
1802 778 1937 844 est;
1972 787 2057 829 an
2096 786 2313 831 eausae

197 872 442 935 mortis
464 869 618 935 ideo
642 885 898 935 tantum
923 870 1056 935 sint
1079 866 1563 959 approbandae,
1588 892 1675 933 ne
1700 887 1925 959 turpes
1949 886 2267 959 pateant1.

1606 967 1609 993 Ι

2182 426 2309 515 377

914 1046 1613 1113 DECLAMATIO.

303 1194 496 1267 Mori
523 1194 703 1268 volo.
741 1195 1028 1271 Nullam
1063 1218 1208 1271 tam
1249 1198 1719 1271 inhumanam
1758 1197 2132 1297 quisquam
2164 1224 2314 1269 cre-

201 1308 467 1381 diderit
485 1337 628 1381 esse
649 1310 909 1409 legem,
937 1334 1018 1385 ut
1045 1314 1412 1387 hominem
1440 1314 1889 1388 innocentem
1921 1335 1990 1386 et
2014 1313 2314 1385 invitum

203 1423 526 1497 detineat
549 1426 621 1497 in
647 1427 827 1500 luce.
859 1429 997 1502 Sed
1024 1432 1118 1503 ita
1146 1432 1398 1531 scripta
1421 1430 1531 1505 lex
1559 1453 1695 1521 est,
1726 1452 1803 1503 ut
1826 1458 2103 1530 poenam
2135 1457 2315 1503 mor-

204 1540 292 1610 tis
324 1540 738 1614 constituat:
775 1543 1165 1643 insepultus
1194 1546 1570 1649 abjiciatur
1602 1548 1658 1619 is
1678 1604 1697 1637 ,
1734 1548 1856 1647 qui
1886 1574 2031 1618 non
2064 1573 2319 1645 appro-

206 1654 478 1726 baverit
519 1682 756 1729 causas
794 1688 809 1731 :
848 1659 1164 1732 irascitur
1206 1689 1367 1761 ergo
1411 1662 1523 1734 lex
1561 1663 1667 1750 ei,
1710 1662 1836 1759 qui
1879 1688 2025 1733 non
2059 1686 2319 1759 appro-

203 1769 386 1841 batis
435 1772 704 1885 senatui
749 1774 974 1847 causis
1024 1776 1356 1875 perierit:
1410 1804 1567 1876 quae
1614 1778 1922 1877 profecto
1976 1802 2119 1847 non
2174 1774 2319 1847 haec

208 1885 695 1978 existimavit²,
742 1916 1178 1988 quemquam
1230 1892 1412 1962 mori
1460 1891 1645 1963 velle
1692 1890 1846 1961 sine
1900 1916 2129 1961 causa.
2184 1888 2317 1961 Sed

207 2028 438 2097 quum
475 2002 734 2102 duplex
770 2032 992 2105 genus
1027 2032 1392 2079 causarum
1433 2006 1561 2096 sit,
1600 2005 1898 2078 alterum
1943 2032 2022 2075 ex
2064 2003 2320 2103 injuria

201 2118 544 2209 fortunae,
584 2120 879 2194 alterum
915 2150 996 2195 ex
1039 2122 1224 2195 mala
1262 2122 1726 2214 conscientia,
1765 2121 1897 2195 hoc
1938 2121 2172 2221 ipsum
2202 2149 2341 2193 vo-.

209 2233 341 2305 luit
373 2236 743 2335 approbari
773 2240 1089 2330 senatui,
1129 2266 1367 2313 causas
1395 2267 1539 2312 non
1568 2267 1711 2313 esse
1740 2238 2127 2313 deformes:
2166 2266 2321 2335 gra-

209 2378 322 2422 ves
353 2352 548 2423 enim
579 2380 723 2427 esse
748 2357 1200 2428 manifestum
1229 2376 1330 2427 est
1351 2413 1368 2446 ,
1408 2368 1634 2454 quum
1663 2357 1879 2429 homo
1915 2354 2094 2427 mori
2121 2353 2316 2444 velit3

207 2467 376 2540 inde
416 2471 688 2541 senatui
721 2498 867 2544 non
899 2473 984 2544 de
1013 2472 1145 2545 hoc
1179 2472 1745 2570 cognoscendum
1777 2494 1909 2560 est,
1942 2471 2051 2543 hae
2081 2497 2318 2568 graves

205 2612 434 2657 causae
479 2585 758 2676 mortis,
803 2615 895 2660 an
931 2585 1118 2660 non?
1159 2615 1396 2686 graves
1432 2588 1625 2660 enirn
1662 2587 1965 2685 imputat
2004 2583 2160 2673 ille,
2196 2591 2317 2683 qui

205 2701 392 2771 mori
421 2700 610 2774 vult:
644 2701 778 2774 hoc
812 2703 972 2775 satis
1011 2722 1130 2775 est.
1167 2703 1303 2774 Sed
1340 2702 1426 2774 de
1462 2729 1545 2774 eo
1580 2700 2042 2800 cognoscitur,
2080 2719 2321 2797 turpes

207 2815 354 2887 sint
380 2842 642 2906 causae,
671 2844 761 2889 an
797 2845 877 2890 ex
906 2815 1200 2918 injuria,
1235 2838 1311 2888 ut
1338 2816 1514 2907 dixi,
1548 2817 1844 2888 fortunae
1880 2811 2321 2913 proficiscan-

205 2951 360 3002 tur:
392 2930 642 3029 aliquis
671 2953 861 3006 metu
884 2930 1138 3034 judicii
1166 2929 1344 3003 mori
1367 2931 1557 3002 vult:
1592 2929 1847 3028 dignus
1882 2948 2022 3015 est,
2054 2926 2177 3026 qui
2209 2926 2323 2998 in·-

205 3047 536 3146 sepultus'
565 3046 930 3147 abjiciatur
963 3077 976 3120 :
1015 3047 1266 3144 aliquis
1302 3043 1722 3118 conscientia
1762 3040 1984 3142 turpis
2020 3041 2320 3143 alicujus

208 3159 455 3260 flagitii
479 3163 789 3254 admissi,
804 3165 1212 3264 priusquam
1236 3161 1593 3261 prodatur,
1616 3160 1795 3232 mori
1810 3157 1961 3230 vult
1974 3155 2043 3229 3?
2062 3157 2229 3256 dign
2238 3185 2319 3230 us

285 3351 336 3386 ι.
365 3337 450 3390 Ne
473 3349 647 3410 turpes
673 3348 904 3409 pateant.
933 3335 1180 3390 AErod'ms
1203 3373 1220 3400 ‚
1371 3333 1425 3385 3.
1473 3333 1789 3405 Priusquam
1839 3329 2099 3401 prodatur
2114 3364 2133 3393 ‚
2180 3327 2319 3379 mon·

201 3426 410 3485 petant.
432 3417 618 3469 Forte:
650 3435 716 3468 ne
742 3417 978 3489 turpibus
1003 3428 1217 3489 pateat:

1303 3409 1434 3464 vult.
1454 3411 1645 3463 Merito
1664 3408 1868 3463 addidit
1884 3405 2196 3460 conscientia
2218 3416 2320 3458 tur·-

205 3515 404 3569 nempe
431 3517 572 3550 mors
599 3498 914 3552 voluntaria.
944 3499 1106 3552 Giton.
1133 3501 1220 3554 Ne
1295 3496 1378 3567 pis
1391 3492 1611 3566 alicujus
1610 3491 1820 3570 flagitii
1832 3489 2060 3542 admissi.
2073 3489 2209 3540 Nam
2221 3486 2319 3559 qni

207 3596 320 3630 non
345 3589 514 3649 turpes
539 3589 772 3648 pateam.
806 3578 1022 3630 Senum.

282 3673 334 3710 2.
351 3659 480 3710 Non
500 3657 610 3710 hoee
627 3657 956 3712 existimavit.
975 3658 1102 3710 Non
1123 3657 1220 3710 hoc

207 3757 290 3789 ex.
335 3735 516 3790 AErod.
563 3767 637 3778 --
677 3737 780 3790 11ae
815 3753 996 3808 graves
1037 3754 1214 3788 eausoe.

205 3815 498 3882 Francius,
521 3815 604 3866 11oe
622 3833 806 3889 graves
823 3816 932 3868 sint
954 3833 1120 3868 causa·
1147 3833 1218 3866 m.

203 3915 278 3947 aa
317 3915 444 3948 non.
479 3925 556 3937 --
593 3897 784 3948 Graves
817 3894 958 3946 enim
998 3894 1220 3967 imputat

207 3973 322 4027 ille.
351 3973 688 4048 legendnm:
723 3975 914 4028 Graves
933 3975 1078 4026 enim
1095 3978 1218 4047 jam

201 4065 362 4125 putat
391 4053 504 4106 iue.
533 4054 698 4106 Gnos.
735 4054 923 4106 Graves
953 4055 1094 4106 enim
1123 4074 1220 4126 pu·

204 4145 321 4186 tat.-
347 4133 420 4184 im
445 4131 596 4184 fluxit
619 4151 680 4184 ex
705 4131 866 4184 enim.
891 4133 1110 4186 Senot-r.

1298 3577 1378 3626 rei
1403 3575 1641 3626 criminis
1671 3591 1783 3625 non
1809 3569 2102 3643 postulati,
2130 3587 2317 3622 manus

1301 3655 1402 3708 sibi
1438 3653 1749 3720 intulerint,
1786 3653 1933 3705 bona
1970 3669 2155 3704 eorum
2184 3651 2315 3705 fiseo

1298 3735 1667 3802 vindicantur,
1709 3737 1813 3788 nisi
1853 3746 2079 3806 propter
2116 3746 2317 3784 metum

1298 3815 1642 3868 conscientie
1692 3812 2109 3886 postulationem
2160 3823 2317 3862 ante-

1299 3899 1581 3963 verterint‚
1606 3909 1666 3948 ut
1690 3897 2042 3966 Papinianus,
2069 3892 2161 3945 lib.
2194 3894 2315 3944 XVI

1299 3992 1689 4046 responsorum
1726 3973 1963 4043 scripsit:
2002 3971 2151 4038 “Qui
2186 3988 2317 4041 pos-

1305 4075 1330 4102 ·
1349 4053 1551 4107 tulatus
1572 4066 1651 4104 est
1664 4089 1681 4118 ‚
1702 4051 1919 4104 omnino
1944 4050 1989 4102 si
2006 4048 2107 4102 sibi
2126 4069 2315 4104 manus

1304 4155 1330 4182 ιι
1351 4135 1545 4188 afferat
1564 4173 1581 4202 ‚
1621 4151 1723 4204 pro
1766 4132 2013 4184 confesso
2054 4128 2317 4194 habetur,
