2855 4871
720 420 1568 489 DECLAMATIONES.
1611 422 1692 489 X.

2126 422 2252 512 539

161 571 377 643 quam
422 543 687 617 invidia
727 572 890 617 cum
928 543 1354 636 calamitate,
1390 546 1511 644 qui
1534 602 1553 635 ,
1589 567 1669 617 ut
1702 545 2023 619 scelerate
2063 546 2256 620 vide-

163 685 309 730 rem
332 673 383 747 ¹,
414 682 559 729 non
597 658 825 757 recepi
860 658 1131 747 oculos,
1172 658 1292 729 sed
1335 658 1604 755 perdidi
1645 661 2044 732 caecitatem.
2084 660 2253 733 Vidi

164 775 377 847 miser
400 774 745 874 primum,
777 774 966 871 quod
990 773 1323 845 ultimum
1350 773 1659 847 videram
1678 790 1741 846 ²:
1769 776 2120 875 pendebat
2145 804 2257 848 ex-

163 890 517 982 stinctus³,
544 913 611 965 et
636 913 999 964 contentus
1018 889 1306 989 laqueus
1330 890 1782 963 adolescentis
1807 892 1978 963 colla
2001 912 2256 963 tenua-

162 1008 315 1079 bat:
340 1006 520 1108 proh
559 1005 785 1079 nefas!
825 1005 971 1077 haec
1010 1006 1084 1076 in
1126 1003 1352 1077 filium
1390 1031 1555 1077 cum
1592 1005 1812 1078 oculis
1844 1005 2020 1078 meis
2051 1032 2258 1087 vene-

162 1123 387 1195 rant4.
416 1123 485 1194 Ο
515 1148 730 1220 quam
760 1120 1045 1220 putasti,
1076 1145 1207 1193 nec
1234 1119 1565 1192 maritum
1591 1146 1790 1219 posse
1818 1121 2080 1192 sanari!
2103 1122 2252 1223 jam

160 1260 443 1339 tempus
467 1258 567 1310 est
586 1237 823 1309 fletus:
851 1236 1081 1309 immo
1092 1235 1248 1337 jam
1270 1256 1552 1335 tempus
1578 1256 1680 1308 est
1706 1236 2038 1308 caecitatis.

238 1444 283 1479 1.
313 1426 421 1498 Qui
444 1435 505 1476 ut
525 1423 765 1477 scelerate
792 1424 1041 1487 viderem,
1068 1436 1171 1476 etc.

162 1508 365 1561 Luxata
376 1507 495 1559 haec
507 1510 581 1559 ita
598 1526 830 1578 repono:
858 1505 1173 1559 calamitate.

162 1589 287 1641 Non
306 1586 481 1659 recepi
502 1584 692 1650 oculos,
713 1582 801 1639 sed
810 1582 1019 1657 perdidi
1035 1586 1176 1636 coeci-

165 1676 321 1717 tatem
333 1702 353 1731 ‚
370 1682 481 1738 qua
498 1673 588 1715 tua
604 1660 793 1715 scelera
806 1682 914 1715 mm
930 1662 1169 1715 viderem.

164 1747 389 1798 Senum.
441 1744 511 1797 Ut
549 1741 738 1797 scelera
781 1754 869 1795 tua
911 1742 1133 1795 viderem
1154 1782 1172 1810 ,

167 1827 325 1875 etiam
357 1824 649 1876 Francius:
686 1821 782 1875 sed
810 1835 977 1893 puto,
1005 1832 1065 1873 ut
1092 1830 1171 1886 te,

164 1902 438 1967 scelerate,
468 1902 709 1953 viderem.
740 1898 801 1951 ld
826 1914 934 1966 est,
962 1900 1173 1967 infelix,

164 1984 269 2036 vid.
300 1980 373 2035 ad
395 1982 580 2049 Quint.
604 1980 841 2035 Declam.
869 1982 919 2033 X
935 2018 952 2047 ‚
972 1981 1027 2033 6.

238 2085 289 2119 a.
330 2066 491 2137 Quod
516 2064 763 2119 ultimum
801 2064 1048 2117 videram.
1086 2066 1184 2115 Per

168 2148 403 2217 quietem
420 2163 629 2217 nempe.
654 2146 731 2197 Ita
752 2144 967 2197 Sueten.
988 2141 1057 2195 de
1070 2145 1176 2194 Au-

167 2238 325 2296 gusto
349 2224 491 2279 illius
514 2225 571 2276 in
592 2228 725 2292 vita,
744 2243 863 2297 cap.
885 2240 948 2294 91
974 2244 985 2275 =
1017 2247 1039 2271 κ
1058 2224 1176 2297 lpse

174 2329 196 2351 n
214 2322 315 2377 per
330 2320 491 2357 omne
504 2320 596 2357 ver
606 2303 836 2377 plurima
856 2316 909 2355 et
924 2298 1179 2355 formido-

174 2408 195 2432 ·
216 2385 483 2438 losissima
498 2396 551 2438 et
562 2402 698 2437 vana
714 2396 767 2437 et
785 2385 927 2435 irrita
942 2383 1178 2450 videbat,

175 2487 197 2510 κ
216 2463 427 2536 reliquo
450 2477 691 2534 tempore
713 2463 916 2515 rariora
938 2477 991 2514 et
1008 2463 1181 2515 minus

175 2568 197 2592 κ
216 2563 379 2598 vana.
402 2567 424 2590 ι·
450 2545 643 2596 sustin.
669 2546 785 2608 XV,
808 2545 872 2610 4:
905 2567 927 2591 ι
948 2544 1185 2596 Admira-

175 2647 197 2670 ι
218 2623 389 2676 bilem
415 2622 543 2674 fecit
572 2620 717 2674 hunc
738 2623 910 2672 visum
934 2635 988 2673 et
1010 2639 1184 2674 annu-

174 2725 197 2748 ·
218 2701 337 2766 lue,
354 2713 455 2752 etc.
478 2723 500 2745 ιι
521 2698 581 2749 Id
600 2713 708 2764 est,
724 2699 1014 2764 somnium,
1038 2697 1185 2770 quod

168 2781 341 2832 visum
372 2789 687 2830 nocturnum
718 2777 929 2848 plenius
965 2776 1097 2828 dixit
1126 2777 1182 2846 1,

169 2875 225 2927 7,
260 2869 323 2907 ut
356 2869 411 2906 et
442 2857 658 2908 Sueten.
693 2855 815 2907 loco
846 2857 935 2907 cit.
962 2855 1179 2922 Senum.

168 2939 301 2990 Non
328 2949 464 3006 puto
490 2935 576 2986 hic
604 2935 671 2987 de
703 2937 909 2988 somnio
941 2937 1057 3006 agi,
1090 2933 1185 2989 sed

170 3037 303 3072 vero
326 3019 459 3070 vien.
484 3015 604 3070 Vidi
632 3031 755 3089 post
782 3031 1029 3089 receptos
1050 3035 1185 3070 ocu-

173 3099 259 3150 los
285 3099 521 3168 primum
548 3096 640 3148 filii
666 3097 806 3150 tertii
835 3109 887 3148 et
914 3095 1075 3149 solius
1100 3115 1184 3148 su-

176 3177 415 3248 perstiti:
440 3176 603 3228 fimus
618 3213 637 3243 ‚
664 3185 724 3228 ut
748 3188 873 3229 ante
900 3178 1187 3230 cecitatem

1254 1421 1486 1475 videran-
1505 1422 1752 1475 ultimum
1769 1422 2002 1475 duorum
2019 1425 2261 1493 priorum

1254 1502 1470 1554 funera:
1492 1501 1615 1554 ideo
1637 1500 1764 1555 dicit
1781 1522 1838 1556 se
1858 1502 2145 1575 perdidisse
2166 1522 2263 1555 cae-

1255 1585 1464 1636 citatem
1479 1624 1493 1646 ,
1519 1582 1574 1634 id
1596 1598 1676 1635 est
1691 1622 1708 1650 ‚
1732 1586 1962 1636 fructum
1987 1586 2260 1652 caecitatis,

1254 1680 1371 1733 quae
1392 1658 1714 1734 prohibebat
1737 1662 2010 1735 adspicere
2034 1662 2264 1715 filiorum

1253 1757 1480 1805 mortes;
1511 1742 1619 1795 haec
1649 1762 1773 1796 vero
1803 1744 1940 1796 mala
1960 1749 2073 1817 jam
2109 1742 2264 1796 simul

1254 1840 1377 1874 cum
1398 1821 1568 1874 oculis
1587 1824 1642 1872 in
1661 1820 1826 1874 filium
1845 1821 2088 1874 ultimum
2109 1842 2265 1876 vene-

1254 1914 1396 1953 runt.
1426 1903 1506 1954 De
1538 1898 1702 1953 verbo
1727 1901 1964 1971 perdere,
1993 1900 2110 1953 vide
2143 1920 2266 1953 mox

1258 1982 1326 2035 ad
1356 1982 1506 2035 Deel.
1542 1980 1693 2043 xlm
1728 1995 1780 2034 et
1811 1982 1992 2049 Quint.
2027 1981 2172 2034 Decl.
2211 1985 2266 2049 1,

1268 2078 1359 2124 10;
1385 2076 1440 2115 et
1459 2063 1527 2127 V,
1551 2078 1600 2132 7.
1627 2058 1796 2113 Banu.

1326 2141 1393 2207 3.,
1408 2141 1756 2194 Exstinctum.
1782 2142 1959 2207 Forte,
1979 2140 2265 2207 exstinctu,

1257 2223 1338 2276 vel
1354 2240 1417 2274 ex
1432 2224 1591 2297 tigno.
1613 2226 1761 2274 Prru.
1781 2224 1993 2293 Integra
2005 2220 2120 2274 hec
2137 2224 2240 2275 sint
2251 2260 2268 2287 ‚

1258 2307 1305 2358 si
1339 2306 1485 2375 legas
1504 2342 1519 2370 ,
1547 2306 1808 2377 pendebat
1825 2307 2130 2357 exstinctum
2155 2320 2270 2359 cor-

1256 2404 1381 2458 pus,
1397 2394 1450 2438 et
1465 2394 1734 2438 contentus
1753 2383 1969 2458 laqueus
1985 2382 2272 2440 adolescen-

1264 2467 1325 2517 tis
1352 2462 1490 2518 colla
1519 2465 1784 2516 tenuabat.
1809 2465 2071 2516 Nimirum
2098 2468 2168 2516 ita
2193 2466 2271 2514 vi-

1263 2540 1413 2594 derat
1442 2545 1496 2593 in
1526 2544 1756 2595 somnis:
1791 2545 1864 2593 ita
1896 2559 2040 2594 nune
2073 2560 2156 2594 res
2189 2561 2272 2594 re-

1262 2622 1698 2696 proesentabatur.
1723 2625 1942 2676 Scuuvr.

1334 2707 1387 2772 4.
1410 2703 1537 2756 Haec
1556 2700 1806 2774 infilium
1827 2721 1942 2755 cum
1965 2700 2128 2756 oculis
2147 2703 2272 2756 meis

1264 2791 1526 2834 venerant.
1551 2779 1771 2846 Scribo,
1804 2781 1856 2831 in
1877 2778 2064 2853 filium
2093 2797 2269 2832 meum

1262 2861 1327 2912 ob
1359 2859 1536 2913 oculos
1565 2875 1704 2912 meos
1739 2870 2006 2911 venerunt.
2046 2857 2267 2912 Senum.

1262 2969 1333 2979 —
1349 2939 1464 2992 Nec
1481 2939 1727 2989 maritum
1743 2957 1888 3010 pom
1903 2937 2093 2990 sanari.
2112 2939 2175 2991 Et
2195 2941 2271 2992 sic

1262 3031 1434 3072 morte
1465 3019 1614 3072 istius
1646 3017 1740 3072 filii
1779 3035 2000 3073 vacuam
2031 3021 2144 3072 sine
2173 3019 2270 3074 he·

1262 3095 1391 3150 rede
1426 3095 1524 3150 tibi
1559 3097 1780 3150 domum
1813 3116 1984 3154 metm
2015 3099 2267 3154 futuram.

1264 3179 1488 3232 Sanum.
