2855 4871
654 473 781 550 340
1152 471 1247 534 M.
1294 469 1550 534 mnu
1594 468 2234 552 QulmTlLlAm

648 593 845 666 diasti
898 620 914 664 :
986 591 1163 664 nihil
1227 613 1494 665 certum
1561 592 2150 693 manifestumque
2212 594 2599 693 cognovisse
2657 616 2716 666 te

647 710 899 800 cred03
944 730 1217 782 tantum
1270 708 1671 808 repudiasti.
1719 708 2227 808 Qualecunque
2273 731 2502 783 tamen
2547 711 2714 782 istud

646 847 777 918 est,
824 853 970 898 non
1016 826 1438 899 mediocrem
1484 825 1698 898 habet
1736 853 2020 898 morum
2061 853 2350 899 suorum
2393 827 2718 901 defensio-

644 967 847 1031 nem,
872 941 979 1014 vel
1012 941 1232 1041 ipsam
1262 961 1675 1038 egestatem:
1714 940 1831 1014 illa
1860 941 2254 1041 prostituta,
2287 970 2444 1043 quae
2475 971 2542 1016 se
2573 971 2716 1014 om-

640 1058 845 1131 nium
866 1056 1218 1129 amoribus
1234 1056 1580 1156 permisit,
1603 1058 1790 1129 fame
1804 1057 1958 1158 jam
1983 1058 2320 1157 periisset,
2345 1058 2480 1132 nisi
2505 1059 2712 1132 filium

638 1172 1013 1245 habuisset.
1041 1174 1285 1272 Neque
1314 1171 1560 1271 ignoro
1587 1198 1748 1245 mea
1771 1170 1879 1244 vel
1909 1173 2224 1246 tarditate
2241 1229 2262 1254 ..
2286 1174 2392 1246 vel
2415 1201 2714 1247 verecun-

638 1287 757 1360 dia
798 1290 1098 1378 factum,
1138 1288 1328 1384 quod
1362 1287 1541 1360 mihi
1581 1314 1785 1360 causa
1822 1289 2066 1360 matris
2107 1316 2279 1362 meae
2313 1289 2431 1362 hic
2469 1289 2712 1388 agenda

634 1427 766 1496 est,
790 1404 976 1502 quod
996 1425 1140 1476 tam
1161 1431 1343 1496 sero,
1368 1403 1558 1503 quod
1583 1431 1774 1476 nunc
1798 1405 2090 1478 demum
2107 1461 2126 1496 ,
2157 1427 2524 1506 postquam
2548 1406 2707 1504 ipse,

636 1520 808 1591 dum
851 1520 1207 1610 misereor,
1249 1519 1542 1592 offendi.
1577 1520 1870 1591 Utinam
1909 1517 2242 1620 adjicere¹
2285 1521 2474 1621 apud
2513 1543 2576 1592 te
2607 1547 2711 1592 vo-

634 1634 871 1706 luisset
910 1633 1071 1724 illa,
1122 1660 1275 1731 quae
1316 1633 1496 1705 mihi
1532 1633 1844 1731 quotidie
1887 1632 2025 1705 ait:
2065 1635 2212 1723 Ita,
2255 1659 2384 1732 ego
2425 1634 2708 1706 adultera

629 1750 763 1822 hoc
795 1770 1105 1848 tempore
1124 1807 1144 1837 ,
1172 1749 1246 1820 in
1278 1749 1407 1820 hac
1437 1748 1884 1848 potissimum
1913 1768 2105 1822 aetate
2124 1806 2144 1839 ,
2182 1770 2338 1847 post
2367 1750 2590 1822 filium
2614 1807 2631 1838 ,
2653 1767 2706 1818 et

629 1884 786 1965 post
820 1865 1045 1936 filium
1079 1863 1456 1964 juvenem:
1502 1863 1804 1936 affirmat
1849 1862 2005 1934 ideo
2047 1889 2120 1934 se
2159 1863 2346 1936 cibos
2387 1865 2702 1964 accipere,

628 1982 787 2055 ideo
817 1981 1208 2081 protrahere
1236 1981 1450 2052 vitam
1470 2035 1490 2068 ‚
1527 1999 1604 2051 ut
1633 1978 1758 2051 tibi
1789 1978 1874 2050 de
1899 1977 2234 2078 pudicitia
2265 2007 2391 2052 sua
2424 1981 2700 2079 liqueat:

628 2119 795 2170 sunt
822 2099 951 2170 ista
969 2154 988 2188 ,
1019 2125 1173 2198 quae
1208 2123 1484 2169 movere
1515 2117 1582 2167 te
1611 2119 1889 2195 quoque
1919 2094 2296 2194 potuerint.
2321 2099 2471 2196 Ego
2499 2119 2701 2168 tamen

628 2213 703 2283 in
729 2213 1122 2311 praesentia,
1144 2212 1395 2284 omissa
1424 2210 1621 2283 omni
1649 2209 2086 2300 defensione,
2114 2210 2292 2283 illud
2317 2210 2700 2312 respondere

628 2350 989 2401 contentus
1032 2357 1233 2419 sum3
1286 2327 1876 2427 Qualemcunque
1923 2327 2109 2401 alui:
2161 2329 2584 2427 quantulum
2623 2347 2704 2397 est
2803 2414 2805 2440 Ι

628 2445 816 2517 enim
840 2504 859 2534 ,
890 2445 1077 2542 quod
1114 2444 1548 2543 praestiterim
1585 2470 1712 2543 ego
1748 2443 1895 2535 illi,
1934 2443 2144 2515 etiam
2185 2444 2542 2517 invidiosae
2571 2444 2700 2543 pie·
2801 2493 2803 2518 .

626 2563 781 2635 tatis
818 2560 1051 2633 filius?
1095 2587 1237 2633 non
1282 2560 1441 2661 plus
1483 2560 1558 2631 in
1599 2581 1898 2632 matrem
1937 2561 2240 2653 contuli,
2279 2589 2502 2662 quam
2541 2558 2698 2662 quod
2797 2569 2801 2670 '¹

626 2677 953 2777 patereris
986 2676 1233 2750 datum
1276 2702 1419 2748 esse
1457 2675 1820 2747 meretrici.
1865 2676 1996 2748 Sed
2038 2676 2220 2748 clam
2258 2698 2326 2749 et
2361 2678 2698 2777 ignorante
2795 2736 2797 2746 ,

628 2814 732 2864 te:
777 2792 964 2864 unde
997 2792 1176 2865 mihi
1216 2811 1478 2864 tantam
1517 2789 1955 2881 felicitatem,
2001 2812 2076 2863 ut
2112 2791 2244 2863 hoc
2288 2792 2558 2865 crimen
2589 2788 2698 2863 sit?
2793 2808 2795 2822 ·

624 2907 806 2977 Volo
832 2908 1062 3005 itaque
1089 2908 1514 3005 interrogare
1537 2905 1990 3004 praesentibus
2018 2906 2127 2979 his
2144 2963 2163 2998 ,
2189 2934 2363 3006 quos
2383 2908 2694 2981 habemus
2792 2894 2793 2898 ¹

623 3018 925 3118 judices,
957 3020 1128 3117 quid
1163 3022 1310 3091 fieri
1348 3021 1773 3119 oportuerit:
1812 3047 2048 3119 rogare
2086 3042 2152 3093 te
2197 3019 2462 3094 debui?
2488 3049 2694 3095 exora-

627 3153 735 3205 tus
766 3134 976 3229 igitur
1000 3134 1283 3225 fuisses,
1324 3136 1381 3207 si
1423 3134 1816 3233 petiissem?
1849 3136 1980 3208 hoc
2011 3136 2394 3237 responde,
2431 3138 2560 3211 hoc
2588 3162 2692 3207 an·
2783 3170 2785 3204 ι

630 3274 810 3339 nue,
850 3269 916 3318 et
962 3249 1226 3320 crimen
1270 3250 1722 3323 confitebor-².
1759 3250 2061 3325 Aluisses
2099 3278 2303 3349 ergo,
2343 3252 2403 3323 si
2448 3246 2692 3325 scisses?
2779 3300 2782 3359 ι

706 3495 724 3529 ι
736 3516 748 3529 .
771 3478 1023 3550 Acijicere.
1044 3478 1111 3530 Id
1128 3479 1309 3532 dicere.
1330 3481 1632 3533 Sonum.—
1711 3497 1928 3536 tuerunt
1945 3484 2248 3538 adnotantis
2260 3487 2318 3537 in
2331 3486 2590 3556 margine,
2605 3480 2688 3531 hot

626 3557 959 3611 Praestiterint
990 3580 1085 3634 eqo
1116 3559 1218 3613 illi.
1256 3562 1634 3616 Proestt'tert’m?
1711 3564 2068 3619 firmissimum
2093 3586 2210 3619 esse
2237 3578 2626 3638 argumentum,
2648 3572 2688 3610 et

624 3638 741 3712 qu
756 3638 848 3692 {ue
859 3641 1015 3693 etiam
1037 3644 1073 3693 ι’.
1092 3662 1148 3715 p.
1159 3642 1213 3715 f.
1232 3662 1338 3695 non
1353 3640 1506 3717 plus,
1529 3659 1629 3699 etc.
1711 3667 1896 3701 necem
1920 3666 1983 3701 ae
1999 3650 2244 3721 jugulum
2263 3650 2466 3702 afferre
2483 3646 2686 3714 adversa·

624 3720 773 3773 -Ut
791 3720 887 3775 hoc
903 3724 1117 3775 crimen.
1138 3724 1211 3775 Et
1229 3723 1327 3776 hoc
1344 3727 1634 3779 crimen.—
1711 3731 1809 3783 rio.
1857 3732 1992 3782 Nam
2037 3746 2192 3803 pater
2240 3733 2296 3783 in
2345 3740 2686 3802 quamcunque

628 3800 939 3872 oportuerit.
988 3802 1243 3873 oportuit.
1270 3832 1344 3843 —-
1366 3804 1486 3857 Hoc
1531 3824 1632 3859 res-
1709 3823 1917 3881 partem
1954 3809 2310 3882 respondeat,
2352 3829 2412 3861 se
2450 3820 2684 3861 exoratum

616 3882 808 3955 ponde.
827 3882 935 3934 Hic
958 3883 1217 3955 responde.
1236 3884 1416 3937 AErod.
1709 3890 1775 3941 iri
1795 3889 1874 3942 vel
1895 3908 2034 3957 non,
2059 3890 2258 3943 factum
2283 3890 2378 3942 filii
2403 3909 2513 3942 non
2535 3902 2684 3957 argut-

698 3978 745 4013 2.
778 3962 894 4013 Hoc
920 3963 993 4015 ad
1016 3980 1223 4029 πεσεηι,
1248 3965 1446 4016 crimen
1468 3962 1630 4037 confi·
1710 3980 1799 4021 tur
1829 3988 2047 4023 necesse
2083 3984 2178 4023 est.
2223 3972 2277 4023 si
2315 3984 2581 4022 exoratum
2609 3968 2679 4021 in·

627 4042 780 4092 tebor.
812 4044 1053 4097 Fortasse
1081 4047 1154 4097 ita
1184 4046 1391 4098 restitui
1416 4059 1628 4116 potest,
1709 4064 1835 4117 ergo
1861 4048 2139 4100 voluntate
2169 4050 2336 4120 patris
2369 4050 2562 4101 factum
2593 4056 2678 4099 est:

628 4120 725 4173 hoc
762 4142 965 4189 anniae,
1008 4138 1059 4177 et
1097 4126 1289 4177 crimen
1328 4122 1624 4199 confitebor.
1710 4126 1854 4197 quod
1887 4146 1916 4179 a
1949 4128 2060 4179 filio
2093 4129 2296 4179 factum
2327 4141 2443 4181 est:
2477 4128 2553 4179 sin
2581 4141 2678 4175 eon·

624 4196 727 4249 Sed
753 4201 1031 4270 cujusdam
1054 4202 1165 4254 haec
1192 4202 1356 4255 verba
1382 4222 1496 4257 esse
1527 4222 1627 4276 po·
1707 4219 1821 4274 tra,
1847 4221 1988 4260 recte
2013 4222 2065 4261 et
2086 4210 2176 4281 pie
2199 4210 2359 4277 feeit,
2383 4222 2438 4261 et
2459 4227 2522 4261 eo
2539 4204 2674 4273 mag&
