2855 4871
652 445 1491 517 DECLAMATloNEs.
1535 447 1808 513 XLIII.
2145 446 2268 536 587

166 679 1113 702 ”mmm

1055 847 1133 923 λ
1148 849 1214 924 L
1231 848 1266 923 I
1283 848 1317 923 l
1336 848 1397 923 Ι.

738 1035 949 1107 Soror
976 1034 1247 1133 infamis
1280 1032 1720 1107 immolanda.

174 1222 255 1283 In
262 1220 445 1285 famis
466 1220 656 1283 frater
677 1220 747 1283 iu
768 1240 1047 1281 sororem
1068 1219 1373 1302 virginem
1385 1264 1403 1295 ,
1429 1221 1666 1283 occisus
1691 1232 1784 1282 est
1803 1218 1938 1301 lege
1961 1217 2280 1281 indemna-

262 1333 496 1379 torum.
526 1321 683 1379 Lues
712 1331 845 1378 orta
868 1330 990 1379 est:
1016 1318 1336 1401 respondit
1355 1318 1704 1395 oraculum,
1725 1318 2031 1400 virginem
2056 1318 2278 1376 immo-

262 1416 381 1476 lari
422 1416 681 1478 debere:
726 1416 915 1477 offert
948 1436 1012 1477 se
1050 1417 1193 1492 illa,
1228 1438 1367 1501 quae
1404 1415 1830 1479 infamabatur
1871 1418 1938 1477 in
1981 1414 2273 1476 fratrem:

264 1528 440 1597 pater
462 1512 849 1577 contradicit.
1505 1510 1536 1521 ”

822 1704 1155 1753 CONTRA
1203 1704 1652 1753 vlnelunu.

280 1824 687 1899 Dilexerunt
729 1826 919 1899 enim
956 1853 1027 1899 se
1066 1846 1313 1899 mutuo
1354 1826 1596 1901 fratres
1620 1840 1636 1871 ¹
1681 1824 1862 1899 ultra
1893 1850 2140 1899 meum
2171 1852 2282 1899 vo-

182 1966 367 2015 tum.
391 1944 459 2015 Ο
480 1943 761 2015 fortuna
778 1941 1106 2015 crudelis!
1130 1942 1469 2016 abstulisti
1491 1941 1670 2014 mihi
1693 1941 1946 2029 filium,
1965 1940 2282 2039 relinque

177 2056 296 2128 vel
338 2056 600 2129 filiam:
640 2058 1029 2157 partiamur
1065 2058 1171 2131 vel
1214 2056 1456 2131 saltem
1499 2057 1754 2131 liberos
1799 2083 2016 2129 meos.
2055 2058 2282 2129 Nemo

182 2176 275 2249 de
328 2172 595 2273 polluto
646 2201 848 2273 grege
893 2172 1194 2248 hostiam
1247 2176 1510 2247 sumit:
1551 2175 1710 2275 quis
1759 2174 1942 2246 hanc
1986 2172 2285 2244 hostiam

182 2288 523 2391 perimet?
552 2310 771 2391 pater,
792 2289 1125 2381 sacerdos,
1148 2316 1237 2361 an
1266 2289 1612 2367 carnifex?
1639 2288 1956 2388 quamvis
1981 2286 2128 2359 haec
2153 2287 2288 2358 for-

184 2428 364 2482 tasse
405 2403 747 2485 desideret
784 2405 936 2505 ipso
972 2404 1093 2482 illo
1127 2407 1361 2508 gladio
1397 2408 1660 2508 perire,
1701 2432 1842 2506 quo
1879 2407 2088 2480 frater
2119 2402 2290 2477 occi-

180 2547 301 2592 sus
326 2539 451 2593 est.

178 2769 237 2788 u
244 2765 535 2788 mmm
542 2764 1017 2788 mmm

1505 2761 2290 2790 mmmmm

1074 2933 1398 3010 XLIV.

736 3127 1179 3200 Indemnatus
1210 3131 1502 3226 raptoris
1512 3124 1730 3226 filius.

171 3310 313 3368 Lnx
346 3325 701 3370 aunuum.
724 3303 1119 3364 lxm-unos
1144 3323 1395 3364 Laeuos
1429 3323 1646 3365 uon-r
1671 3321 1985 3364 occrnnnn.
2010 3301 2284 3380 Quidam

266 3403 477 3484 rapuit
499 3415 559 3461 et
586 3399 774 3481 fugit:
804 3400 881 3460 de
904 3412 1087 3482 raptu
1111 3401 1319 3481 puella
1343 3403 1624 3486 concepit
1645 3416 1707 3461 et
1733 3401 1990 3486 peperit.
2024 3401 2284 3458 Reverso

268 3513 543 3581 raptore,
568 3497 775 3581 puella
800 3509 1067 3560 mortem
1090 3502 1357 3584 raptoris
1382 3500 1641 3582 optavit.
1666 3495 1896 3558 Filium
1921 3495 2024 3557 ille
2047 3496 2285 3558 indem-

266 3618 347 3657 na
357 3612 489 3658 tum
512 3597 649 3658 vult
670 3595 978 3658 occidere:
1008 3611 1187 3682 rapta
1211 3597 1596 3660 contradicit.

930 3785 1085 3834 PRO
1136 3785 1544 3835 RAP‘ronss.

282 3890 436 3962 Nisi
460 3891 633 3963 forte
662 3887 945 3963 moleste
971 3889 1131 3961 tulit
1147 3903 1200 3981 ²,
1230 3890 1422 3991 quod
1449 3911 1518 3962 et
1541 3915 1684 3962 non
1709 3888 1902 3961 hunc
1929 3887 2077 3987 ipsa
2099 3885 2290 3960 dam-

262 4041 309 4076 1.
330 4022 645 4076 Dilexerum
660 4023 802 4074 enim
820 4041 874 4075 se
891 4033 1073 4076 munao
1084 4023 1203 4095 fm-
1282 4035 1393 4079 tres.
1439 4025 1498 4078 ld
1531 4037 1612 4077 est
1629 4063 1646 4090 ‚
1673 4025 1836 4076 frater
1865 4035 1918 4076 et
1955 4039 2126 4076 soror.
2155 4021 2288 4074 vide

176 4115 303 4155 ins.
335 4101 449 4156 Nisi
476 4101 677 4173 aliquid
710 4101 847 4154 desit
878 4101 1071 4174 capiti,
1100 4121 1200 4174 pro
1280 4121 1442 4176 cupra
1467 4102 1755 4156 Declamat.
1784 4102 1900 4154 xn.

174 4203 245 4239 en
256 4183 333 4236 im
354 4181 535 4236 malim
561 4181 706 4236 olim.
734 4183 957 4236 Senum.
983 4211 1056 4226 -
1079 4183 1203 4236 Fra·
1354 4199 1401 4236 a.
1431 4183 1550 4236 Nisa·
1568 4182 1716 4255 fone
1746 4179 1956 4234 molesto
1989 4176 2127 4231 tulit.
2161 4177 2288 4234 Cor·
