2855 4871
527 432 657 499 316
1036 430 1130 495 M.
1177 429 1429 494 FABn
1475 428 2112 513 QUINTILIANI

529 556 691 629 ficio
725 581 899 628 suo:
951 581 1030 626 ex
1078 582 1218 652 quo
1259 554 1475 626 semel
1530 580 1779 626 manus
1818 554 2250 652 inquinavit,
2294 554 2631 627 insecutae

530 690 690 742 sunt
717 670 846 741 illae
873 669 1182 769 protinus
1205 670 1439 758 furiae,
1473 690 1548 741 ut
1574 670 1764 741 hunc
1788 668 2156 742 hominem
2183 672 2421 770 palam
2447 672 2633 743 occi-

530 784 758 874 deret,
791 803 867 856 ut
894 809 1050 857 reus
1081 782 1494 873 deferretur,
1528 803 1607 854 ut
1634 782 2116 875 damnaretur,
2154 804 2627 883 torqueretur,

531 922 610 975 ut
645 900 1110 973 confiteretur.
1148 902 1259 971 An
1297 926 1453 971 vero
1491 920 1563 971 tu
1606 899 1845 988 illum,
1885 902 2075 1000 quod
2111 900 2553 999 sacrilegium
2592 928 2634 972 a

529 1042 601 1089 se
627 1015 1090 1088 'commissum
1125 1040 1268 1086 esse
1299 1013 1500 1105 dixit,
1534 1014 1920 1113 praestitissc
1954 1014 2265 1112 ignibuS,
2294 1042 2473 1111 quos
2503 1040 2635 1085 nos

532 1131 991 1234 subjecimuS,
1032 1151 1154 1202 aut
1192 1130 1477 1229 flagellis
1517 1126 1973 1230 putas'ffnihil
2006 1129 2129 1203 illa
2164 1150 2513 1203 tormenta
2542 1129 2636 1202 ad

533 1247 1036 1320 confessionem
1062 1245 1399 1345 sacrilegii
1427 1247 1899 1346 pertinebant3
1926 1274 2071 1319 non
2098 1247 2183 1320 de
2208 1248 2343 1320 hoc
2368 1268 2639 1346 torque-

532 1362 735 1436 batur
760 1392 775 1434 :
803 1389 1073 1435 numen
1104 1384 1244 1435 crat
1275 1364 1611 1463 profecto,
1644 1392 1913 1438 numen
1946 1364 2123 1437 illud
2143 1422 2162 1456 ,
2193 1364 2383 1462 quod
2414 1363 2639 1465 subji-

534 1499 715 1550 ceret
751 1480 967 1567 faces,
1009 1477 1198 1576 quod
1234 1479 1619 1552 acrioribus
1666 1480 1962 1553 stimulis
2002 1480 2287 1579 agitaret
2324 1508 2338 1551 :
2384 1506 2503 1553 vos
2548 1480 2641 1552 de

539 1591 721 1664 caede
747 1591 1166 1691 torquebatis
1195 1622 1209 1665 ε
1244 1592 1358 1665 ille
1390 1595 1477 1666 de
1506 1595 1867 1695 sacrilegio
1897 1596 2393 1669 confitebatur:

535 1850 1953 1877 ummmmmm
1956 1856 2243 1877 mm
2248 1856 2537 1877 mm
2544 1856 2640 1877 m

1322 2028 1861 2139 cccxxv.

1113 2293 1468 2364 Hereditas
1475 2292 1655 2392 fidei
1682 2299 2055 2366 commissa.

543 2497 788 2578 Pauper
826 2508 885 2556 et
921 2495 1086 2558 dives
1123 2498 1313 2558 vicini
1347 2511 1544 2560 erant.
1585 2500 1849 2582 Pauperi
1890 2520 2049 2560 uxor
2086 2500 2390 2582 speciosa:
2428 2517 2643 2558 rumor

620 2606 751 2654 erat
775 2593 1106 2656 adulterari
1131 2598 1419 2680 pauperis
1444 2618 1701 2658 uxorem
1737 2619 1769 2657 a
1805 2597 2024 2672 divite,
2059 2599 2303 2658 conscio
2336 2597 2507 2656 viro:
2544 2595 2639 2655 de·

622 2689 783 2751 latus
807 2691 1108 2752 lenocinii
1130 2707 1146 2735 ¹
1171 2713 1311 2754 reus
1338 2715 1595 2776 pauper,
1618 2709 1682 2754 et
1704 2693 2025 2754 absolutus
2048 2707 2153 2754 est.
2180 2694 2366 2754 Dives
2391 2690 2647 2752 decessit

621 2786 846 2850 herede
881 2791 1160 2852 instituto
1193 2791 1510 2854 bonorum
1547 2793 1834 2854 omnium
1870 2813 2170 2876 paupere,
2201 2803 2259 2850 et
2282 2792 2491 2871 elogio
2516 2789 2643 2850 tali.

625 2887 789 2947 Pero
807 2907 888 2947 ur
911 2908 1075 2949 uano
1094 2909 1529 2950 aennon-Aram
1558 2909 1883 2950 nas-rtroas
1902 2911 1961 2949 m
1977 2935 1993 2965 ,
2018 2911 2121 2950 cm
2150 2907 2399 2949 ROGAVI.
2424 2887 2589 2946 Petit
2610 2905 2641 2944 a

629 3003 896 3066 paupere
917 3005 1069 3046 uxor
1091 2985 1493 3048 hereditatem
1507 3031 1524 3063 ,
1550 3000 1875 3067 tamquam
1902 2985 2045 3048 fidei
2068 2985 2486 3046 commissam.

1407 3180 1451 3246 S
1468 3182 1521 3246 E
1538 3183 1593 3244 R
1607 3183 1682 3246 M
1695 3181 1775 3248 O.

637 3331 814 3416 Quid
833 3332 1113 3402 dicimus
1127 3387 1144 3418 ,
1167 3338 1511 3427 quomodo
1530 3339 1673 3405 haec
1690 3360 1860 3404 uxor
1883 3353 1951 3402 et
1973 3336 2169 3402 heres
2190 3335 2345 3406 erit,
2380 3350 2452 3398 et
2468 3330 2648 3398 adul·

629 3518 647 3553 ι
660 3539 672 3553 .
692 3503 909 3556 Delatus
929 3503 1192 3558 lenocinii.
1211 3507 1348 3560 Vide
1364 3507 1553 3560 Juven.
1637 3509 1807 3580 prima
1832 3505 2008 3558 fronte
2032 3503 2137 3558 tale
2162 3501 2291 3576 quid
2310 3500 2402 3553 hic
2432 3499 2615 3553 deense
2629 3535 2646 3561 ‚

551 3583 658 3636 Sat·
693 3584 747 3650 Ι,
781 3585 848 3638 55
863 3623 880 3651 ,
913 3585 988 3638 ibi
1019 3586 1194 3640 Schol.
1229 3587 1372 3642 unde
1409 3600 1559 3661 patet
1638 3585 1791 3638 uxori
1810 3595 1913 3638 moe
1932 3583 2177 3638 restium.
2194 3579 2298 3634 Sed
2314 3597 2504 3632 revera
2518 3576 2645 3631 nihil

549 3661 639 3715 hic
660 3678 1024 3734 argumentum
1041 3685 1104 3718 ex
1116 3685 1244 3720 vero
1265 3681 1555 3740 sumptum.
1638 3666 1819 3730 deest,
1857 3675 2209 3735 preterquam
2250 3657 2401 3732 quod
2437 3655 2649 3728 virgulis

551 3745 769 3798 senum.
794 3775 867 3786 —
887 3743 1077 3818 Eloqio
1103 3747 1214 3801 tali.
1241 3749 1321 3804 De
1345 3749 1558 3821 elogiis,
1638 3741 1901 3794 inclusum
1915 3740 1997 3812 (ut
2012 3736 2273 3812 quidquid
2293 3735 2440 3790 aliud
2460 3734 2648 3804 simile)

553 3843 648 3876 seu
689 3823 939 3878 clausulis
981 3838 1412 3880 testamentorum
1452 3826 1558 3880 vid.
1642 3821 1945 3893 adjecimus.
1968 3821 2106 3872 Nam
2124 3821 2166 3871 ai
2186 3817 2331 3869 dives
2351 3817 2425 3868 ita
2448 3815 2647 3887 specia-

553 3900 589 3952 l.
619 3920 712 3969 20,
735 3904 794 3956 C.
821 3902 887 3955 de
905 3906 1025 3975 jure
1047 3902 1206 3956 delib.
1233 3905 1400 3957 Cicer.
1423 3905 1563 3956 Tus-
1640 3903 1759 3954 liter
1781 3901 2220 3974 pronunciasset,
2244 3897 2395 3950 uxori
2426 3907 2527 3948 αισι·
2552 3911 2647 3946 m·-

556 3984 659 4036 cul.
683 3988 708 4038 1
725 4023 742 4051 ‚
765 3986 834 4040 33
859 3999 912 4038 et
933 3985 1033 4050 353
1057 3986 1117 4038 C.
1139 3985 1208 4038 de
1231 3985 1431 4038 inoffic.
1458 3998 1563 4038 tea-
1642 3982 1798 4034 rimas
1820 4019 1838 4046 ,
1882 3991 2083 4033 semota
2126 3989 2265 4030 esset
2304 3977 2479 4027 omnis
2520 3991 2645 4025 cou-

557 4067 816 4117 ramentis.
851 4067 942 4118 En.
977 4093 1049 4105 —-
1083 4063 1374 4137 Tamquam
1399 4059 1563 4136 fidei-
1642 4063 1895 4114 troversia
1932 4063 2068 4113 inter
2102 4059 2271 4111 virum
2311 4067 2365 4108 et
2396 4069 2637 4108 uxorem:

557 4141 878 4196 commissam
893 4143 1563 4214 petit-Videbiturfortasse
1644 4143 1893 4213 omnique
1936 4139 2097 4194 modo
2138 4134 2470 4190 restituenda
2513 4139 2639 4185 esset
