2855 4871
580 435 709 526 39⁶
1082 437 1175 500 M.
1224 437 1476 502 FAml
1522 437 2165 521 Qum'rlmmt

546 708 571 718 ⁸
578 705 771 726 mm
776 705 2596 731 mmmmmmmmmmmmmm
2603 711 2650 730 Ἃ

1406 909 1845 988 CCCXL.

1222 1139 1544 1212 Novitius
1565 1156 2023 1239 praetextatus.

580 1341 709 1418 Qm
734 1360 1095 1402 vomam-rr:
1116 1359 1343 1400 nomm
1370 1361 1437 1400 m
1456 1359 1797 1401 tinum-Are
1818 1359 2071 1416 runnu,
2095 1361 2281 1402 mann
2305 1361 2419 1402 srr.
2441 1341 2650 1420 Mango

661 1438 965 1499 novitium
1013 1459 1281 1520 puerum
1322 1459 1433 1520 per
1477 1438 1852 1521 publicanos
1891 1435 2160 1519 trajecit¹
2209 1451 2650 1521 praetextatum:

658 1533 887 1596 dicitur
910 1533 1016 1596 ille
1040 1534 1219 1596 liber.

1270 1723 1977 1790 DECLAMATIO.

676 1871 825 1962 Qm
848 1891 1289 1944 VOLUNTATE
1316 1892 1584 1944 nomm
1611 1894 1686 1945 m
1723 1879 2120 1944 menum
2151 1892 2446 1962 FUEmT,
2475 1889 2652 1943 Lmen

580 2003 717 2056 SIT.
758 1985 1242 2076 Quaerendum
1286 2005 1387 2057 est
1418 1986 1657 2078 nobis,
1689 1985 1862 2086 quid
1907 1985 1994 2058 sit
2033 1985 2105 2056 in
2144 1984 2458 2058 libertate
2495 2010 2652 2057 esse:

583 2099 933 2173 voluntate
958 2101 1225 2173 domini
1255 2121 1353 2173 est
1384 2101 1460 2171 in
1481 2100 1794 2173 libertate
1810 2115 1861 2192 ²,
1891 2128 2032 2200 quo
2051 2101 2332 2174 volente
2362 2101 2537 2174 liber
2556 2119 2654 2170 est.

580 2217 723 2288 Nos
758 2218 1047 2289 finimus
1074 2217 1209 2290 ita:
1242 2217 1593 2290 voluntate
1626 2217 1898 2289 domini
1937 2218 2013 2290 in
2042 2218 2366 2291 libertate
2398 2241 2526 2306 est,
2555 2213 2656 2314 qui

572 2329 692 2431 jus
710 2329 1038 2402 libertatis
1056 2331 1407 2430 usurpavit
1425 2330 1716 2403 domino
1733 2331 2027 2404 volente.
2045 2333 2124 2404 ld
2143 2332 2460 2432 primum
2479 2331 2659 2429 scrip-

584 2466 653 2519 to
673 2446 820 2547 ipso
837 2446 1271 2545 colligemus:
1294 2473 1437 2519 nou
1455 2450 1648 2520 enim
1670 2449 1956 2521 difficile
1977 2449 2114 2521 fuit
2132 2450 2230 2539 ei,
2248 2450 2372 2549 qui
2395 2450 2572 2523 hanc
2587 2448 2660 2517 le-

584 2588 745 2661 gem
778 2564 1275 2662 componebat,
1308 2562 1377 2635 id
1407 2564 1731 2667 scribere:
1767 2565 1914 2655 QUI
1945 2584 2390 2637 VOLUNTATE
2419 2582 2658 2637 DOMINI

584 2698 788 2750 Lmen
834 2699 1048 2751 rurs:
1108 2706 1299 2751 nunc
1352 2680 1484 2750 hoc
1535 2679 1902 2752 scribendo
1920 2737 1938 2771 ‚
1985 2680 2130 2771 Qm
2170 2700 2246 2751 m
2285 2697 2662 2752 munuum

582 2813 872 2886 FUERIT,
903 2795 1066 2867 satis
1090 2794 1393 2867 ostendit
1413 2794 1610 2867 aliud
1637 2821 1803 2885 esse,
1826 2795 1901 2866 in
1923 2795 2232 2867 libertate
2251 2822 2435 2885 esse3
2467 2792 2662 2879 aliud,

586 2910 889 2983 liberum
914 2939 1079 2985 esse.
1113 2912 1560 2985 Excutiamus
1589 2912 1798 2984 etiam
1830 2940 2064 2986 causas
2097 2913 2265 3011 legis
2297 2914 2534 3013 hujus,
2562 2915 2663 2983 ln-

586 3025 883 3124 dignum
912 3028 1178 3126 putavit
1200 3028 1640 3127 legumlator,
1668 3056 1869 3118 eum,
1895 3029 2016 3130 qui
2046 3029 2121 3101 in
2149 3030 2438 3101 fortuna
2461 3028 2666 3125 aliqua

587 3139 1020 3238 reipublicaen',
1050 3142 1171 3240 qui
1207 3144 1280 3213 in
1312 3171 1607 3215 numero
1638 3145 1926 3217 civitatis
1957 3144 2234 3235 fuisset,
2277 3145 2584 3243 redigere
2607 3142 2664 3212 in

587 3256 1007 3328 servitutem.
1030 3257 1166 3329 Sed
1185 3257 1316 3331 hoc
1338 3258 1677 3356 quoniam
1691 3260 1718 3307 3
1738 3260 1866 3332 sibi
1885 3259 2194 3357 nequitia
2213 3258 2499 3331 interim
2517 3282 2667 3329 asse·

666 3458 708 3493 1.
734 3444 838 3493 Per
845 3442 1056 3516 publica
1083 3455 1241 3497 rostra
1250 3445 1398 3519 jecit.
1422 3448 1595 3517 Lego,
1679 3458 1756 3501 ter
1795 3447 2008 3520 publiea
2045 3460 2228 3521 portus
2245 3484 2263 3512 ‚
2295 3446 2382 3498 vel
2421 3445 2666 3518 portarias

584 3542 682 3595 per
721 3524 1023 3596 publicanos
1069 3528 1283 3599 trajecit.
1328 3529 1474 3579 Ptru.
1519 3527 1598 3579 Ita
1675 3528 1792 3595 vel,
1815 3540 2031 3601 propter
2053 3526 2360 3598 publicanos
2381 3537 2435 3577 et
2455 3524 2667 3599 portoria

588 3606 887 3659 emendavit
910 3608 1207 3675 Rubenius,
1230 3607 1397 3660 Elect.
1423 3607 1517 3660 lib.
1543 3610 1595 3674 1,
1666 3608 1804 3679 fecit
1815 3616 2200 3680 proetextatum.
2219 3608 2377 3657 Putat
2397 3619 2569 3656 autem
2583 3604 2669 3653 De·

596 3688 659 3741 16
679 3728 696 3757 ‚
736 3689 1067 3761 approbante
1104 3691 1380 3755 Feri-ario,
1418 3688 1487 3751 de
1523 3691 1602 3741 Re
1679 3690 2050 3743 clamationem
2075 3700 2390 3758 sequentem
2409 3686 2532 3737 huic
2555 3702 2671 3755 pra-

591 3772 736 3824 Vest.
752 3785 887 3843 part.
905 3774 955 3837 1,
971 3770 1060 3823 lib.
1077 3774 1174 3838 111,
1191 3790 1310 3842 cap.
1331 3769 1413 3836 ²4·
1434 3771 1600 3821 Fraus
1678 3769 2012 3842 ponendam,
2029 3782 2080 3820 et
2091 3767 2421 3841 jungendam
2437 3766 2572 3819 hanc
2585 3766 2672 3816 De·

592 3864 767 3902 autem
790 3850 879 3903 hic
906 3851 1047 3902 facta
1070 3850 1301 3922 por-todo
1317 3886 1334 3914 ,
1366 3848 1433 3901 de
1459 3868 1597 3920 quo,
1679 3848 1984 3901 clamationi
2006 3847 2287 3900 COthn.

591 3942 645 3979 et
681 3928 1138 3999 professionibus,
1175 3948 1243 3980 ne
1280 3928 1421 3979 fraus
1455 3928 1602 3979 fieret
1753 3944 1799 3979 a.
1833 3924 2118 3981 Voluntate
2139 3925 2344 3977 domim·
2361 3935 2433 3975 est
2455 3924 2511 3973 ιἰι
2531 3921 2668 3972 liber*-

592 4007 918 4079 publicanis‚
943 4010 1027 4080 egi
1050 4011 1105 4061 in
1135 4008 1508 4061 dissertatione
1533 4008 1601 4059 de
1683 4017 1803 4059 tate.
1835 4005 1890 4058 V
1883 4003 2118 4058 oluntate
2141 4004 2347 4057 domini
2366 4014 2464 4068 est,
2490 3998 2662 4071 inquit,

490 4134 499 4141 .
592 4086 951 4155 vectigalibus
962 4088 1018 4138 P.
1032 4087 1379 4159 R.cap.5.Cl.
1398 4086 1602 4140 Schult.
1683 4086 1736 4136 ἰη
1760 4084 2022 4153 libertate,
2044 4086 2140 4157 qui
2157 4102 2217 4135 eo
2233 4080 2486 4135 volentel.
2502 4098 2544 4130 e.
2559 4077 2658 4127 Seu.

594 4164 889 4235 dubitabat,
905 4187 974 4221 an
988 4168 1269 4237 legendum
1286 4182 1443 4233 esset,
1455 4186 1606 4238 prop-
1754 4166 1807 4217 3.
1845 4164 1948 4217 Sed
1979 4164 2076 4215 hoc
2107 4162 2378 4235 quoniam.
2419 4156 2516 4212 Sed
2549 4172 2658 4227 quo-
