2855 4871
692 431 1536 503 DECLAMATIONES.
1586 433 1784 500 CCC.
2157 440 2283 505 ποθ

190 586 229 631 a
266 580 327 631 te
359 556 503 631 sim
544 554 845 643 electus,
880 554 1097 645 hanc,
1140 580 1355 653 quam
1394 578 1586 627 nunc
1625 552 1868 653 eripi5‚
1911 554 2286 631 claritatem

186 673 553 776 injudicio
582 670 860 747 dedisti.
892 669 1089 761 Quid
1124 689 1361 743 tamen
1400 670 1894 769 pronunciavi,
1933 692 2002 744 et
2038 672 2114 744 in
2147 700 2290 771 qua

187 816 395 861 causa
430 814 625 861 ream
662 784 966 859 absolvi?
1000 810 1147 857 non
1180 783 1369 873 dico,
1406 810 1626 882 quam
1655 812 1882 875 ream,
1921 813 2050 859 nec
2088 788 2288 889 cujus

188 904 541 992 criminis;
572 903 707 977 hoc
742 900 895 975 dico
924 929 939 973 :
972 900 1159 973 male
1192 899 1436 973 audire
1470 898 1884 1001 plerumque
1925 917 1943 947 ¹
1971 902 2286 1003 judicum

188 1020 415 1093 nimia
454 1018 771 1093 severitas
802 1016 979 1091 solet
1010 1043 1027 1089 ε
1076 1042 1206 1089 nec
1250 1042 1574 1115 unquam
1615 1017 1690 1089 in
1729 1017 2122 1093 convicium
2157 1018 2290 1091 nisi

188 1162 447 1237 asperoe
484 1132 847 1209 sententiae
880 1132 1213 1205 veniunt:
1257 1131 1415 1207 ideo
1455 1130 1808 1205 absolutos
1847 1133 2132 1233 publiea
2167 1133 2288 1206 illa

186 1250 601 1325 acclamatio
628 1248 1105 1351 prosequitur:
1138 1274 1179 1321 a
1206 1247 1540 1323 damnato
1569 1248 1788 1327 tristes
1820 1249 2194 1341 recedunt,
2225 1272 2294 1325 et

186 1364 489 1439 victricis
528 1390 815 1464 quoquc
854 1362 1067 1462 partis
1114 1361 1468 1437 silentium
1515 1384 1634 1435 est.
1677 1363 1956 1437 Absolvi
1994 1392 2009 1435 ε
2055 1366 2112 1438 si
2159 1365 2290 1439 hoc

190 1482 651 1573 invidiosum,
670 1481 726 1555 si
746 1480 879 1553 hoc
894 1479 1355 1555 criminosum
1378 1500 1510 1569 est,
1531 1482 1889 1580 quomodo
1911 1508 2026 1554 me
2047 1501 2289 1583 putem

188 1597 495 1697 potuisse
511 1594 818 1685 defendi,
830 1594 887 1667 si
904 1594 1668 1669 damnassem?Absolvi
1685 1618 1981 1671 matrem
1999 1612 2286 1671 ²meam:

188 1713 316 1787 hoc
348 1741 501 1787 non
540 1740 625 1786 eo
662 1712 957 1812 pertinet
988 1712 1311 1800 fortasse,
1352 1732 1430 1787 ut
1465 1712 1828 1789 debuerim
1867 1714 2140 1805 crimen
2179 1740 2291 1787 re·-

188 1830 507 1904 mitterc:
544 1828 773 1902 multa
802 1828 1199 1927 ignorantes
1228 1828 1576 1927 patimur:
1615 1830 1795 1903 mihi
1833 1850 2054 1903 mater
2085 1829 2293 1902 inno-

190 1976 351 2023 cens
376 1949 527 2022 visa
562 1968 705 2019 est:
738 1945 1114 2048 objiciebas
1150 1945 1600 2019 adulterium.
1629 1946 1828 2019 Nihil
1859 1974 2166 2020 necessse
2189 1968 2291 2021 est

192 2086 483 2137 tractare
522 2063 612 2135 de
654 2088 893 2151 causa,
936 2060 1315 2161 proesertim
1356 2087 1586 2159 quum
1631 2060 1807 2135 nihil
1849 2063 1938 2136 sit
1977 2062 2286 2135 ablatum

194 2179 650 2254 defensionis:
674 2177 852 2250 mihi
878 2198 1116 2250 tamen
1144 2176 1416 2266 omnia,
1438 2203 1872 2277 quaecunque
1898 2179 1970 2250 in
1995 2200 2288 2251 matrem

192 2324 427 2371 meam
442 2294 882 2383 dicebantur,
904 2293 1341 2365 incredibilia
1362 2313 1526 2365 sunt
1537 2293 1697 2366 visa.
1717 2295 2117 2396 Respuebat
2136 2293 2284 2367 illa:

192 2412 413 2514 magis
435 2410 633 2513 apud
662 2439 777 2484 me
801 2410 1052 2511 agebat
1075 2438 1359 2487 causam
1383 2430 1604 2484 mater
1626 2439 1786 2486 mea
1802 2471 1822 2504 ,
1854 2408 2127 2504 dicen83
2159 2413 2290 2488 scis

192 2527 549 2626 quomodo
599 2547 667 2600 te
712 2526 1127 2617 amaverim,
1178 2527 1538 2626 quomodo
1581 2527 2056 2618 educaverim;
2105 2529 2288 2600 nihil

196 2643 544 2744 objectum
576 2663 675 2716 est
704 2643 777 2715 in
814 2662 1008 2714 aetate
1036 2641 1261 2742 prima
1276 2672 1297 2730 ;
1333 2643 1531 2714 nulla
1558 2643 1800 2716 fabula
1825 2665 1985 2716 ante
2010 2664 2288 2744 partum

194 2779 431 2830 secuta
466 2780 601 2832 est:
642 2785 831 2830 ream
870 2758 1037 2830 facit
1070 2784 1289 2831 anum
1312 2815 1332 2848 ,
1369 2778 1438 2830 et
1460 2758 1785 2859 juvenis³
1822 2778 2140 2830 matrem.
2175 2761 2288 2831 Tu

194 2899 311 2945 me
340 2871 659 2974 judicem
697 2872 1004 2945 faciebas
1026 2928 1045 2961 ,
1094 2871 1215 2945 illa
1250 2893 1492 2946 testem
1522 2901 1536 2944 :
1574 2873 1942 2946 accedebat
1971 2873 2080 2946 his
2113 2871 2288 2947 illud

192 2989 439 3078 etiam,
474 2989 668 3089 quod
696 3015 843 3062 non
879 2989 1363 3064 existimabam
1392 3010 1538 3062 tam
1561 3017 1878 3090 asperam
1917 2989 2110 3064 illam
2150 2991 2291 3064 dis·-

192 3109 589 3181 sensionem
607 3165 626 3198 ,
648 3133 776 3181 nec
792 3133 1025 3180 veram
1051 3133 1195 3184 csse
1214 3107 1407 3182 litem
1423 3165 1444 3197 ,
1461 3135 1615 3209 quae
1633 3108 1720 3181 ad
1745 3107 1970 3180 fllium
1991 3107 2291 3184 duceba-

192 3245 335 3296 tur:
368 3221 805 3296 videbamini
834 3221 1007 3299 mihi
1028 3249 1330 3323 quaercre
1355 3224 1872 3299 intercessorem
1899 3251 1912 3296 :
1940 3224 2132 3301 aliud
2155 3225 2288 3296 for-

192 3361 361 3412 tasse
380 3339 626 3429 fuerit,
649 3340 835 3438 quod
861 3358 926 3411 te
952 3359 1188 3440 postea
1206 3341 1600 3414 concitarit:
1628 3340 1754 3414 illo
1773 3361 2084 3442 tempore
2109 3339 2288 3412 nihil

106 3582 121 3600 ⁸
198 3527 499 3600 kocfortius
516 3539 617 3594 est,
630 3545 791 3600 quum
797 3528 967 3601 judex
984 3549 1017 3580 a
1038 3539 1088 3581 te
1102 3531 1199 3581 sim
1280 3511 1400 3583 nec.
1419 3530 1486 3582 ad
1504 3533 1640 3583 Just.
1662 3533 1684 3582 1
1703 3529 1800 3582 ult.
1815 3528 1936 3580 vid.
1959 3528 2026 3580 ad
2045 3529 2193 3581 Decl.
2215 3529 2290 3580 xl

194 3605 393 3660 electus.
418 3607 642 3660 scaete.
664 3635 735 3645 —·-
756 3607 923 3676 Quam
948 3627 1088 3660 nunc
1110 3608 1204 3660 eri-
1282 3629 1363 3683 pr.
1396 3625 1448 3664 et
1481 3609 1626 3662 alibi.
1663 3638 1720 3650 —
1751 3611 1864 3663 Nec
1893 3627 2144 3681 unquam.
2177 3610 2291 3662 Nec

193 3685 267 3755 pis
310 3684 625 3738 claritatem.
674 3687 829 3737 Forte
847 3723 865 3752 ‚
912 3685 1199 3739 caritatem.
1284 3687 1341 3740 in
1360 3690 1596 3761 iniquam
1620 3690 1968 3761 conjecturam
1980 3726 1998 3754 ‚
2025 3688 2125 3741 nisi
2145 3705 2290 3759 aspe-

198 3767 325 3818 Nam
351 3768 448 3838 qni
468 3763 687 3818 abdicat
706 3765 907 3832 fllium,
934 3785 991 3820 se
1023 3783 1203 3818 earnm
1284 3789 1379 3836 ηε,
1408 3769 1584 3822 AErod.

196 3843 265 3896 ini
286 3859 467 3917 negat.
492 3845 662 3898 Gnou.
692 3874 755 3884 —
774 3845 1077 3919 Injudicio.
1103 3847 1204 3898 Ju-
1356 3867 1403 3902 a.
1421 3849 1646 3902 Matrem
1665 3867 1852 3900 meam.
1877 3849 2100 3900 Matrem
2119 3863 2256 3897 ream
2267 3883 2286 3910 ,

196 3925 357 3994 dicio,
378 3925 565 3978 ,En-od.
1284 3945 1447 3998 marg.
1475 3926 1651 3978 AErod.
1677 3956 1750 3966 —
1769 3925 1950 3978 Multa
1979 3925 2284 3999 iquorantes.

268 4025 311 4059 r.
328 4007 601 4060 lodicum.
618 4007 887 4059 ,Iudicium
902 4010 957 4060 in
972 4005 1204 4060 editione
1283 4010 1480 4064 Sed-m.
1507 4009 1542 4060 i.
1567 4007 1746 4060 AErod.

196 4089 323 4142 Pida.
348 4088 497 4161 qnod
517 4088 595 4142 Cl.
618 4087 910 4161 Schulting.
932 4103 991 4142 ut
1004 4091 1205 4163 princi·
1354 4087 1407 4140 3.
1436 4085 1669 4139 Juvem‘s.
1692 4088 1884 4140 Nonne
1911 4095 2180 4157 praestaret
2195 4085 2292 4156 ju—

195 4169 337 4238 pium
348 4209 368 4238 ,
388 4189 489 4243 pro
508 4167 807 4242 principum
826 4193 841 4222 .·
864 4169 931 4222 de
951 4187 1059 4242 quo
1080 4169 1204 4222 Ber·
1286 4167 1446 4220 dicis?
1464 4165 1559 4216 En.
