2855 4871
596 460 1430 529 DECLAMATIONES.
1477 462 1920 529 CCCXXVI.
2169 471 2290 536 323

192 701 789 738 mmm
796 713 1173 736 mmvwm
1180 713 1466 734 mum
1471 713 1782 736 mmm}
1793 717 2306 744 ”mmmm

896 864 1557 975 'cccxxvi

663 1127 1112 1230 Leqatifilius
1138 1134 1417 1200 victima
1447 1129 1862 1228 pestilentiae.

200 1327 341 1406 Qui
382 1327 727 1411 pestilentia
765 1327 1172 1404 laborabant,
1214 1330 1516 1388 miserunt
1551 1329 1825 1410 legatum
1867 1329 1946 1390 ad
1988 1331 2311 1393 oraculum

290 1425 674 1508 petendum:
716 1445 1083 1506 responsum
1122 1438 1211 1484 est
1250 1427 1342 1500 ei,
1386 1424 1583 1486 filium
1627 1428 1816 1510 ipsius
1856 1428 2314 1490 immolandum

296 1547 445 1588 esse.
486 1523 599 1584 Ille
642 1525 965 1584 nunciavit
1000 1523 1232 1584 civitati
1284 1545 1454 1583 sacra
1513 1526 1878 1602 desiderari,
1926 1527 2057 1588 filio
2101 1551 2318 1592 verum

296 1623 613 1686 confessus
647 1636 751 1683 est.
790 1621 983 1684 Sacris
1020 1619 1215 1682 finitis
1249 1621 1593 1704 pestilentia
1631 1643 1758 1684 non
1790 1637 1880 1683 est
1910 1623 2119 1688 finita:
2155 1626 2318 1688 filius

296 1723 595 1805 processit
620 1721 687 1782 in
714 1720 1107 1796 concionem,
1132 1733 1191 1780 et
1217 1741 1278 1780 se
1308 1721 1436 1801 ipse
1458 1719 1778 1781 interfecit.
1807 1723 2012 1784 Finita
2035 1725 2320 1807 pestilen-

296 1821 391 1880 tia
418 1840 556 1880 reus
580 1831 673 1880 est
694 1818 925 1900 legatus
949 1817 1105 1878 laesae
1134 1814 1510 1900 reipublicae.

920 2005 1622 2071 DECLAMATIO.

322 2147 853 2223 AEstimaveram
870 2206 892 2240 ,
925 2147 1191 2250 judices
1207 2206 1229 2240 ,
1254 2171 1704 2224 consecutum
1729 2175 1871 2222 esse
1897 2176 2011 2222 me
2036 2149 2167 2222 hoc
2193 2148 2322 2224 sal·

208 2283 369 2336 tem
388 2320 407 2354 ,
434 2284 513 2336 ut
536 2263 876 2361 sanguiue
900 2290 1058 2336 meo
1081 2284 1341 2336 servata
1370 2263 1604 2338 civitas
1622 2322 1642 2356 ‚
1675 2263 1844 2336 datae
1873 2265 2112 2339 salutis
2137 2287 2325 2364 grata

212 2377 700 2453 meminisset¹
737 2405 751 2451 :
795 2400 1003 2479 atque
1050 2407 1131 2457 eo
1176 2380 1433 2479 magis,
1479 2379 1668 2479 quod
1714 2380 1898 2453 filius
1939 2408 2139 2455 meus
2177 2408 2322 2455 non

208 2494 627 2569 necessitate
666 2495 1062 2569 immolatus
1095 2518 1271 2589 erat,
1314 2497 1436 2571 sed
1479 2498 1851 2571 voluntate.
1883 2500 2152 2571 Verum
2187 2498 2320 2569 hoc

214 2610 401 2683 adeo
422 2609 497 2681 in
518 2610 940 2683 contrarium
960 2612 1189 2703 cessit,
1215 2632 1292 2683 ut
1325 2611 1586 2683 inventi
1614 2612 1846 2683 sintin
1873 2612 2002 2682 hoc
2025 2612 2320 2710 populo,

214 2724 389 2825 qui,
425 2732 573 2797 reni
606 2725 837 2799 nescio
866 2726 1343 2825 indignatione
1379 2726 1596 2825 magis
1623 2724 1997 2797 dolendam
2017 2782 2036 2815 ‚
2068 2752 2161 2797 an
2193 2753 2322 2799 va-

214 2839 441 2913 nitate
472 2839 841 2913 ridendam
861 2898 881 2931 ,
916 2840 1247 2943 objiciant
1280 2840 1551 2914 homini
1580 2839 2078 2939 pestilentiam3
2117 2862 2183 2912 et
2211 2868 2322 2915 re-

216 2954 553 3027 medium
582 2955 820 3027 deberi
851 2954 983 3027 diis
1012 2954 1545 3043 immortalibuS,
1571 2975 1840 3053 putent.
1868 2954 1937 3025 Si
1968 2952 2140 3053 quid
2167 2982 2324 3028 vero

214 3068 411 3171 passi
454 3094 695 3142 sumus
739 3070 861 3143 tali
901 3069 1211 3142 remedio
1258 3068 1598 3169 dignum,
1647 3090 1893 3142 nostrae
1939 3067 2326 3143 infirmitati

216 3185 718 3283 assignabitur.

1076 3316 1118 3383 S
1135 3319 1187 3383 E
1202 3317 1259 3382 R
1273 3318 1347 3381 M
1362 3316 1421 3383 Ο
1439 3334 1483 3380 ².

318 3462 489 3527 Fere
516 3458 1009 3527 commendatio
1032 3484 1153 3551 per
1172 3460 1315 3526 haec
1344 3458 1632 3552 petenda
1663 3462 1818 3525 erit:
1857 3480 2004 3550 quae
2029 3458 2122 3523 illi
2153 3456 2330 3524 diffi-

304 3620 353 3655 1.
384 3604 537 3659 Datae
560 3605 740 3661 salutis
765 3606 939 3679 qratia
972 3606 1239 3659 meminis-
1321 3622 1425 3675 que
1448 3622 1635 3657 vocem
1662 3603 1874 3657 citerius
1904 3603 2132 3673 positam
2161 3601 2332 3654 credi-

220 3692 319 3737 set.
364 3682 645 3736 AErodius:
690 3686 815 3737 data
854 3684 1033 3739 salutis
1068 3685 1241 3759 qratia
1318 3683 1425 3737 bile
1464 3697 1559 3737 est.
1599 3684 1767 3753 Ersso,
1807 3680 1978 3733 nescio
2019 3680 2330 3752 indiynitate

222 3762 559 3815 meminisset.
589 3761 971 3817 scribendum:
1000 3764 1135 3815 datae
1158 3783 1241 3817 sa·-
1320 3761 1485 3833 maqis
1525 3760 1806 3812 dolendam
1827 3798 1844 3825 ,
1886 3758 2114 3811 vanitate
2156 3758 2330 3810 riden-

226 3841 359 3895 lutis
374 3856 529 3915 gruta
551 3843 878 3898 meminisset.
905 3844 1145 3897 Gaouow
1170 3872 1243 3883 -—
1320 3840 1459 3892 dam.
1503 3840 1670 3893 Gnou.
1711 3868 1784 3879 --
1827 3835 1950 3890 Tali
1991 3834 2212 3899 remedio
2249 3834 2332 3885 di·-

226 3924 422 3977 Nescn‘o
462 3924 827 3998 indiqnatione
864 3926 1029 3999 maqis
1064 3924 1244 3977 dolen-
1319 3938 1500 3993 qnum.
1519 3920 1640 3973 Tali
1653 3918 1902 3982 remedio,
1923 3917 2140 3989 diqnum
2161 3926 2334 3968 nostra

226 4002 357 4053 dam
368 4039 391 4069 ,
411 4022 483 4054 cm
502 4004 733 4057 vanitate
752 4004 1036 4057 ridendam.
1056 4004 1155 4055 Rei
1172 4004 1245 4075 ip-
1324 3997 1630 4073 infirmitate
1649 3998 1974 4071 affimatu1·,
2001 3995 2200 4049 Schult.
2229 3998 2335 4070 Af-

230 4082 343 4134 sius
368 4081 712 4136 affectionem
734 4083 996 4151 significat
1016 4084 1216 4137 vanitas
1224 4105 1245 4145 ,-
1312 4078 1640 4154 fimabitur,
1665 4079 1790 4133 edit.
1815 4078 1943 4131 aliae.

231 4177 347 4211 non
382 4158 677 4219 hominum.
702 4160 884 4215 Talem
918 4163 1077 4233 igitur
1109 4180 1246 4233 quo·
1401 4181 1449 4214 2.
1483 4162 1676 4215 Sermo.
1711 4160 1981 4215 praemittit
2009 4158 2154 4213 hunc
2179 4162 2334 4215 AEro-

2001 4266 2082 4300 21.
