2855 4871
562 390 1393 477 DECLAMATIONES.
1443 390 1748 455 CCCVI.
2069 394 2193 461 225

176 544 291 591 non
322 517 453 589 vult
494 516 615 587 filii
657 510 801 605 sui,
847 514 903 585 si
935 513 1241 603 vixisset,
1276 534 1570 585 aetatem.
1611 512 1932 612 Intelligo·
1961 515 2196 615 itaque

174 662 289 707 non
320 657 449 705 tam
481 633 691 705 multa
724 631 904 703 mihi
942 651 1179 702 contra
1211 630 1576 729 praemium
1614 630 1946 723 dicenda,
1982 658 2198 729 quam

176 771 367 820 contra
402 768 873 845 argumentum
918 772 933 816 ε
982 745 1075 816 sic
1108 743 1596 843 componenda
1629 744 1804 815 actio
1837 765 1937 817 est
1957 801 1974 833 ,
2013 766 2199 818 tam-

176 890 349 960 quam
372 890 485 935 nos
506 863 787 933 audiant
799 860 1073 963 judices
1097 859 1199 931 illi
1216 875 1261 928 ¹:
1294 885 1441 929 nou
1459 878 1692 929 tamen
1704 860 2038 959 juvenem
2058 862 2204 959 pari

176 980 443 1078 captione
473 979 813 1051 ludemus.
847 978 1177 1065 Fecisset,
1206 976 1477 1049 fecisset
1507 976 1640 1048 hoc
1673 997 1891 1049 astuta
1923 978 2204 1070 mulier,

178 1118 317 1163 anus
346 1094 828 1182 inverecunda,
862 1113 944 1165 ut
960 1092 1205 1194 juveni
1237 1091 1816 1164 curioso-offerret
1845 1093 2026 1174 hanc
2052 1094 2211 1164 fati-

177 1208 283 1304 gati
316 1210 595 1307 corporis
636 1222 973 1309 partem2.
1018 1210 1178 1279 Erat
1218 1208 1506 1307 dignus,
1551 1208 1675 1307 qui
1719 1209 1892 1285 dum
1932 1208 2208 1282 alterius

177 1326 623 1420 patrimonium
662 1327 865 1427 petit,
911 1326 1227 1425 perderet
1268 1326 1484 1397 etiam
1531 1326 1904 1425 praemium
1946 1354 2156 1399 suum
2189 1356 2206 1397 τ

176 1424 516 1512 εεά’πιιι1ἰει·
532 1441 1080 1541 simplicissima,
1114 1440 1169 1511 si
1198 1440 1371 1538 quid
1394 1441 1678 1512 mentiri
1707 1462 1961 1540 posset,
1989 1442 2212 1513 sinon

177 1556 572 1652 exposuisset,
622 1556 852 1657 palam
899 1581 971 1629 se
1018 1556 1205 1627 noile
1246 1556 1735 1655 profiteretur:
1787 1556 1919 1627 hoc
1960 1556 2212 1656 pudori

178 1668 305 1740 satis
332 1691 422 1742 est
453 1699 467 1742 :
512 1672 566 1744 si
612 1671 786 1771 quid
810 1671 1138 1773 jusseris,
1172 1671 1376 1770 culpa
1418 1670 1822 1769 cogentium
1863 1694 1981 1743 est.
2017 1671 2216 1762 Quid

177 1780 405 1855 interim
428 1787 697 1883 proficit
713 1786 1109 1858 adolescens
1133 1784 1288 1857 ille?
1309 1812 1474 1856 nam
1499 1786 1555 1856 si
1577 1785 2063 1886 praejudicium
2089 1808 2211 1878 est,

178 1897 329 1992 quod
353 1898 484 1971 haec
511 1922 773 1975 recusat
805 1930 819 1972 ε
863 1922 931 1971 et
972 1899 1147 1971 illud
1185 1900 1273 1972 sit
1308 1921 1802 1999 argumentum
1823 1960 1842 1993 ,
1883 1902 2072 2000 quod
2099 1903 2214 1974 hic

180 2033 365 2109 optat:
397 2018 585 2117 cujus
618 2019 911 2118 quidem
946 2018 1232 2117 pudori,
1277 2038 1560 2115 propter
1593 2018 1895 2089 recentia
1928 2019 2212 2111 merita,

179 2129 343 2225 cupio
368 2133 762 2205 consultum
795 2159 808 2203 :
841 2157 1096 2229 magna
1126 2152 1359 2202 tamen
1389 2130 1780 2230 cupiditatis
1815 2131 2073 2203 invidia
2106 2133 2220 2204 iu-

180 2244 381 2337 quinat
402 2246 686 2321 laudem
708 2305 727 2338 ,
760 2248 815 2321 si
856 2275 1081 2346 quum
1119 2246 1430 2319 alienum
1461 2248 1965 2346 patrimonium
1994 2269 2216 2349 petat,

180 2380 291 2429 non
318 2386 500 2461 putat
524 2392 654 2438 sua
680 2366 931 2438 referre
964 2384 1203 2435 utrum
1236 2362 1690 2435 hereditatem
1724 2363 1900 2435 illud
1919 2362 1946 2409 3
1976 2365 2218 2458 faciat,

236 2529 270 2562 1-
292 2513 563 2588 Tamquam
589 2538 685 2573 nos
706 2520 925 2572 audiant
931 2518 1134 2590 judices
1212 2516 1458 2568 ciendum
1485 2521 1638 2588 jussu
1670 2518 1841 2570 mariti
1879 2531 1932 2568 et
1960 2537 2057 2569 suo
2091 2536 2222 2589 pro-

180 2589 267 2642 alii.
287 2594 359 2646 Ait
378 2599 509 2649 enim
528 2613 721 2670 postea
734 2638 751 2663 ‚
781 2623 803 2646 ι
826 2599 1018 2651 Audite
1040 2599 1135 2669 igi-
1212 2598 1373 2648 misso
1392 2615 1502 2647 nou
1525 2598 1689 2648 teneri
1709 2594 1986 2646 videretur.
2009 2598 2072 2647 Et
2091 2613 2221 2647 sane

184 2689 201 2712 ι
216 2683 285 2720 tur
297 2686 543 2746 tamquam
556 2677 645 2730 atii
656 2678 915 2749 judices.»
930 2680 1133 2747 Nempe
1208 2673 1486 2748 profitetur
1502 2679 1657 2727 etiam
1675 2672 1974 2728 Thaddaeus
1999 2688 2048 2727 et
2069 2677 2224 2728 AEro-

179 2761 224 2796 ut
246 2767 379 2804 causa
401 2751 705 2808 hereditatis
732 2769 851 2810 acta
874 2770 926 2807 et
963 2768 1133 2807 trans·
1213 2754 1348 2806 dius.
1374 2754 1540 2806 Grion.
1567 2752 1960 2825 Simplicissima
1993 2753 2069 2822 (si
2095 2755 2229 2827 quid

180 2841 295 2895 acta,
310 2849 439 2884 nunc
453 2835 593 2905 apud
614 2835 861 2899 eosdem,
880 2835 959 2885 uti
976 2851 1137 2885 causa
1214 2834 1427 2884 mentiri
1445 2845 1636 2904 posset,
1647 2829 1834 2904 filium
1855 2834 2227 2904 exposuissetP)

178 2900 427 2972 diversa‚et
440 2914 881 2983 prorsusaprima
898 2913 1135 2981 sejuncta
1211 2929 1267 2981 p.
1309 2929 1349 2962 s.
1392 2931 1446 2962 n.
1489 2907 1790 2982 profitetur,
1828 2909 1958 2962 Obr.
1997 2910 2053 2962 Si
2093 2911 2225 2983 quid

179 2980 376 3055 ditique,
396 2991 464 3042 ita
490 2990 635 3063 apud
665 2990 796 3043 alios
818 2990 1027 3061 judices
1052 2991 1135 3060 agi
1214 2991 1427 3044 mentiri
1440 3005 1628 3063 posset,
1648 3011 1700 3044 se
1717 3011 1824 3044 non
1843 2993 2153 3062 exposuisse,
2175 3005 2229 3045 et

179 3063 421 3146 agitarique
444 3068 703 3122 videatur.
728 3071 907 3122 AEnou.
930 3069 1139 3120 Iudices
1214 3072 1399 3144 palum
1426 3085 1598 3124 tamen
1627 3091 1678 3124 se
1703 3072 1849 3124 nolle
1875 3071 2222 3146 profiteretur.
2306 3137 2314 3142 ¹

179 3133 266 3204 ¹¹¹⁸»
286 3159 432 3215 marg.
458 3146 641 3198 AErod.
1217 3153 1435 3204 Senum.
1457 3153 1517 3204 Si
1533 3152 1746 3204 mentiri
1763 3163 1996 3223 possetse
2015 3172 2118 3204 non
2140 3171 2226 3204 ex-

234 3231 273 3266 2.
290 3219 431 3274 Hauc
446 3226 674 3297 corporis
692 3236 911 3298 partem.
930 3226 1049 3278 Vid·
1070 3225 1139 3278 ad
1214 3235 1471 3306 posuisse,
1507 3253 1666 3304 marg.
1699 3234 1876 3286 AErod.
1910 3265 1983 3274 —
2013 3237 2072 3286 Si
2101 3237 2230 3307 quid

176 3297 351 3354 Petron.
367 3305 513 3359 Cxfl.
533 3339 599 3346 —
616 3309 677 3360 Si
696 3327 799 3361 non
819 3309 1135 3382 exposuisset.
1202 3313 1720 3383 jusseris.AE1-odius=
1751 3315 1794 3364 si
1817 3313 1944 3383 quid
1971 3314 2189 3364 viceritis
2205 3335 2222 3363 .-

178 3377 383 3436 AErodius
400 3389 557 3440 refert
578 3389 799 3441 aliorum
818 3392 911 3441 etsi
933 3389 1141 3441 mentiri
1218 3389 1349 3441 aiios
1390 3393 1464 3442 ait
1505 3391 1636 3443 velle
1655 3429 1671 3456 ‚
1716 3391 1956 3444 vixeritis.
2001 3392 2180 3444 Scribe
2205 3415 2218 3443 ε

174 3474 330 3529 umet,
351 3485 399 3518 se
422 3488 525 3522 non
549 3472 853 3541 exposuisse.
880 3474 949 3522 At
977 3485 1033 3523 tu
1060 3472 1139 3522 le-
1220 3487 1343 3520 nam
1380 3471 1427 3521 si
1470 3470 1598 3543 quid
1617 3472 1789 3542 jussus
1813 3469 2033 3540 feceris,
2071 3469 2228 3542 eulpa

176 3552 249 3603 8⁰²
288 3543 381 3596 Sed
420 3548 613 3601 mulier
653 3549 1029 3621 simplicissima
1062 3548 1141 3614 (si
1218 3548 1510 3618 coqentium
1549 3559 1635 3600 est.
1672 3549 1900 3599 Excusat
1935 3551 2225 3619 expositio-

90 3685 100 3708 .
175 3620 279 3688 quid
296 3631 495 3682 mentiri
516 3643 712 3702 posset,
742 3649 847 3682 non
874 3630 1138 3702 exposuis-
1220 3631 1521 3696 nem,cujus
1539 3627 1698 3680 modo
1717 3633 2036 3682 meminerat.
2055 3631 2223 3680 Grion.

177 3699 430 3766 ’copulam
450 3727 501 3760 se
520 3709 667 3762 nolle
680 3707 967 3782 profitetur.
988 3712 1141 3762 Dixe-
1218 3706 1277 3759 Si
1292 3707 1422 3778 quid
1423 3707 1622 3777 juberis
1630 3746 1648 3774 ,
1675 3707 1874 3760 Schult.
1896 3709 1952 3760 Si
1971 3708 2226 3780 quidjus-

176 3791 239 3829 ¹¹³¹
276 3786 535 3841 mulierem
576 3791 1048 3862 simplicissimam,
1089 3806 1141 3843 et
1217 3788 1401 3853 seritis,
1426 3788 1554 3840 Obr.

176 3856 343 3915 fraudis
364 3882 615 3940 astusque
640 3884 923 3942 expertem.
952 3869 1010 3921 ld
1031 3869 1143 3921 obi·
1293 3867 1343 3918 3.
1361 3867 1716 3920 Hereditatem
1737 3867 1890 3920 illud.
1920 3861 2226 3936 Legendum

176 3947 239 3985 ter
257 3945 549 4014 confirmat,
580 3952 625 4002 si
650 3953 813 4022 possit
844 3950 953 4001 ullo
984 3949 1143 4002 modo
1224 3945 1530 4014 hereditate,
1558 3949 1590 3998 ἰ.
1607 3949 1662 4018 f.
1687 3967 1752 3998 an
1775 3950 1906 3999 dote.
1936 3948 1990 3998 ld
2011 3958 2090 3998 est
2105 3949 2226 4014 jure

172 4013 353 4087 fallere,
374 4043 481 4080 non
506 4032 835 4101 exposuisset
856 4030 1140 4080 infantem:
1221 4023 1558 4078 hereditario.
1583 4026 1700 4078 vid.
1735 4024 1802 4078 ad
1836 4025 2017 4077 Vellei.
2055 4029 2224 4076 Pater.

177 4093 253 4146 *αἱ
278 4101 583 4172 invenisset,
616 4107 689 4160 ob
716 4107 863 4178 quod
888 4107 956 4161 ad
981 4107 1036 4160 id
1062 4108 1145 4158 fa·-
1222 4109 1301 4170 11,
1326 4109 1375 4174 4.
1399 4111 1570 4164 Bonn.

352 4191 405 4245 6.
1883 4197 1995 4250 15‘
