2855 4871
594 442 721 531 278
1100 437 1195 506 M.
1242 440 1495 505 FABII
1539 436 2177 525 QUINTILIANI

590 584 754 637 sunt
781 563 853 635 in
881 560 1127 663 culpa?
1155 560 1289 635 fleo
1320 562 1599 636 fortasse
1621 591 2047 664 supervacua
2073 594 2088 637 ε
2113 568 2209 639 sic
2235 594 2346 639 me
2371 569 2655 641 consola·

591 678 726 753 ris?
753 680 850 752 sic
882 680 1225 777 lacrymas
1256 679 1471 777 patris
1503 679 1603 751 tui
1636 680 1890 753 siccas?
1919 678 2236 755 flendum
2268 672 2654 758 mihi‘hodie

574 796 797 889 foret,
832 793 1101 868 etiamsi
1130 792 1264 865 hoc
1292 814 1499 866 antea
1528 820 1676 867 non
1703 794 2048 869 fecissem.

1456 994 1821 1063 SERMO.

674 1146 845 1213 Nolo
879 1148 1231 1238 quisquam
1261 1168 1370 1211 me
1402 1144 1880 1235 reprehendat,
1913 1162 2250 1237 tamquam
2278 1144 2466 1213 vobis
2496 1148 2655 1213 locos

586 1278 722 1323 non
744 1255 898 1322 dem
918 1278 931 1319 :
960 1256 1014 1321 si
1032 1254 1350 1343 ampliare
1368 1254 1938 1321 Declamationem
1957 1255 2192 1321 voletis
2206 1306 2224 1337 ,
2249 1271 2317 1321 et
2341 1255 2656 1345 ingenium

586 1384 922 1443 exercere,
956 1360 1187 1428 dicetis
1218 1358 1401 1451 quod
1437 1359 1523 1425 ad
1560 1384 1826 1428 causam
1859 1360 2060 1453 hujus
2097 1363 2284 1429 nullo
2309 1363 2551 1450 modo,
2582 1361 2654 1427 ad

582 1470 1095 1539 delectationem
1116 1469 1377 1535 aurium
1407 1470 1687 1535 fortasse
1715 1472 2066 1559 pertineat.

1278 1661 1980 1727 DECLAMATIO.

680 1816 1021 1891 Nondum
1066 1815 1357 1914 privatas
1400 1840 1478 1885 ac
1527 1814 1905 1913 peculiares
1949 1812 2419 1914 laci-'ymarum
2465 1814 2653 1887 reddo

582 1956 845 2002 causas.
884 1929 1171 2001 Interim
1210 1929 1369 2029 quis
1406 1930 1701 2001 miratur
1737 1928 1900 2001 flere
1936 1930 2350 2003 hominem?
2383 1931 2542 2003 hinc
2571 1930 2656 2000 in-

581 2046 807 2119 fantia
848 2046 1139 2145 incipit:
1183 2045 1257 2117 in
1297 2044 1518 2116 hanc¹
1565 2045 2035 2117 necessitatem
2077 2046 2491 2147 plerumque
2527 2048 2656 2118 for-

580 2185 754 2236 tuna
779 2163 1097 2235 deducit:
1130 2162 1288 2261 quis
1316 2162 1510 2235 enim
1541 2182 1641 2235 est
1665 2161 1808 2235 dies
1825 2218 1845 2253 ,
1879 2163 2002 2261 qui
2036 2190 2183 2235 non
2207 2164 2398 2236 triste
2419 2162 2656 2263 aliquid

584 2300 652 2352 et
678 2278 914 2353 flebile
948 2277 1149 2350 nobis
1178 2276 1529 2349 minetur?
1551 2277 1625 2351 Si
1657 2276 1932 2350 nullam
1967 2278 2182 2351 aliam
2211 2279 2552 2352 rationem
2573 2277 2659 2348 la-

583 2422 979 2496 crymarum
1022 2394 1478 2486 haberemus,
1526 2416 1937 2495 conspectus
1977 2417 2215 2472 tamen
2254 2396 2653 2483 hominum,

586 2536 653 2588 et
674 2515 848 2590 ratio
874 2512 1308 2586 mortalitatis
1332 2534 1604 2612 poterat
1633 2513 1879 2587 elicere
1913 2513 2148 2588 fletus:
2179 2513 2286 2586 hae
2321 2511 2654 2598 amicitiae,

582 2633 690 2706 hae
722 2630 1309 2731 propinquitates,
1348 2629 1423 2702 hi
1462 2657 1900 2729 congressuS,
1935 2631 2080 2704 haec
2111 2629 2380 2723 studia,
2416 2629 2657 2702 laudes·

582 2775 722 2851 que
754 2750 937 2822 intra
968 2748 1175 2822 breve
1212 2747 1546 2846 temporis
1589 2769 2032 2820 momentum
2073 2748 2429 2840 occident,
2475 2767 2656 2842 atque

583 2865 947 2938 labentur:
994 2864 1552 2963 quotusquisque
1595 2864 1842 2937 transit
1881 2864 2062 2954 dies,
2103 2891 2246 2965 quo
2284 2891 2434 2936 non
2464 2865 2658 2936 funus

582 2979 1059 3079 accipiamus?
1099 2982 1155 3050 F
1157 2980 1309 3052 lens
1351 3007 1467 3052 me
1505 2981 1844 3080 sequeriS,
1888 3000 1960 3053 et
1999 3008 2124 3080 per
2162 2980 2530 3080 publicum
2559 3003 2656 3048 se-

582 3093 817 3193 queris
846 3122 862 3166 2
898 3121 1043 3167 non
1076 3115 1315 3166 totum
1334 3096 1600 3168 crimen
1641 3077 1885 3196 objicis
1915 3124 1930 3168 :
1982 3095 2105 3169 diu
2134 3096 2267 3168 hoc
2309 3117 2518 3168 antea
2551 3093 2658 3166 do·

584 3209 684 3280 mi
704 3209 864 3281 feci.
892 3210 1343 3299 Quantulum
1370 3211 1704 3311 temporis
1726 3211 2028 3310 spatium
2053 3233 2184 3304 est,
2212 3212 2409 3312 quod
2432 3209 2656 3283 ²talem

585 3351 701 3396 me
732 3324 921 3396 vides
959 3323 1123 3396 flere
1162 3346 1454 3416 secrete,
1483 3327 1604 3398 ubi
1643 3327 2089 3418 cubiculum,
2121 3349 2191 3400 et
2219 3355 2390 3418 nox,
2425 3347 2490 3398 et
2515 3323 2656 3397 ani-

584 3463 741 3510 mus
760 3437 893 3510 sibi
914 3437 1190 3514 relictus
1210 3461 1331 3512 est.
1356 3443 1412 3512 F
1414 3441 1564 3513 lens
1585 3442 1923 3542 sequeris:
1951 3442 2141 3541 quod
2163 3439 2512 3541 possum3.
2541 3437 2656 3510 Mi-

660 3623 705 3659 1.
748 3608 815 3659 In
856 3607 1007 3662 hanc.
1050 3609 1117 3660 In
1168 3609 1306 3662 hanc
1346 3629 1440 3664 nos
1475 3631 1586 3664 nee.
1673 3611 1804 3682 Qui,
1829 3631 1992 3684 marg.
2019 3643 2086 3652 --
2115 3611 2302 3666 Vides?
2393 3619 2654 3665 resecr-eto.

584 3687 761 3742 AErod.
782 3719 855 3730 —
874 3689 1192 3765 Plerumque
1204 3691 1450 3764 fortuna.
1469 3695 1589 3747 Ple-
1667 3687 1814 3744 Flevi
1834 3701 2051 3758 secreto,
2075 3689 2275 3745 Schult.
2363 3711 2424 3745 eo
2449 3702 2498 3742 te
2517 3705 2657 3742 secre-

585 3785 791 3841 tosque,
816 3770 1086 3822 Francius.
1112 3799 1181 3808 —
1204 3771 1279 3822 Et
1300 3774 1432 3824 ratio
1457 3791 1590 3826 mor*-
1669 3778 1748 3834 to,
1781 3770 2049 3822 Francius.
2084 3769 2232 3822 Flere
2265 3770 2318 3820 ἰη
2347 3779 2532 3822 secreto
2561 3785 2658 3818 non

584 3846 816 3901 talitatis.
838 3849 961 3900 Non
982 3847 1251 3922 displicet3
1272 3870 1373 3903 nec
1392 3854 1590 3924 impro-
1669 3849 1874 3918 vidisti,
1908 3851 2029 3920 ubi,
2061 3849 2240 3903 AErod.

581 3925 763 3980 barem
783 3965 800 3994 ‚
846 3929 889 3980 si
938 3941 1069 3980 esset
1110 3929 1397 4002 cogitatio,
1442 3929 1588 4002 quod
1738 3933 1788 3985 3.
1830 3934 1981 4004 Quod
2001 3952 2225 4006 possum.
2265 3932 2404 4003 Quid
2426 3929 2660 4004 possum?

582 4009 804 4058 maxime
822 4007 1073 4078 frequens
1092 4009 1147 4059 in
1162 4005 1264 4060 hac
1278 4029 1350 4062 re.
1368 4009 1585 4063 Senum.
1665 4011 1880 4064 Sueton.
1919 4013 2042 4064 Ner.
2079 4013 2176 4080 45:
2223 4035 2246 4058 κ
2267 4014 2376 4083 Ego
2410 4010 2541 4085 quid
2567 4027 2658 4082 po·-

582 4109 654 4124 *—
675 4085 882 4139 Transit
902 4087 1021 4139 dies.
1047 4089 1161 4160 Bip.
1188 4090 1404 4142 transiit.
1671 4113 1694 4136 σι
1715 4091 1833 4143 tui?
1855 4115 1877 4138 ι»
1907 4089 2280 4144 δοιιυιτ.Ρὶοηε
2300 4110 2382 4147 me
2400 4109 2506 4165 seq.
2519 4087 2658 4164 facio

658 4177 705 4214 a.
721 4165 869 4234 Quod
884 4165 1060 4219 talem.
1080 4169 1193 4239 Quo
1208 4167 1387 4234 talem,
1404 4168 1583 4223 AErod.
1663 4171 1805 4244 quod
1823 4191 2060 4242 possum,
2084 4171 2260 4225 AErod.
