2855 4871
559 466 633 506 12
1059 441 1151 504 M.
1201 439 1456 503 FABII
1503 438 2140 520 QUINTILIANI

554 709 842 732 mm
848 711 937 730 w
944 709 1327 730 mmmmm
1333 708 1717 728 mmmm
1724 707 2010 728 mm
2016 709 2208 728 mm
2213 709 2395 729 ΜῚΜ
2405 708 2626 728 Ἃῶωἱ

1326 915 1869 992 CCXLVII.

553 1147 856 1206 Ram-oms
887 1163 1120 1205 mvrns
1148 1163 1311 1204 notu
1335 1163 1557 1204 Mam-rt
1581 1163 1748 1204 uxon
1772 1164 2072 1205 acerem-r.
2109 1144 2472 1214 Adolescens
2495 1145 2663 1205 locu-

644 1241 774 1325 ples
794 1241 1031 1324 rapuit,
1057 1239 1424 1322 priusquam
1447 1251 1688 1320 optaret
1706 1241 1914 1322 puella
1927 1287 1944 1316 ‚
1963 1243 2132 1302 misit
2151 1241 2230 1302 ad
2248 1263 2386 1302 eam
2409 1243 2662 1324 propin-

646 1361 805 1422 quos
842 1351 1131 1420 rogatum
1150 1385 1167 1414 ‚
1205 1351 1275 1398 ut
1316 1339 1566 1420 nuptias
1603 1335 1875 1400 haberet.
1919 1339 2162 1400 Auditis
2195 1339 2303 1398 illa
2340 1339 2660 1421 precibu5‚

642 1439 845 1498 tacuit
861 1449 921 1497 et
942 1436 1129 1497 flevit.
1156 1437 1470 1497 Percussit
1492 1457 1553 1496 se
1577 1435 1957 1499 adolescens:
1985 1439 2155 1520 prius
2181 1458 2370 1520 quam
2401 1436 2662 1520 exspira-

647 1548 767 1612 ret,
794 1535 1033 1618 optavit
1056 1533 1165 1593 illa
1188 1535 1440 1616 nuptias
1457 1578 1474 1610 ‚
1497 1547 1721 1616 petunt
1745 1535 1915 1597 bona
1943 1519 2283 1619 propinqui
2305 1549 2369 1595 et
2389 1555 2567 1595 uxor.

1317 1706 1782 1796 „SERMO.

647 1861 1173 1929 Demonstranda
1204 1863 1393 1931 vobis
1429 1883 1528 1932 est
1559 1867 1685 1932 via.
1716 1864 1958 1932 Videte
1991 1865 2156 1959 quid
2188 1885 2469 1956 utraque
2503 1887 2652 1953 pars

559 1966 749 2046 velit,
781 1966 943 2058 quid
980 1985 1260 2060 utraque
1297 1993 1448 2058 pars
1478 1968 1686 2051 dicat,
1725 1989 1792 2037 et
1821 1971 1986 2037 illud
2021 1995 2222 2062 quam
2253 1971 2397 2037 fleri
2433 1987 2656 2060 potest

558 2071 944 2140 brevissime
960 2091 1029 2140 et
1040 2074 1638 2165 significantissime
1653 2076 2220 2165 comprehendite.
2237 2080 2326 2142 Ut
2341 2094 2508 2167 puto
2522 2127 2538 2156 ,
2557 2075 2658 2141 di-

559 2178 648 2244 cit
678 2178 821 2247 haec
850 2183 1107 2273 puella,
1143 2205 1311 2250 uxor
1338 2207 1522 2249 sum:
1560 2185 1826 2275 nuptias
1855 2186 2032 2250 enim
2061 2185 2320 2278 optavi:
2357 2181 2654 2274 optando

559 2283 778 2348 statim
804 2289 1114 2353 maritum
1136 2287 1385 2354 habere
1425 2289 1614 2355 illum
1643 2291 1853 2380 coepi:
1881 2314 2152 2358 necesse
2182 2293 2360 2356 enim
2377 2307 2529 2367 ¹erat
2559 2288 2664 2352 illi

558 2391 795 2459 marito
816 2417 983 2476 esse,
1007 2397 1059 2461 si
1080 2395 1369 2463 viveret:
1396 2421 1522 2464 nec
1546 2416 1848 2488 tempore
1873 2415 1967 2465 ut¹
1995 2399 2514 2479 matrimonium,
2537 2395 2661 2465 sed

550 2497 723 2588 jure.
762 2490 1138 2567 Haec'certo
1168 2503 1800 2593 comprehendenda
1823 2524 1978 2573 sunt
2011 2505 2444 2573 finitionibus.
2482 2507 2669 2570 Dicit

558 2630 708 2697 pars
734 2605 1022 2692 diversa,
1049 2614 1200 2677 Non
1224 2612 1406 2678 fuisti
1442 2637 1638 2679 uxor:
1671 2638 1807 2680 non
1837 2616 2120 2705 nupsisti
2143 2638 2297 2679 cum
2317 2614 2466 2679 illo:
2501 2621 2664 2702 ²op-

560 2818 569 2830 .
626 2778 807 2847 ⁸1.Nec
835 2788 1062 2851 tempore
1086 2790 1161 2832 ut.
1196 2782 1294 2832 Hic
1316 2779 1470 2833 locus
1493 2784 1570 2833 sie
1648 2786 1814 2837 Immo
1850 2785 2230 2855 patrimonium
2263 2802 2374 2835 non
2407 2783 2668 2853 usucapi-

558 2854 785 2905 fortasse
810 2855 1166 2909 restituendus
1194 2870 1304 2910 est:
1333 2877 1427 2909 nec
1447 2872 1572 2910 tem·
1647 2875 1753 2927 tur,
1772 2860 1868 2913 sed
1891 2864 2066 2915 statim
2093 2875 2174 2916 est
2193 2860 2320 2923 filii,
2340 2859 2664 2933 simulatque

554 2952 682 3005 pore
706 2944 765 2985 ut
782 2936 1159 3005 patrimonium
1171 2976 1189 3004 ,
1201 2934 1275 3009 fit
1299 2940 1574 2991 matrimo-

560 3016 707 3069 nium
722 3056 740 3083 ,
763 3015 853 3069 sed
866 3019 1018 3088 jure.-
1046 3016 1155 3070 hoec
1178 3030 1313 3071 certo
1338 3037 1575 3089 compre-

562 3095 833 3147 hendenda
875 3109 999 3149 sunt
1030 3095 1378 3169 finitionibus.
1427 3101 1575 3151 Dicit

556 3194 676 3247 pars
694 3176 917 3238 diversa,
956 3195 1062 3229 non
1074 3178 1238 3250 fuisti
1258 3198 1407 3246 uxor,
1434 3199 1572 3251 nup-

558 3256 665 3327 sisti
696 3275 813 3308 cum
849 3255 943 3309 illo
960 3279 979 3319 ‚⁰
1009 3272 1061 3310 et
1096 3257 1260 3329 paulo
1285 3275 1409 3330 post
1436 3282 1449 3311 ι
1494 3260 1575 3313 Tu

562 3356 669 3388 non
720 3356 770 3389 es
816 3338 1025 3391 tradita.
1084 3341 1465 3393 Patrimonium
1515 3340 1574 3393 fit

560 3433 829 3489 tempore,
855 3419 1004 3491 quod
1026 3440 1128 3475 usu
1147 3424 1373 3493 capitur.
1395 3424 1574 3493 Atque

562 3510 615 3549 et
637 3516 735 3549 usu
761 3498 820 3550 fit
844 3517 1007 3551 uxor:
1044 3500 1191 3571 quod
1222 3498 1349 3551 alibi
1376 3514 1431 3553 et
1457 3499 1575 3573 plu·

564 3574 709 3628 ribus
733 3579 1097 3630 tractavimus.
1133 3576 1236 3631 Sed
1258 3578 1371 3630 haec
1395 3577 1572 3629 rheto-

562 3660 669 3709 rice
694 3657 965 3727 dicuntur,
1004 3678 1115 3713 non
1136 3658 1385 3731 juridice.
1418 3662 1569 3711 Prrn.

564 3738 797 3793 Pithoeus
830 3760 1136 3812 perperam:
1179 3760 1273 3793 nec
1315 3752 1574 3812 tempore,

564 3829 622 3870 ut
640 3819 1015 3890 patrimonium
1028 3818 1133 3893 ,fit
1162 3819 1574 3873 matrimonium.

563 3901 943 3951 Patrimonium
1002 3912 1240 3971 tempore
1294 3900 1407 3951 fieri
1467 3901 1572 3967 ait,

567 3979 714 4051 quod
728 3998 827 4032 usn
844 3982 1071 4051 capitur.
1083 3981 1181 4031 Hic
1194 3978 1429 4049 objectat
1446 3978 1570 4030 sibi:

568 4063 717 4132 atqui
752 4075 805 4113 et
844 4080 944 4113 usu
977 4064 1035 4114 fit
1071 4080 1222 4113 uxor.
1268 4060 1576 4133 Respondet

569 4142 676 4193 haec
709 4142 971 4197 rhetorice
999 4142 1135 4209 dici,
1180 4160 1289 4193 non
1327 4140 1571 4211 juridice.

1652 2942 1872 2996 decessit
1891 2957 2062 3014 pater.
2085 2942 2168 2995 Sic
2187 2944 2404 2996 Curioni
2423 2954 2548 3013 post
2565 2960 2662 3012 pa·

1651 3022 1745 3073 tris
1787 3033 2012 3073 mortem
2053 3022 2238 3073 Cicero
2279 3019 2667 3092 patrimonium

1652 3089 1964 3169 gratulatur.
2011 3100 2265 3151 Praeterea
2323 3098 2522 3151 inutilis
2573 3097 2668 3151 hic

1656 3178 1854 3228 mentio
1876 3176 2214 3247 patrimonii,
2239 3189 2294 3229 et
2324 3177 2556 3230 insolens
2581 3177 2669 3231 in-

1655 3253 1867 3307 culcare
1887 3253 2150 3327 vocabula
2171 3270 2364 3327 praeter
2387 3258 2670 3309 necessita-

1653 3347 1778 3386 tem.
1804 3332 2014 3387 Scribe:
2041 3352 2136 3386 nec
2157 3345 2384 3406 tempore
2390 3332 2469 3405 fit
2481 3337 2668 3387 matri·

1655 3417 1896 3468 moniam
1909 3453 1929 3481 ‚
1966 3416 2053 3469 sed
2060 3420 2202 3490 jure.
2237 3418 2329 3468 His
2352 3414 2527 3467 verbis
2549 3435 2670 3469 non

1658 3493 1834 3547 obstat
1853 3496 2245 3549 matrimonium
2265 3513 2382 3548 usu.
2401 3496 2670 3567 Loquitur

1657 3576 1798 3627 enim
1829 3574 1896 3627 de
1933 3573 2023 3625 illo
2066 3592 2258 3645 genere
2299 3574 2672 3627 matrimonio-

1656 3674 1773 3707 rum
1785 3694 1803 3723 ,
1821 3659 1874 3708 in
1891 3655 2082 3729 quibus
2107 3674 2232 3708 usus
2255 3671 2308 3709 et
2328 3670 2534 3728 tempus
2553 3676 2670 3709 non

1657 3737 1820 3791 habet
1838 3738 2032 3790 locum.
2052 3738 2287 3791 Gitonem
2309 3736 2667 3811 Temporefit‚

1660 3819 1818 3871 etiam
1837 3818 2075 3871 Latinius
2092 3831 2144 3870 et
2163 3814 2549 3887 Schultingius‚
2571 3819 2672 3887 qui

1652 3897 1812 3949 etiam
1842 3896 2032 3947 nititur
2065 3893 2410 3969 conjiciebat:
2439 3904 2670 3965 tempore

1653 3978 1774 4031 coit.
1800 3978 1932 4030 Obr.

1727 4076 1775 4109 2.
1814 4060 2039 4131 optione
2079 4056 2285 4109 tradita.
2329 4058 2669 4127 Conjicerem

1655 4137 1796 4208 optio
1821 4155 1886 4188 ne
1911 4134 2110 4188 tradita.
2141 4136 2232 4186 En.
