2855 4871
472 431 1308 500 DECLAMATIONES.
1356 432 1888 508 CCCXXVIII.
2121 436 2246 501 333

140 561 321 628 Sunt
354 559 481 624 ista
515 559 585 622 in
620 558 762 623 aliis
804 558 1013 624 causis
1054 557 1462 646 potentiora:
1501 558 1610 623 hic
1651 576 1868 647 pater,
1907 559 2031 625 nisi
2069 560 2254 648 prior

150 689 435 732 securus
460 681 563 732 est
588 667 657 730 in
680 664 809 732 hoc
828 665 1117 756 judicio:
1147 666 1463 733 mentitur
1485 689 1610 754 pro
1637 666 1808 732 filio:
1837 688 1976 733 non
1999 683 2128 732 tam
2155 667 2252 732 illi

142 797 321 864 opus
355 789 459 839 est
480 796 683 878 opert}
704 771 1033 855 advocati,
1057 795 1257 863 quam
1280 770 1413 838 fide
1439 773 1642 838 testis,

140 1013 2148 1047 “mmmmm
2155 1024 2250 1044 m

904 1208 1498 1286 CCCXXIX.

574 1438 939 1538 Sepultura
971 1442 1284 1536 tyranni,
1320 1443 1443 1537 qui
1473 1465 1541 1510 se
1568 1439 1836 1512 occidit.

148 1645 284 1722 Qui
323 1663 669 1704 ‘nmmum
707 1663 1054 1719 occmmur,
1090 1665 1157 1704 m
1192 1665 1349 1705 rouo
1388 1667 1775 1707 strennum
1811 1648 1885 1708 In
1913 1647 2261 1730 pestilentia

236 1760 609 1823 responsum
635 1753 723 1801 est
744 1756 921 1824 tyran
932 1763 1081 1802 num
1114 1741 1540 1804 occidendum.
1565 1745 1701 1826 Ipse
1727 1766 1852 1806 sese
1874 1745 2132 1807 occidit:
2163 1767 2265 1828 pe-

234 1851 385 1900 tunt
406 1840 780 1922 propinqui,
802 1847 876 1900 ut
900 1840 967 1900 in
990 1840 1133 1900 foro
1158 1839 1510 1923 sepeliatur.

856 2035 1564 2102 DECLAMATIO.

260 2177 523 2273 Ingens
564 2175 961 2248 calumnia!
1015 2177 1229 2276 pudet
1271 2174 1670 2249 mehercule
1720 2201 1835 2247 me
1887 2189 1904 2219 ¹
1932 2173 2261 2246 actioni-s:

158 2315 363 2362 nunc
395 2315 523 2386 ego
552 2292 843 2388 negabo.
875 2292 1101 2382 Quid,
1136 2292 1191 2363 si
1222 2293 1586 2364 ostendero
1616 2318 1816 2380 eum,
1848 2288 1972 2388 qui
2008 2287 2268 2361 civitati

159 2404 557 2477 libertatem
596 2404 1000 2497 abstulerit,
1040 2407 1161 2504 qui
1204 2405 1385 2506 leges
1426 2405 1816 2496 sustulerit,
1852 2405 1973 2506 qui
2007 2402 2270 2504 templa

160 2520 562 2612 violaverit,
596 2523 718 2622 qui
756 2524 1029 2624 injuriis
1073 2525 1322 2597 nostris
1362 2526 1537 2596 iram
1578 2525 1871 2597 deorum
1907 2525 2272 2594 immorta-

160 2635 350 2707 lium
394 2640 882 2727 commoverit,
927 2639 1432 2736 tyrannicidam
1477 2666 1619 2712 non
1663 2638 1918 2710 fuisse?
1957 2636 2270 2707 Multum

162 2750 435 2849 alioqui
479 2752 780 2827 effecisse
828 2756 1131 2827 oratione
1178 2782 1337 2827 mea
1382 2754 1708 2827 videbor:
1761 2750 2273 2849 interpretanda

164 2866 375 2939 nobis
406 2867 575 2969 legis
597 2870 811 2969 ipsius
834 2870 1153 2943 voluntas
1178 2892 1315 2943 est:
1352 2870 1522 2969 quid
1551 2867 1949 2969 spectaverit
1972 2865 2120 2955 ille,
2148 2864 2272 2963 qui

165 2983 668 3073 constituebat,
695 2985 1088 3084 diligenter,
1116 3008 1195 3057 ut
1218 3014 1321 3058 res
1347 3006 1476 3074 est,
1506 3006 1572 3057 et
1599 2985 1732 3057 alte
1758 2981 2271 3081 exquirendum

164 3118 381 3197 atque
424 3100 813 3172 eruendum
833 3114 883 3172 ².
929 3104 1077 3199 Ego
1120 3101 1294 3172 mihi
1339 3102 1662 3189 arbitror,
1697 3098 2010 3201 judices,
2053 3123 2274 3195 pauca

165 3241 298 3314 pro
334 3214 787 3313 legumlatore
828 3244 967 3289 esse
1004 3216 1297 3290 dicenda
1320 3274 1339 3303 ,
1376 3244 1464 3288 ne
1500 3237 1643 3288 tam
1675 3216 1964 3287 obscure
1999 3212 2130 3284 hoc
2161 3238 2275 3283 oc-

166 3327 499 3425 culteque
527 3330 867 3428 scripsisse
898 3331 1229 3404 videatur.
1266 3334 1378 3403 An
1408 3358 1554 3403 non
1592 3351 1690 3401 est
1731 3328 1861 3401 hoc
1897 3326 2228 3400 omnibus
2251 3382 2272 3417 ,

168 3443 299 3543 qui
342 3443 554 3514 modo
590 3442 680 3515 ad
717 3444 1143 3518 intellectum
1180 3446 1516 3517 sermonis
1553 3442 1906 3543 pervenire
1946 3460 2272 3541 possunt,

166 3560 494 3633 lucidum
524 3582 731 3661 atque
764 3562 1251 3649 manifestum,
1287 3589 1489 3652 eum,
1523 3560 1647 3658 qui
1683 3560 1910 3657 legem
1951 3558 2046 3627 ita
2079 3582 2276 3626 com-

168 3678 484 3777 posuerit
504 3734 523 3769 ,
555 3700 633 3749 ut
659 3678 714 3751 si
746 3679 867 3778 qui
905 3700 1282 3777 tyrannum
1307 3676 1703 3766 occidisset,
1743 3676 1816 3745 in
1847 3674 1998 3745 foro
2030 3669 2273 3769 sepeli-

254 3860 298 3894 ι.
330 3844 427 3893 Me
452 3843 687 3896 actionis.
718 3843 810 3894 Me
832 3843 1039 3895 hercule
1061 3860 1187 3895 meoe
1267 3845 1310 3896 si
1341 3838 1640 3909 ostendero)
1667 3856 1820 3902 eum,
1849 3836 1944 3910 qui
1959 3873 1976 3899 ,
2006 3847 2105 3885 etc.
2141 3829 2270 3883 Obr.

172 3924 431 3976 actionis.-
462 3942 590 3975 mam
621 3941 714 3996 eqo
748 3924 983 3995 negabo?
1004 3922 1185 3975 AErod.
1342 3942 1389 3976 2.
1439 3924 1510 3974 Et
1553 3921 1660 3972 alte
1699 3918 2070 3990 exquirendum
2117 3922 2273 3984 atque

170 4032 249 4045 --
268 4002 439 4055 Novoe
474 4004 718 4070 actionis,
744 4020 905 4073 marg.
934 4032 1005 4041 -
1026 4004 1189 4055 Nunc
1268 4002 1566 4053 eruendum.
1589 4002 1702 4048 Vet.
1735 3994 1865 4049 cod.
1897 3991 2234 4044 erudiendum
2251 4028 2270 4057 ‚

174 4101 273 4156 eqo
306 4082 523 4155 negabo·
567 4082 707 4153 Quid
735 4101 873 4134 nunc
907 4102 1000 4155 eqo
1031 4100 1190 4154 nequ·
1269 4094 1321 4132 et
1346 4078 1526 4151 paullo
1549 4090 1698 4147 post,
1723 4074 1766 4126 si
1787 4073 1857 4123 ad
1877 4074 1994 4125 deos
2017 4070 2272 4123 existime-

174 4163 277 4214 bo?
292 4164 515 4219 Saul-1.
534 4164 696 4219 Nunc
710 4182 804 4237 ego
824 4164 1018 4239 negabo
1036 4160 1196 4233 (quid
1269 4177 1384 4212 mus
1398 4156 1655 4229 pertinere
1669 4153 1902 4225 proemia.
1925 4153 2071 4203 Ptrn.
