2855 4871
551 434 684 506 356
1053 436 1146 499 M.
1197 435 1450 501 mnu
1496 432 2137 517 QUINTILIAM

546 583 862 635 mortem.
917 557 1111 633 Istud
1148 586 1314 638 :vero
1363 558 1570 658 quale
1624 578 1725 630 est
1750 614 1770 649 ,
1824 557 2015 655 quod
2065 557 2319 630 offers?
2369 555 2655 657 reliquit

543 678 725 752 mihi
758 676 945 750 dives
978 675 1244 749 amicus
1277 672 1801 774 paupertatem?
1832 676 1995 745 Non
2027 674 2257 747 statim
2290 674 2379 747 de
2402 674 2651 746 animo

541 796 825 893 loquar:
876 792 1156 867 interim
1213 791 1489 891 potestis
1540 810 1933 890 permutata
1960 848 1979 880 ,
2033 811 2110 862 ut
2158 789 2255 863 sic
2305 789 2653 877 dixerim,

541 908 1004 1009 translataque
1052 907 1350 979 invicem
1397 896 1681 979 fortuna
1726 905 2057 977 aestimare
2095 904 2248 1006 jus:
2300 906 2653 1003 fingamus

541 1026 768 1116 enim,
793 1024 926 1096 hoc
955 1022 1265 1121 aliquem
1289 1047 1677 1120 pauperem
1700 1020 2045 1119 scripsisse
2076 1018 2161 1091 de
2196 1019 2432 1091 divite.
2454 1019 2657 1109 Quo-

538 1139 750 1212 modo
785 1164 1066 1212 causam
1097 1134 1565 1237 explicamus?
1598 1135 1823 1208 alium
1848 1135 2017 1207 fecit
2046 1134 2379 1207 heredem
2400 1192 2421 1225 ,
2449 1134 2655 1235 jussit

539 1253 768 1327 amico
802 1252 1134 1351 locupleti
1169 1272 1445 1323 tantum
1475 1249 1666 1340 dari,
1698 1269 2046 1349 quantum
2086 1250 2233 1349 ipse
2270 1248 2403 1321 sibi
2444 1269 2655 1321 testa-

541 1391 778 1443 mento
809 1368 1021 1440 daret.
1045 1367 1162 1439 'Sit
1189 1367 1559 1440 inventum
1584 1365 1719 1440 tale
1748 1386 2245 1439 testamentum
2264 1423 2283 1455 ,
2314 1364 2528 1463 quale
2556 1385 2656 1436 est

539 1512 819 1574 meum;
842 1509 1021 1554 num
1038 1482 1130 1553 ab
1150 1482 1405 1555 herede
1425 1500 1695 1554 tantam
1720 1479 2093 1582 pecuniam
2118 1499 2411 1580 peteret,
2434 1504 2655 1576 quan·

539 1620 682 1671 tam
729 1598 878 1696 ipse
923 1595 1348 1697 possideret?
1393 1622 1539 1668 non
1564 1652 1584 1687 ,
1633 1616 1709 1667 ut
1756 1595 2035 1695 opinor,
2078 1621 2247 1666 nam
2293 1620 2385 1667 ne
2428 1614 2659 1693 posset

541 1715 870 1813 quidem¹
903 1714 1078 1786 dari.
1103 1714 1243 1787 Sed
1273 1713 1453 1785 illud
1476 1714 1843 1785 succurrit:
1878 1712 2028 1785 dari
2050 1712 2177 1784 tihi
2198 1711 2439 1812 jussit,
2464 1710 2659 1809 quod

536 1828 738 1903 titulo
766 1830 1164 1902 testamenti
1195 1828 1449 1901 dabas:
1488 1830 1697 1901 dabas
1730 1848 1967 1902 autem
1994 1827 2463 1901 hereditatem
2482 1884 2503 1918 ,
2536 1826 2657 1899 ni·-

538 1943 645 2015 hil
677 1944 857 2017 ultra
886 1944 1344 2017 hereditatem
1374 1964 1609 2042 petere
1636 1943 1887 2015 debes:
1920 1942 2113 2040 atqui
2133 1943 2254 2044 jus
2288 1941 2479 2013 idem
2514 1960 2654 2031 est,

537 2061 752 2135 verba
795 2061 1040 2135 eadem
1087 2081 1290 2134 sunt:
1335 2066 1677 2133 nec'cum
1720 2060 2031 2161 personis
2071 2059 2181 2131 lex
2218 2079 2493 2131 mutata
2533 2078 2653 2130 est.

541 2176 750 2247 Nunc
774 2195 854 2247 ut
875 2175 1202 2248 animum
1228 2202 1511 2272 quoque
1546 2175 1951 2247 intueamur
1980 2174 2326 2264 testantis3
2362 2172 2655 2245 hoccine

541 2289 748 2363 illum
775 2291 1072 2363 voluisse
1098 2290 1545 2363 existimatis?
1569 2292 1728 2364 ideo
1752 2291 2114 2391 inquisivit
2136 2318 2374 2364 meam
2402 2291 2655 2381 fidem,

544 2403 703 2478 ideo
729 2404 884 2477 vitae
925 2405 1412 2505 experimentis
1447 2406 2006 2508 credere-parum
2044 2406 2345 2508 putavit,
2380 2405 2545 2480 ideo
2571 2405 2655 2478 in

543 2521 780 2621 ipsum
806 2523 1060 2622 irrupit
1083 2524 1445 2612 animum,
1478 2545 1547 2597 et
1571 2525 1851 2624 penitus
1878 2525 2293 2597 intuendam
2323 2523 2657 2597 omnibus

543 2637 958 2712 horninibus
1007 2660 1322 2712 mentem
1373 2639 1605 2731 dedit,
1655 2660 1735 2712 ut
1780 2640 1963 2712 mihi
2011 2639 2143 2712 hoc
2186 2638 2652 2738 relinqueret,

547 2753 740 2854 quod
785 2754 1180 2829 habebam?
1226 2775 1326 2827 est
1380 2781 1597 2853 quare
1650 2755 1913 2854 aperias
1964 2775 2457 2827 testamentum
2488 2813 2509 2848 ,
2560 2775 2658 2827 est

546 2894 762 2968 quare
801 2896 1092 2942 omnem
1125 2884 1366 2969 spem2
1399 2868 1527 2941 tibi
1566 2869 1641 2940 in
1680 2890 2036 2970 posterum
2075 2869 2371 2942 excidas.
2413 2870 2659 2943 Sciunt

549 2983 930 3082 propinqui
981 2985 1123 3056 mei
1174 2985 1459 3057 nullum
1508 2985 1731 3057 alium
1778 2985 1956 3058 mihi
2004 2985 2344 3058 cariorem
2390 2986 2652 3058 fuisse:

549 3095 818 3189 sciunt,
844 3098 902 3169 si
925 3099 1049 3197 qui
1075 3098 1198 3170 alii
1227 3102 1521 3174 fuerunt
1552 3101 1797 3192 amici,
1830 3121 2046 3173 totam
2074 3113 2386 3173 mentem
2420 3127 2657 3174 meam

553 3212 861 3286 deditam
891 3214 1016 3285 uni
1038 3215 1290 3289 fuisse:
1327 3217 1505 3315 quid
1528 3219 1809 3292 interest
1834 3215 2122 3307 animi³,
2154 3237 2509 3316 quantum
2539 3216 2656 3304 sit,

554 3326 745 3427 quod
789 3347 1014 3400 totum
1067 3328 1212 3400 est?
1264 3331 1595 3404 omnium
1640 3332 1991 3404 bonorum
2032 3330 2267 3423 heres,
2308 3329 2657 3432 quidquid

631 3551 676 3586 1.
709 3533 812 3588 Sed
841 3535 980 3588 illud
1005 3538 1270 3591 succurrit.
1301 3537 1404 3591 Sed
1431 3537 1569 3592 illud
1646 3539 1786 3592 idem
1807 3536 1938 3592 dixit
1954 3538 2047 3592 lib.
2064 3539 2277 3607 XXXV,
2297 3539 2389 3604 31,
2406 3551 2461 3592 et
2480 3539 2657 3604 xmv,

553 3628 882 3671 succurreret.
907 3619 1039 3671 Dan·
1059 3619 1256 3693 mihij.
1275 3641 1327 3696 q.
1353 3633 1389 3674 t.
1401 3633 1450 3673 ·t.
1477 3621 1567 3672 da-
1647 3619 1683 3672 6
1708 3631 1758 3670 et
1784 3620 1873 3680 13;
1900 3630 1953 3670 et
1974 3619 2117 3689 virg.
2143 3619 2248 3670 Cir.
2276 3618 2395 3687 276.
2424 3621 2603 3671 Bonus.

557 3695 704 3756 bam3
723 3693 910 3747 dabam
928 3716 978 3748 α.
1003 3696 1057 3748 h.
1078 3717 1130 3749 n.
1153 3717 1204 3750 u.
1233 3697 1284 3749 12.
1305 3717 1363 3770 p.
1391 3697 1565 3751 debeo.
1720 3698 1770 3750 3.
1816 3697 1954 3768 Quid
1994 3699 2199 3750 interest
2239 3699 2424 3750 animi.
2470 3699 2659 3762 Forte,

558 3775 779 3829 Senum.
1654 3775 1791 3846 Quid
1818 3777 2056 3841 interest,
2082 3777 2281 3842 amice,
2305 3788 2366 3827 ut
2397 3778 2468 3828 sit
2500 3795 2660 3848 apos-

630 3873 680 3908 2.
711 3857 930 3909 Omnem
953 3873 1113 3926 spem.
1137 3857 1248 3922 An,
1275 3857 1444 3910 omnis
1461 3875 1569 3928 spes
1650 3853 1869 3926 trophe,
1894 3867 1947 3906 et
1969 3873 2118 3920 mox,
2142 3855 2381 3906 omnium
2408 3855 2659 3908 bonorum

557 3945 595 3986 t.
625 3933 661 3986 ἰ.
687 3953 743 4006 p.
773 3935 1012 3986 excidat?
1035 3947 1126 3985 aut
1143 3973 1160 4002 ‚
1189 3951 1365 3987 omncs
1391 3951 1503 4004 spes
1530 3943 1566 3986 t.
1654 3933 1794 3988 heres
1814 3951 1879 3985 es.
1906 3934 2123 3986 Senum.
2164 3931 2301 4004 Quid
2323 3933 2547 3986 'interest
2570 3953 2661 3985 au-

555 4015 594 4066 i.
614 4031 672 4084 p.
697 4015 969 4067 excidant?
985 4015 1204 4067 Senum.
1227 4013 1338 4080 An,
1359 4031 1569 4065 omnem
1650 4025 1753 4065 tem
1764 4052 1783 4079 ,
1808 4011 1987 4064 AErod.
2005 4013 2359 4064 —Bonorum
2382 4011 2541 4066 heres.
2561 4013 2655 4063 Bo·

557 4109 698 4163 spem
734 4102 770 4144 t.
811 4093 845 4144 ἰ.
881 4109 920 4162 p
973 4092 1259 4163 procidas?
1293 4103 1352 4143 ut
1393 4091 1569 4145 Livius
1649 4107 1837 4145 nomm
1867 4091 2006 4144 heres
2030 4101 2133 4158 est,
2158 4089 2336 4142 AErod.
2364 4120 2437 4130 -
2460 4091 2655 4164 mea-

557 4173 724 4236 xm,
753 4174 812 4242 ⁵,
839 4172 1078 4242 loquitur
1100 4194 1112 4225 ε
1144 4173 1226 4228 vel
1253 4173 1479 4238 incidas,
1510 4185 1571 4226 ut
1652 4167 1785 4224 litas.
1811 4171 1976 4240 Lege,
1990 4168 2319 4242 fruqalitati.
2346 4169 2515 4224 Giton:
