2855 4871
526 435 625 501 62·
1034 431 1128 498 Μ.
1178 432 1427 496 FABH
1474 431 2115 516 QUINTlLtAm

527 557 787 657 cepisse
826 556 1127 648 videtur,
1166 555 1621 630 mitissimus:
1657 556 1893 654 itaque
1931 557 2348 657 priusquam
2379 557 2622 629 defen-

527 673 799 747 sionem
838 673 1323 773 aggredimur,
1364 673 1441 745 in
1480 675 1609 745 hoc
1653 675 2157 747 satisfaciemus
2199 675 2441 747 animo
2471 701 2626 746 nos-

524 810 630 861 tro
649 847 667 879 ,
698 809 771 861 ut
793 789 1047 888 gratias
1077 813 1370 888 agamus
1398 809 1560 862 ante
1591 789 1834 861 omnia
1862 790 2022 863 filiae
2050 791 2377 879 nomine;
2411 817 2622 887 quam

526 905 622 976 sic
664 903 921 977 amavit
949 962 969 994 ,
1028 926 1106 976 ut
1149 929 1306 976 eam
1352 903 1591 977 diduci
1635 933 1677 976 a
1721 931 1794 977 se
1839 931 1930 997 ne
1973 907 2416 1005 navigaturus
2469 906 2625 1005 qui-

526 1023 687 1094 dem
726 1022 1055 1112 voluerit3
1094 1023 1212 1094 cui
1250 1020 1336 1095 ad
1380 1023 1814 1121 magistratus
1854 1023 2116 1096 eductae
2154 1023 2626 1123 praestandum

524 1138 830 1237 putavit,
893 1164 982 1210 ne
1028 1163 1171 1236 qua
1219 1137 1425 1211 occisi
1484 1129 1798 1211 hominis
1857 1139 2151 1212 infamia
2216 1139 2628 1237 inquinare-

526 1267 694 1342 tur¹;
712 1278 927 1352 quam
949 1252 1229 1324 tradidit
1247 1254 1474 1325 arnico
1489 1280 1641 1344 suc,
1662 1254 1854 1352 quod
1869 1253 2023 1355 jam
2043 1252 2180 1325 dici
2197 1273 2442 1353 potest,
2460 1253 2626 1351 opti-

526 1395 643 1440 mo
662 1368 933 1439 marito.
952 1368 1360 1440 Proximum
1378 1369 1580 1440 estab
1603 1367 1771 1459 hoc,
1793 1390 1870 1440 ut
1884 1369 2092 1460 amici
2117 1393 2398 1467 quoque
2413 1425 2432 1458 ,
2451 1388 2519 1438 et
2533 1423 2552 1456 ,
2571 1367 2624 1438 si

525 1482 899 1584 permittit,
945 1483 1221 1582 generi,
1268 1483 1603 1556 mandata
1643 1485 2124 1584 perferamus:
2182 1502 2346 1554 sunt
2392 1502 2624 1553 autem

523 1598 807 1688 similia3
840 1620 1007 1674 nam
1038 1619 1105 1672 et
1132 1599 1523 1699 plurimum
1549 1626 1712 1672 cum
1744 1629 1825 1674 eo
1847 1601 2040 1689 vixit;
2072 1620 2137 1672 et
2165 1597 2362 1670 nulla
2387 1623 2624 1684 causa,

527 1713 722 1786 nullo
764 1714 1095 1788 diductus
1138 1735 1241 1787 est
1269 1715 1459 1788 loco:
1497 1736 1568 1788 et
1607 1717 1935 1815 usquein
1962 1711 2402 1814 hoc'tempus
2443 1715 2520 1785 in
2551 1741 2630 1785 ea

522 1831 663 1904 fuit
714 1831 1047 1933 opinione
1069 1890 1090 1925 ,
1146 1854 1225 1907 ut
1272 1859 1345 1906 se
1394 1833 1701 1906 crederet
1748 1833 1974 1907 vivere
2018 1832 2364 1905 beneficio
2404 1832 2623 1904 istius.

525 1949 687 2019 Erat
730 1947 1037 2046 profecto
1082 1945 1252 2021 felix
1293 1947 1547 2020 domus
1573 2005 1592 2036 ,
1642 1949 1698 2020 si
1754 1948 1829 2021 in
1879 1947 2002 2020 illa
2045 1947 2274 2048 prima
2327 1945 2626 2020 simula-

525 2062 761 2135 tione²
813 2063 887 2136 hi
932 2090 1216 2137 manere
1258 2064 1678 2138 voluissent:
1728 2065 1852 2138 sed
1895 2063 2069 2137 dum
2116 2064 2297 2135 hanc
2341 2089 2627 2162 quoque

526 2177 880 2251 beneficiis
917 2179 1165 2277 optimi
1196 2161 1383 2250 senis
1414 2177 1596 2251 ferre
1627 2179 1918 2278 gratiam
1947 2177 2224 2266 volunt,
2265 2198 2332 2250 et
2357 2176 2626 2276 simpli-

524 2291 692 2365 citer
728 2294 1035 2364 fatentur
1060 2293 1337 2385 omnia,
1378 2295 1624 2366 omnia
1659 2294 2059 2368 inciderunt
2097 2294 2306 2366 ambo
2335 2293 2410 2365 in
2440 2292 2627 2367 hanc

525 2405 835 2513 dicentlae
876 2434 1095 2482 causae
1135 2409 1604 2484 necessitatem
1635 2440 1650 2483 :
1703 2409 1878 2483 (lum
1911 2409 2172 2483 scilicet
2209 2409 2625 2483 ambitiosus

524 2550 738 2622 gener
784 2521 936 2598 vult
963 2524 1187 2598 videri
1224 2552 1458 2599 socero
1491 2553 1619 2601 suo
1665 2527 2137 2618 innocentior,
2182 2554 2394 2625 quam
2431 2526 2628 2599 vide-

524 2639 749 2711 batur.
798 2640 1151 2739 Equidem
1192 2644 1483 2742 peractis
1520 2644 1900 2741 gratiarum
1949 2642 2378 2742 agendarum
2421 2668 2628 2713 man-

598 2892 642 2926 1.
676 2874 842 2927 occisa·
865 2875 1091 2929 hominis
1112 2877 1340 2947 infamia
1364 2876 1533 2950 inqui-

524 2962 753 3003 nar-etur.
789 2954 897 3005 Lex
928 2969 1069 3006 erat:
1106 2956 1275 3028 Rapta
1312 2955 1533 3027 raptoris

1613 2892 1664 2931 et
1700 2895 1764 2945 2,
1800 2896 1919 2950 cap.
1960 2879 2055 2931 ult.
2095 2878 2162 2933 tle
2193 2892 2379 2952 rapto:
2423 2892 2480 2932 et
2515 2878 2623 2931 huc

1609 2958 1840 3028 pertinet
1861 2976 1978 3030 cap.
2007 2974 2100 3024 υ,
2124 2958 2279 3011 exod.
2305 2960 2487 3013 AEnon.

524 3041 739 3082 mortem
756 3066 774 3092 ,
798 3041 894 3081 aut
920 3031 1179 3087 indotatas
1204 3034 1415 3105 nuptias
1438 3050 1532 3105 op-

522 3118 610 3161 tet.
627 3110 791 3179 Igitur
806 3111 1043 3180 quamvis
1054 3114 1179 3181 jure
1191 3125 1246 3164 et
1258 3111 1374 3183 lege
1386 3130 1532 3165 mors

468 3202 475 3207 ·
522 3190 699 3259 optari
718 3201 930 3259 posset:
956 3187 1101 3259 quod
1125 3188 1442 3258 humanius,
1468 3208 1530 3243 ac

521 3286 693 3342 prope
734 3270 910 3322 minus
951 3270 1148 3323 infame
1188 3284 1267 3325 est
1288 3309 1303 3337 ,
1344 3272 1532 3325 maluit

520 3350 638 3403 filice
664 3364 852 3402 auctor
872 3370 985 3405 esse
1002 3390 1021 3421 ,
1042 3367 1102 3406 ut
1130 3372 1253 3407 eum
1281 3354 1384 3407 sibi
1411 3372 1530 3406 ma-

522 3430 681 3481 ritum
720 3445 992 3501 posceret,
1028 3436 1116 3486 cui
1152 3450 1217 3487 ex
1248 3428 1552 3505 naufragio

520 3509 626 3560 vita
648 3508 976 3563 debebatur:
997 3510 1156 3583 hujus
1180 3527 1406 3567 mortem
1431 3530 1532 3585 op-

521 3590 622 3643 tari
645 3608 755 3642 non
779 3608 967 3662 posse,
990 3592 1107 3645 sine
1130 3593 1331 3647 scelere
1354 3606 1409 3647 et
1432 3592 1531 3647 fla-

518 3674 666 3744 gitio.
714 3672 969 3725 Caeterurn
1013 3690 1081 3725 ne
1124 3672 1375 3749 deinceps
1418 3672 1530 3727 ulla

521 3750 726 3817 mulier,
747 3750 831 3802 vel
859 3752 1165 3805 consciente
1192 3766 1345 3826 patre
1362 3792 1380 3821 ‚
1403 3773 1531 3827 rap-

520 3835 651 3885 toris
674 3831 889 3902 eligeret
915 3832 1015 3884 sibi
1039 3835 1285 3903 nuptias,
1310 3854 1341 3888 a
1362 3837 1530 3888 Justi-

520 3915 680 3965 niano
706 3915 969 3966 sancitum
988 3926 1068 3967 est
1088 3913 1179 3967 lib.
1205 3916 1280 3967 IX
1302 3914 1371 3969 de
1391 3918 1528 3989 Rap.

518 3994 645 4064 virg.
672 4007 726 4048 et
752 3997 1133 4050 constitutione
1156 3996 1273 4064 ¹43·
1298 3998 1399 4051 Sed
1424 4017 1532 4051 rur·

522 4092 613 4125 sus
640 4078 914 4148 pontificio
936 4066 1093 4151 jure,
1122 4078 1322 4152 aliquid
1351 4099 1416 4133 ex
1439 4080 1531 4133 illo

522 4158 740 4228 antiquo
754 4174 1007 4213 novatum
1020 4174 1129 4231 est,
1142 4162 1363 4217 XXXVI
1374 4201 1391 4231 ‚
1410 4164 1478 4233 Q.
1503 4180 1524 4215 r

894 4366 925 4391 F

1684 3052 1734 3087 2.
1759 3034 1818 3088 St'
1844 3037 1899 3086 in
1929 3034 2027 3088 illa
2054 3036 2232 3109 prima
2262 3036 2622 3091 simulatione.

1610 3117 1727 3169 Hoc
1747 3130 1826 3169 est
1841 3154 1858 3184 ‚
1883 3119 1928 3169 si
1951 3119 2006 3170 in
2029 3118 2118 3171 illa
2141 3118 2319 3173 divitis
2343 3138 2454 3171 non
2477 3123 2625 3191 jain,

1611 3211 1670 3250 nt
1698 3213 1953 3271 apparet,
1977 3218 2098 3253 vera
2129 3202 2357 3253 amicitia
2374 3239 2390 3267 ‚
2423 3200 2521 3254 sed
2555 3202 2626 3254 si·—

1610 3278 1902 3332 mulatione
1916 3317 1934 3346 ‚
1957 3279 2091 3334 nihil
2114 3278 2421 3335 humanitus
2446 3301 2514 3335 ex
2533 3300 2626 3335 tu-

1611 3358 1782 3411 multu
1797 3360 2090 3416 accidisset.
2108 3366 2215 3415 Aut
2227 3366 2400 3415 verius
2411 3402 2428 3430 ,
2445 3366 2490 3416 si
2503 3382 2624 3435 per·

1609 3449 1775 3508 petuo
1807 3451 1860 3491 et
1884 3436 1991 3491 filia
2007 3478 2024 3506 ‚
2057 3459 2115 3493 se
2141 3453 2383 3513 raptam;
2407 3456 2461 3494 et
2484 3460 2624 3513 pau-

1609 3536 1738 3590 per,
1777 3538 1834 3573 se
1868 3524 2108 3593 rapuisse
2145 3522 2472 3577 simulasset:
2510 3542 2620 3575 non

1612 3615 1790 3655 autem
1799 3602 2078 3656 celebratis
2089 3608 2310 3677 nuptiis,
2321 3604 2490 3673 diviti,
2503 3626 2626 3659 can-

1610 3698 1666 3732 sa
1677 3680 2038 3734 cumulatioris
2049 3680 2307 3736 habenda!
2319 3688 2522 3755 gratim,
2535 3703 2622 3738 ve·

1607 3764 1815 3815 ritatem
1841 3782 2053 3817 omnem
2075 3768 2422 3837 exposuisset.
2453 3770 2623 3823 Crete-

1608 3862 1726 3895 runi
1749 3844 1838 3899 hic
1859 3844 2137 3899 exclamari
2153 3861 2360 3919 potest,
2383 3850 2536 3920 quod
2553 3851 2622 3905 ab

1607 3925 1865 3979 Euclione
1877 3928 1934 3979 in
1949 3926 2225 3981 Aulularia
2243 3949 2255 3979 ε
2284 3928 2399 3982 ·Dii
2415 3932 2626 3984 immor-

1615 4026 1639 4051 ιι
1660 4002 1818 4057 tales!
1843 4006 2050 4059 facinus
2075 4005 2250 4059 audax
2269 4008 2456 4080 incipit
2470 4048 2487 4074 ,
2516 4013 2626 4079 Qui

1617 4109 1638 4131 ι
1664 4103 1786 4137 cum
1811 4086 2068 4160 opulento
2091 4106 2300 4160 pauper
2321 4092 2486 4160 coepit
2509 4110 2624 4144 rem

1619 4188 1640 4211 ι
1659 4164 1858 4221 habere
1882 4179 1973 4219 aut
1997 4170 2287 4239 negotium.
2309 4193 2332 4217 n
2360 4170 2544 4221 AEnou.
