2855 4871
582 404 1424 470 DECLAMATIONES.
1474 404 1848 469 CCXCIV.
2143 406 2263 471 183

168 528 346 599 dum
369 526 524 600 volo
548 556 566 600 :
591 528 998 601 merueratis
1019 528 1211 600 enim
1227 586 1246 619 ,
1275 555 1363 600 ne
1384 528 1660 601 vellem.
1680 531 1997 627 Caputne
2022 554 2266 601 meum

169 666 316 716 tam
347 644 478 715 cito
507 643 854 716 donastis?
883 665 1022 716 tam
1052 644 1254 717 facile
1288 644 1619 717 innocens
1654 644 1917 717 occisus
1952 665 2057 717 est
2085 644 2159 716 in
2192 672 2273 717 ea

169 756 476 847 civitate,
515 758 592 830 in
623 784 762 857 qua
799 756 930 828 sibi
968 778 1166 857 putat
1194 757 1446 857 aliquis
1478 778 1617 829 tam
1657 758 1856 830 facile
1885 785 2080 858 posse
2106 786 2273 830 con-

167 872 480 971 tingere,
526 899 617 943 ne
667 898 820 943 reus
865 871 1024 943 fiat?
1056 871 1252 963 Quid
1287 893 1386 942 est
1418 871 1622 971 ergo?
1664 872 1988 944 nondum
2028 899 2271 945 omnes

171 986 532 1059 exsilimus
579 988 867 1058 affectus
913 1014 928 1056 :
982 986 1232 1060 faciam
1279 986 1476 1059 vobis
1526 985 1711 1059 hanc
1757 987 2137 1079 invidiam,
2191 1010 2273 1061 ut

171 1099 395 1173 sciatis
431 1128 476 1171 a
503 1102 700 1173 vobis
733 1100 949 1173 occidi
984 1101 1256 1174 bonum
1293 1102 1535 1173 civem.
1570 1104 1812 1201 Neque
1846 1102 2039 1175 enim
2080 1103 2277 1200 quis-

175 1241 389 1313 quam
423 1236 796 1315 exspectet,
824 1238 898 1288 ut
921 1216 1055 1288 hoc
1076 1215 1344 1317 judicio
1369 1215 1634 1305 dicam,
1666 1216 2021 1316 quomodo
2047 1214 2275 1316 prodi·

174 1330 384 1423 derit,
411 1358 560 1429 quo
583 1330 799 1430 pretio
817 1388 836 1421 ‚
867 1358 1008 1429 quo
1037 1350 1348 1431 tempore
1366 1388 1385 1421 ‚
1416 1356 1558 1430 quo
1585 1330 1737 1403 loco
1768 1359 1782 1402 :
1820 1331 1876 1403 si
1900 1331 2105 1405 vultis
2129 1331 2276 1403 haec

175 1446 417 1518 audire
438 1504 459 1537 ,
488 1446 640 1519 date
671 1446 856 1518 diem
885 1475 900 1517 z
937 1448 991 1519 si
1017 1474 1105 1519 ne
1132 1447 1264 1521 hoc
1288 1449 1576 1549 quidem
1604 1449 1929 1549 impetro,
1958 1476 2105 1521 non
2133 1474 2275 1521 me-

177 1561 431 1633 ruistis.
470 1564 560 1633 Et
593 1562 724 1634 hoc
762 1589 874 1634 me
909 1589 1069 1635 mea
1101 1590 1302 1636 causa
1330 1592 1475 1637 non
1503 1565 1765 1656 facere,
1796 1565 1909 1638 cui
1945 1592 2090 1637 non
2125 1592 2277 1665 pos-

177 1676 258 1747 sit
299 1704 448 1749 esse
487 1677 982 1750 manifestum?
1024 1680 1433 1779 expediebat
1464 1682 1725 1782 alioqui
1762 1681 1941 1753 mihi
1976 1682 2276 1772 ¹vivere,

181 1792 586 1893 expediebat
607 1792 940 1893 suspenso
963 1824 1042 1867 ac
1067 1795 1357 1870 sollicito
1377 1798 1750 1897 transigere
1771 1797 1916 1871 haec
1937 1821 2277 1899 tempora.

182 1909 454 1981 Fortius
471 1929 610 2001 est,
639 1909 828 2009 quod
849 1910 1100 1983 differo
1126 1932 1422 1984 mortem
1436 1969 1457 2005 ,
1486 1940 1698 2012 quam
1719 1912 1911 2013 quod
1933 1912 2111 1985 mori
2132 1938 2278 1985 non

187 2048 444 2095 recuso.

1008 2479 1456 2556 CCXCV.

747 2685 1044 2782 Deinens
1072 2735 1159 2782 ex
1189 2709 1715 2810 vinculisfhrtis.

191 2915 568 2976 Dementiae²
596 2915 927 2978 damnatus
958 2939 995 2978 a
1025 2915 1188 2995 filio,
1213 2931 1275 2978 et
1304 2915 1619 2999 alligatus,
1647 2915 1844 2998 ruptis
1869 2913 2131 2974 vinculis
2154 2913 2285 2974 for-

263 3011 408 3072 titer
439 3011 612 3072 fecit.
652 3013 917 3073 Praemio
953 3013 1108 3094 petit
1151 3012 1643 3074 restitutionem:
1687 3031 1879 3094 quam
1914 3031 2113 3092 quum
2148 3009 2284 3072 filio

263 3106 731 3168 contradicente
751 3108 1112 3192 accepisset,
1137 3109 1386 3170 abdicet
1411 3105 1645 3168 filium.

1055 3291 1420 3359 SERMO.

277 3450 484 3516 Filius
509 3449 767 3539 optabit
782 3501 802 3532 ,
825 3467 900 3516 ut
923 3468 1112 3542 pater
1139 3475 1334 3518 sanus
1359 3453 1480 3517 sit:
1510 3449 1687 3518 dicet
1711 3450 1780 3517 id
1805 3473 2013 3540 genus
2039 3450 2284 3516 furoris

193 3557 430 3638 fuisse,
460 3571 538 3620 ut
561 3557 1120 3624 intermissionem
1140 3557 1439 3646 haberet.

264 3743 312 3778 ι.
350 3725 577 3798 Alioqui
612 3727 798 3780 vivere.
832 3728 1053 3800 Alioqui
1089 3745 1202 3780 now
1273 3726 1501 3798 passim,
1522 3723 1615 3778 sed
1633 3720 2017 3797 proecipuelib.
2031 3723 2153 3789 vn,
2168 3741 2214 3775 c.
2232 3721 2286 3789 4,

197 3807 359 3858 vivere
370 3805 675 3876 expediebat
687 3824 794 3858 non
808 3825 1060 3879 suspenso.
1076 3807 1194 3859 Sca.
1277 3819 1333 3856 et
1363 3822 1424 3856 ex
1454 3804 1655 3857 Seneca
1687 3801 1835 3856 libris
1868 3817 1979 3856 tum
2008 3799 2287 3854 Declama-

265 3902 314 3936 2.
339 3884 643 3936 Dementiae.
664 3886 936 3958 Frequens
954 3884 1087 3954 hoc,
1108 3899 1200 3938 aut
1279 3888 1511 3949 tionum,
1536 3899 1650 3938 tum
1672 3881 2184 3946 controversiarum,
2210 3891 2286 3932 at-

194 3963 342 4018 ·Ιίαά
369 3965 480 4018 tale
510 3981 592 4020 est
623 3983 991 4038 argumentum
1007 4008 1022 4038 ,
1054 3969 1198 4040 apud
1279 3986 1380 4039 que
1410 3986 1474 4019 ex
1500 3967 1562 4019 iis
1587 3969 1739 4019 etiam
1762 3961 2285 4028 DeclamationibuS,

195 4041 604 4112 declamatores,
625 4059 686 4098 ut
707 4045 882 4100 videre
904 4060 985 4101 est
1007 4065 1070 4100 ex
1095 4046 1199 4100 boc
1279 4065 1396 4120 quoe
1440 4044 1539 4098 sub
1576 4047 1792 4098 nomine
1828 4039 2141 4112 Quintiliani
2177 4041 2286 4094 cir-

195 4142 379 4182 nottro
396 4127 834 4199 Quintili-nobie
846 4168 864 4198 ,
883 4143 936 4185 ct
952 4131 1010 4183 in
1026 4129 1197 4184 Instit-
1277 4126 1810 4182 conferuntur.l'·'iiio
1824 4143 1952 4178 vero
1967 4134 2169 4175 certum
2183 4133 2283 4188 est,
