2855 4871
655 446 1499 514 DECLAMATIONES.
1548 447 1913 514 CCCLVI.

2205 443 2332 531 453

235 572 430 636 illum
453 593 672 636 amare
697 571 1050 637 desineret.
1079 574 1242 636 Nam
1267 572 1454 638 initio
1478 573 1696 637 statim
1722 572 2076 639 dicendum
2106 590 2203 640 est
2221 624 2236 653 ,
2272 591 2337 638 et

236 678 436 768 culpa
457 680 818 744 meretricis
833 679 1175 769 juvenem=
1204 678 1503 759 haesisse3
1528 695 1593 744 et
1616 678 1769 745 ideo
1794 681 2164 771 quaesitam,
2187 703 2337 770 quae

236 801 547 850 avocaret
561 799 609 864 ²3
634 804 700 851 et
725 785 832 850 illa
863 786 1116 850 ratione
1142 784 1358 850 datam
1376 785 1611 875 juveni
1637 789 2010 874 pecuniam.
2041 792 2123 852 At
2150 787 2339 853 illum

237 891 543 981 protinus
573 893 940 957 cucurrisse
971 891 1056 956 ad
1089 893 1505 958 meretricem
1535 917 1758 958 suam:
1794 909 2049 981 patrem
2080 910 2299 958 autem
2321 947 2336 976 ,

237 1001 558 1088 quoniam
591 1000 777 1065 nullo
805 997 1008 1064 modo
1037 1021 1266 1064 sanare
1300 998 1511 1064 filium
1552 1002 1878 1090 potuerit,
1917 999 2001 1066 ad
2039 1001 2339 1066 ultimam

239 1105 566 1172 ultionem
585 1107 978 1196 confugere:
1003 1105 1312 1174 abdicare
1337 1105 1577 1189 filium,
1606 1109 1761 1199 quia
1784 1108 2138 1174 emendare
2164 1105 2339 1176 3non

239 1227 484 1300 potest.

237 1389 320 1440 Ab
350 1388 460 1461 ipso
487 1390 804 1444 adolescente
829 1408 937 1444 non
965 1391 1242 1461 redempta.

241 1467 461 1519 Senum-r.

321 1565 366 1600 ι.
411 1549 665 1601 Juvenem
707 1548 922 1604 haesisse.
957 1547 1209 1600 Restitisse
1227 1586 1244 1614 ,

242 1625 445 1678 scilicet
458 1629 624 1697 patris
639 1641 689 1681 et
706 1643 986 1700 parentum
1003 1628 1215 1678 monitis
1234 1647 1247 1678 ε

239 1723 408 1774 marg.
431 1703 609 1757 AErod.
638 1705 743 1757 Sed
763 1708 1038 1779 proprium
1059 1707 1114 1757 'm
1134 1704 1252 1756 libi-

241 1783 456 1837 dinibus
485 1784 734 1852 verbum,
765 1786 985 1839 harere.-
1013 1799 1074 1838 ut
1100 1785 1251 1856 quasi

239 1867 446 1938 laqueis
467 1879 682 1938 captus,
701 1887 811 1920 non
829 1867 1066 1940 potuerit
1083 1885 1138 1918 se
1163 1885 1253 1918 ex-

239 1943 450 2017 pedire;
475 1957 536 1996 ut
555 1963 664 2018 seq.
686 1946 892 1999 Dect·
867 1947 1167 2017 «Captum,
1191 1958 1252 1997 nt

246 2027 528 2078 nst-evocari
541 2045 574 2078 a
585 2025 875 2098 cupiditate
890 2046 1000 2080 non
1011 2039 1244 2099 posset.

238 2103 396 2156 ovid.
422 2105 531 2155 Art.
557 2105 674 2155 Am.
699 2106 770 2158 111
780 2143 798 2171 ‚
825 2105 958 2172 543·
947 2146 957 2156 .
993 2105 1150 2157 «Nos
1174 2105 1251 2157 fa-

246 2205 268 2228 ·
288 2182 390 2236 cile
413 2182 669 2236 haeremus
688 2222 706 2250 ,
730 2182 1013 2256 validoque
1039 2187 1250 2258 peruri-

245 2281 412 2316 ·nur
455 2277 661 2326 aestu;·
710 2267 894 2320 Amor.
937 2269 990 2334 1,
1036 2268 1100 2334 8,
1145 2267 1248 2334 ²4²

245 2371 269 2394 ι
287 2348 478 2412 Ηεείῐ,
497 2359 548 2398 et
571 2348 628 2398 in
645 2347 795 2400 vultu
822 2350 1058 2400 constitit
1081 2365 1251 2419 usque
1293 2337 1297 2344 ⁵

245 2452 268 2475 ιι
289 2420 449 2479 tuos·
475 2427 690 2497 Proper.
724 2427 869 2500 Eleg.
899 2430 980 2496 11,
1008 2446 1068 2480 2:
1102 2452 1124 2475 ιι
1145 2429 1249 2495 Qui

247 2530 268 2554 ι
285 2504 494 2559 nnllam
511 2504 610 2557 tibi
629 2504 841 2558 dicebas
858 2508 970 2575 jam
984 2524 1145 2576 posse
1159 2524 1254 2557 no-

245 2612 270 2635 ·
289 2605 442 2655 cere,
466 2588 697 2656 fleuisti,
719 2586 911 2640 cecidit
933 2588 1146 2658 spiritus
1162 2586 1252 2639 ille

249 2680 434 2719 «tuus.
458 2667 572 2717 -Et
596 2666 668 2717 ita
692 2669 888 2736 passim
909 2677 1112 2738 poetoe,
1133 2664 1252 2717 vide

243 2746 316 2797 ibi
337 2748 596 2798 Passerat.
624 2746 792 2807 Eunu,

317 2842 366 2876 2.
389 2826 517 2894 Quoe
532 2836 786 2877 avocaret.
803 2824 870 2876 Bt
884 2821 992 2874 hoc
1011 2820 1252 2891 elegans,

243 2902 590 2974 desumptum
635 2920 700 2955 ex
743 2920 802 2953 re
849 2899 1088 2952 militari.
1139 2916 1252 2987 qun

245 2993 510 3035 averteret
523 2999 674 3045 eum,
690 2978 922 3033 alienum
934 2997 963 3029 a
980 2977 1253 3029 meretrice

245 3058 512 3115 redderet.
532 3058 666 3111 vide
687 3058 850 3111 Gron.
878 3056 946 3109 ad
966 3056 1073 3110 Liv.
1103 3057 1159 3122 1,
1186 3054 1251 3107 6·
1237 3075 1252 3118 3

1327 1391 1517 1456 XL111,
1552 1391 1643 1456 16,
1681 1391 1743 1456 5,
1776 1389 1871 1444 ubi
1904 1401 2175 1444 avocatam
2212 1406 2337 1441 con-

1325 1471 1528 1522 cionem
1538 1492 1558 1532 ‚·
1579 1484 1633 1524 et
1649 1470 1878 1522 Tennul.
1904 1472 1972 1523 ad
1992 1471 2307 1522 Frontinum
2320 1507 2336 1536 ,

1330 1547 1553 1620 Strateg.
1580 1551 1633 1614 1,
1658 1550 1723 1615 4,
1756 1547 1835 1614 14.
1861 1549 2028 1600 Banu.

1401 1627 1454 1680 3.
1506 1627 1639 1696 Quia
1682 1627 1957 1680 emendare
2002 1645 2108 1680 non
2156 1637 2337 1698 potest.
2376 1681 2381 1688 ,

1329 1708 1583 1760 Francius
1606 1705 1867 1774 malebat,
1894 1706 2195 1772 emendari,
2221 1705 2339 1773 vel,

1331 1786 1605 1837 emendare
1646 1805 1751 1838 non
1791 1798 1972 1857 posset.
2028 1785 2338 1853 Quintilian.

1329 1867 1559 1918 Institut.
1576 1867 1696 1934 Vll,
1721 1865 1782 1934 4,
1806 1885 1903 1937 27:
1936 1889 1957 1912 ιι
1978 1865 2180 1918 Mavult
2201 1867 2341 1918 enim

1337 1959 1532 2017 «pater
1546 1948 1809 2017 corrigere
1820 1983 1837 2012 ‚
1852 1965 2013 2019 quam
2028 1944 2294 1997 abdicare.
2314 1969 2337 1995 ιο

1331 2025 1590 2078 Caeterum
1614 2025 1707 2078 hic
1733 2039 1837 2093 est,
1858 2026 2007 2078 velut
2028 2027 2085 2076 in
2105 2024 2338 2078 Declam.

1331 2123 1448 2175 seq.
1476 2123 1540 2156 ex
1564 2103 1911 2156 abdicationis
1935 2105 2121 2156 formis
2142 2103 2308 2154 altera
2323 2141 2342 2171 ‚

1333 2201 1493 2253 quam
1507 2181 1639 2235 Fab.
1656 2182 1777 2235 eod.
1800 2182 1921 2236 loco
1938 2195 2095 2235 vocat
2112 2181 2345 2234 criminis

1335 2259 1629 2334 imperfecti
1638 2284 1657 2324 ‚·
1676 2263 1731 2313 in
1752 2279 1859 2334 qua
1876 2279 2069 2334 nempe
2094 2281 2117 2306 a
2133 2259 2345 2312 abdica-

1339 2361 1362 2386 ·
1382 2353 1470 2392 tur
1483 2339 1642 2406 filius,
1659 2341 1783 2412 quia
1802 2358 1913 2392 non
1930 2352 2114 2412 pareat
2128 2339 2296 2410 patri;
2314 2360 2336 2386 n

1334 2431 1388 2470 at
1418 2438 1595 2471 errore
1622 2435 1734 2469 non
1763 2416 2155 2471 inemendabili.
2182 2412 2343 2486 Quod

1331 2494 1475 2549 idem
1502 2496 1697 2549 Fabius
1723 2497 1853 2549 Inst.
1872 2497 1997 2563 vn,
2027 2514 2046 2547 1
2065 2534 2083 2562 ‚
2112 2495 2207 2562 14,
2230 2499 2343 2567 jam

1333 2589 1764 2649 exprompserat:
1794 2600 1819 2624 α
1838 2580 1974 2629 Nam
1999 2575 2239 2648 quodam
2262 2576 2342 2628 le-

1338 2677 1361 2702 «
1380 2673 1473 2725 ges
1507 2657 1563 2707 in
1600 2653 1927 2707 scholasticis
1962 2668 2238 2727 ponuntur
2274 2652 2345 2705 ad

1340 2734 1815 2808 -conjungendam
1834 2734 1995 2788 modo
2020 2747 2147 2787 acue
2169 2735 2244 2785 rei
2268 2752 2345 2786 se-

1339 2814 1542 2876 «niem
1564 2826 1627 2865 ut
1644 2835 1656 2864 ε
1678 2814 1854 2865 minus
1873 2812 2018 2865 dicto
2041 2810 2345 2864 audientem

1319 2936 1326 2943 .
1339 2894 1543 2947 «liceat
1562 2894 1730 2947 filium
1750 2893 2029 2956 abdicare,
2053 2907 2152 2946 etc.
2176 2915 2199 2941 ι
2220 2892 2339 2946 vid.

1334 2988 1607 3047 utcunque
1621 2987 1777 3027 notas
1786 3012 1803 3041 ‚
1818 2993 1932 3049 qua
1946 2974 2014 3027 de
2030 2972 2135 3027 hoc
2148 2974 2351 3049 passim

1335 3067 1641 3111 occurrunt.
1665 3054 1759 3106 En.
