2855 4871
533 448 1364 515 DECLAMATIONES.
1412 448 1875 515 CCLXVIII.
2132 474 2241 518 101

199 593 534 671 qnaeratur,
565 602 720 674 quae
744 574 1073 673 professio
1099 600 1179 646 ex
1197 574 1445 647 nostris
1464 575 1982 672 speciosissima,
2005 602 2253 677 quam·
2360 638 2365 641 .

198 714 386 785 quarn
419 689 514 761 sic
547 716 828 789 quoque
861 690 1205 763 vincerem
1225 745 1244 777 ,
1283 689 1404 761 sed
1437 690 1871 789 quae-civitati
1908 692 1994 764 sit
2019 690 2253 764 utilis-

197 800 384 873 sima:
424 802 604 875 nihil
635 824 734 875 est
758 831 952 903 ergo,
989 804 1176 901 quod
1212 804 1495 901 ingenia
1514 804 1818 904 jactent,
1852 805 2031 877 nihil
2064 804 2252 902 quod

197 943 262 987 ex
281 918 508 992 animo
539 947 665 993 suo
699 941 972 993 tantum
1008 921 1326 993 referant.
1357 922 1713 1011 Quaeritur
1738 923 1895 1020 quis
1920 922 2265 996 omnibus

195 1032 417 1128 prosit:
453 1034 540 1107 sit
571 1034 1010 1135 philosophia
1037 1062 1142 1107 res
1169 1062 1489 1125 summa3
1520 1036 1607 1107 ad
1637 1064 1891 1136 paucos
1919 1038 2249 1137 pertinet:

193 1147 260 1217 sit
299 1146 686 1249 eloquentia
729 1176 833 1223 res
877 1149 1344 1240 admirabili53
1391 1178 1535 1223 non
1580 1150 1897 1250 pluribus
1940 1152 2252 1251 prodest,

192 1264 380 1358 quam
405 1286 658 1339 nocet:
695 1266 840 1337 sola
868 1286 966 1338 est
989 1266 1337 1339 medicina
1354 1325 1374 1358 ‚
1405 1294 1549 1365 qua
1576 1294 1752 1366 opus
1784 1268 1872 1340 sit
1899 1269 2251 1341 omnibus.

189 1378 262 1449 Et
284 1401 548 1478 patrem
575 1406 856 1480 quoque
885 1386 1198 1455 nostrum
1227 1382 1299 1455 id
1321 1382 1612 1455 voluisse
1630 1440 1649 1471 ‚
1681 1404 1761 1454 ut
1788 1381 2001 1471 hanc,
2037 1410 2257 1483 quam

191 1492 248 1563 in
265 1496 700 1569 contentione
722 1496 1078 1593 reliquisse
1096 1498 1390 1588 videtur,
1411 1518 1677 1597 partem
1693 1554 1712 1586 ,
1728 1498 2256 1598 quodammodo

189 1608 414 1683 civitati
453 1611 680 1701 daret,
724 1612 1178 1685 manifestum
1219 1634 1320 1686 est
1355 1640 1374 1683 r
1414 1639 1561 1685 non
1596 1612 1729 1685 sibi
1764 1612 2214 1686 utilissimum
2235 1672 2255 1705 ‚

189 1750 308 1796 non
325 1728 570 1800 amicis
591 1726 1036 1801 utilissimum
1055 1785 1075 1819 ‚
1100 1755 1242 1801 non
1270 1728 1356 1801 de
1385 1750 1583 1827 patre
1598 1728 1862 1827 optime
1883 1729 2215 1801 meritum
2234 1788 2254 1821 ‚

190 1842 441 1940 proprie
480 1842 655 1940 quid
690 1843 864 1915 ferre
901 1871 982 1917 ex
1012 1864 1423 1917 testamento
1452 1870 1579 1915 suo
1604 1843 1865 1929 voluit3
1900 1844 2020 1940 qni
2048 1843 2261 1915 fuerit

189 1954 346 2028 utilis
373 1958 628 2029 civitati
653 1985 666 2028 :
700 1984 862 2056 ergo
885 1980 954 2031 et
977 1958 1336 2055 aequaliter
1353 1957 1445 2031 ad
1471 1984 1715 2029 omnes
1736 1957 2089 2029 medicina
2110 1958 2259 2031 sola

189 2072 462 2167 pertinet
477 2129 496 2161 ,
527 2094 594 2145 et
613 2072 814 2145 nulla
839 2094 980 2147 tam
1012 2073 1395 2148 necessaria
1420 2094 1525 2146 est
1548 2073 1744 2145 omni
1774 2074 2009 2172 generi
2035 2074 2261 2145 homi-

191 2210 376 2277 num,
415 2214 634 2287 quam
669 2189 1040 2263 medicina.
1075 2190 1372 2287 Reliqua
1413 2191 1857 2263 conferamus
1894 2217 1909 2259 :
1958 2216 2040 2261 ac
2078 2188 2263 2261 mihi·

189 2303 476 2399 primum
501 2305 854 2405 agendum
885 2326 983 2379 est
1011 2333 1173 2379 cum
1197 2308 1404 2379 fratre
1427 2306 1842 2405 philosopho
1859 2362 1879 2396 ,
1906 2304 2103 2406 cujus
2127 2332 2259 2405 ego

189 2416 248 2491 in
285 2420 622 2496 hodierna
667 2424 1110 2497 contentione
1153 2425 1583 2523 propositum
1630 2422 1866 2498 mirari
1909 2425 2069 2496 satis
2111 2451 2267 2497 non·

189 2561 492 2632 possum:
537 2538 718 2614 nihil
753 2540 948 2612 enim
989 2540 1260 2612 videtur
1298 2539 1556 2612 habere
1596 2539 2037 2638 philosophia
2080 2565 2259 2638 prae-

189 2653 492 2742 stantius,
527 2680 742 2750 quam
785 2652 977 2753 quod
1019 2653 1314 2726 modicis
1337 2674 1678 2726 ¹contenta
1710 2675 1849 2739 est,
1885 2653 2261 2750 ampliores

191 2789 334 2862 opes
371 2793 520 2840 non
561 2765 898 2840 desiderat
935 2795 950 2839 ε
996 2795 1162 2840 narn
1200 2768 1707 2867 &cupiditates
1741 2764 2053 2854 easdem,
2088 2793 2261 2865 quas

192 2880 388 2952 caeteri
408 2880 678 2954 habent
695 2897 743 2971 ¹,
769 2909 913 2954 non
937 2881 1174 2972 video,
1193 2881 1374 2980 -quid
1401 2881 1637 2980 prosit.
1664 2883 1911 2982 Neque
1936 2906 2051 2953 me
2085 2907 2263 2979 prae-

189 2997 352 3088 terit,
384 2997 698 3097 judices,
741 3026 956 3096 quam
993 2998 1216 3071 multa
1247 2996 1383 3070 dici
1415 2997 1739 3070 adversus
1777 2994 1958 3069 hanc
1990 2999 2266 3097 profes-

190 3111 436 3184 sionem
477 3112 574 3184 ab
600 3113 712 3184 his
747 3113 1046 3204 soleant,
1079 3140 1384 3212 qnorum
1425 3112 1809 3185 libertatem
1842 3139 1989 3184 non
2024 3113 2259 3212 impe-

192 3225 374 3300 diunt
388 3255 698 3327 personae
717 3255 732 3301 ε
759 3231 1017 3330 quippe
1037 3230 1166 3302 hos
1186 3229 1294 3300 illi
1313 3251 1384 3301 et
1397 3255 1608 3300 vanos
1621 3249 1870 3300 vocant
1886 3251 1956 3300 et
1973 3230 2223 3302 otiosos
2237 3287 2256 3320 ‚

192 3362 251 3413 et
272 3341 340 3414 in
373 3343 724 3416 ambitum
757 3345 987 3444 ipsum
1013 3402 1032 3435 ‚
1068 3365 1308 3417 contra
1339 3370 1559 3443 quem
1598 3345 1898 3415 maxime
1933 3343 2269 3417 disserere

193 3457 510 3548 videntur,
544 3458 924 3557 alligatos2.
954 3459 1136 3532 Mihi
1169 3486 1334 3532 cum
1370 3459 1575 3531 fratre
1607 3458 1891 3557 quaestio
1926 3479 2029 3531 est
2056 3486 2071 3528 :
2110 3459 2261 3531 haec

193 3598 334 3670 ergo
377 3573 632 3646 leviora
678 3573 921 3646 dixisse
967 3575 1127 3647 satis
1170 3595 1309 3665 est,
1358 3571 1877 3675 philosophiam
1923 3600 2069 3644 non
2117 3601 2271 3646 esse·

197 3691 646 3764 necessariam.
670 3693 818 3788 Ego
837 3713 1070 3764 autem
1092 3717 1318 3762 mores
1332 3689 1360 3734 ³
1384 3690 1573 3762 nasci
1598 3710 1798 3788 puto,
1820 3711 1891 3762 et
1905 3690 2257 3789 propriam

265 3865 300 3901 1.
323 3853 495 3905 coeten·
511 3852 722 3906 habent.
744 3854 912 3924 Lege:
939 3872 1066 3928 quas
1081 3871 1174 3906 coe-
1250 3853 1487 3906 Declam„
1520 3854 1573 3918 1,
1595 3853 1630 3905 6
1656 3854 1727 3905 ad
1754 3869 2019 3904 moerorem
2046 3849 2255 3920 alliqat.

197 3932 302 3996 (ω’,
325 3932 486 3987 babet-
1323 3934 1376 3984 3.
1411 3933 1527 4006 qu
1557 3945 1731 3984 autem
1760 3948 1939 3982 morea
1973 3929 2087 4000 qu
2114 3929 2257 3978 enim

269 4028 311 4061 2.
358 4012 634 4090 Alligatus.
685 4013 928 4088 Illiqatos
977 4015 1174 4068 mavult
1253 4031 1324 4062 m.
1347 4011 1529 4063 AErod.
1554 4011 1677 4062 Haec
1700 4027 1762 4060 ex
1786 4009 2085 4060 Stoicorum
2108 4005 2265 4058 disci-

195 4085 560 4163 Schultingius;
603 4091 697 4145 sed
738 4094 813 4144 sic
851 4092 1067 4168 alligari
1103 4093 1177 4146 ad
1253 4092 1398 4164 plina
1432 4091 1657 4144 illustrat
1686 4091 1830 4160 Lips-
1866 4087 1937 4142 ad
1972 4089 2150 4142 Senec.
2186 4087 2261 4140 de

197 4183 284 4217 mm
321 4191 450 4244 saepe
493 4171 692 4226 Fabius
739 4171 884 4225 dixit.
920 4171 1052 4226 Vide
1106 4171 1174 4224 ad
1254 4173 1377 4226 Otio
1402 4173 1687 4244 Sapientis,
1714 4189 1759 4222 e.
1788 4170 1873 4236 41.
