2855 4871
609 411 731 461 110
1111 392 1205 457 Μ.
1255 391 1505 459 FABll
1550 391 2183 475 QUINTILIAM

1866 662 2149 683 mm
2153 662 2664 685 mm„

1425 820 1873 958 cctxx.

1167 1111 1391 1211 Rapta
1417 1137 1504 1183 ex
1532 1084 1797 1185 duabus
1820 1116 2126 1211 qemim‘s.

604 1300 731 1379 Qut
751 1319 942 1360 causa
961 1320 1186 1361 noa-ris
1209 1319 1457 1375 ronan,
1477 1318 1693 1359 carr-ra
1722 1320 2057 1361 ruam-rua.
2076 1300 2167 1361 Ex
2186 1298 2425 1363 duabus
2442 1298 2673 1382 geminis

683 1396 1040 1457 adolescens
1076 1394 1330 1459 alteram
1367 1396 1613 1480 rapuit:
1646 1416 1720 1455 ea
1756 1416 1817 1456 se
1846 1396 2201 1481 suspendit:
2239 1410 2413 1481 pater
2443 1396 2675 1457 alteram

683 1494 892 1556 eduxit
919 1494 996 1557 ad
1026 1497 1418 1579 magistratus
1433 1541 1453 1573 ,
1485 1508 1547 1556 et
1577 1496 1855 1580 praecipit
1886 1494 1977 1556 illi
1993 1542 2011 1574 ‚
2039 1508 2111 1555 ut
2140 1508 2406 1557 mortem
2438 1493 2679 1577 raptoris

685 1606 945 1678 optaret.
971 1595 1337 1658 Adolescens
1357 1595 1605 1679 putavit
1627 1614 1763 1656 eam
1786 1616 1913 1657 esse
1928 1642 1948 1674 ,
1970 1616 2161 1677 quam
2193 1608 2516 1678 rapuerat:
2550 1593 2679 1653 duci

685 1712 829 1753 eum
844 1692 1028 1775 jussit
1047 1695 1463 1775 magistratus.
1480 1693 1695 1754 Postea
1718 1706 2109 1775 compertum
2130 1708 2248 1769 est,
2270 1692 2437 1775 quod
2460 1690 2686 1753 accidis-

601 1837 612 1846 .
687 1802 792 1849 set.
815 1790 1150 1851 Accusatur
1169 1802 1368 1874 pater,
1391 1788 1565 1870 quod
1592 1808 1777 1850 causa
1804 1789 2025 1850 mortis
2046 1788 2254 1851 fuerit.

1469 1952 1836 2059 SERMo.

699 2156 968 2219 Factus
993 2170 1062 2221 et
1081 2154 1152 2218 in
1175 2166 1501 2241 promptu
1522 2152 1692 2217 ratio
1716 2167 1818 2218 est
1839 2150 1997 2217 huic
2016 2153 2187 2229 seni,
2214 2152 2397 2241 quod
2420 2153 2685 2241 pertinet

608 2260 694 2327 ad
709 2260 1032 2327 affectum
1050 2260 1493 2350 paenitentiae,
1514 2257 1700 2349 quod
1724 2257 2015 2349 pertinet
2036 2256 2123 2325 ad
2145 2260 2544 2349 aequitatem.
2564 2256 2683 2321 Nisi

609 2386 832 2433 tamen
883 2369 1084 2435 etiarn
1115 2367 1270 2460 jure
1313 2364 1735 2446 defenditur,
1782 2365 2153 2433 verendum
2188 2367 2349 2446 erit,
2394 2390 2479 2432 ne
2518 2365 2685 2429 illum

609 2473 882 2542 flentem
910 2473 1170 2566 judices
1210 2473 1565 2542 damnent:
1606 2471 1963 2562 diligenter
2004 2496 2163 2563 ergo
2202 2496 2501 2564 pugnare
2534 2473 2687 2538 ciroe

609 2581 823 2672 legem
871 2578 1286 2648 debebimus.
1339 2581 1426 2646 Et
1470 2601 1629 2646 sane
1680 2579 2046 2668 asperiores
2098 2581 2169 2646 in
2218 2579 2683 2654 controversia,

609 2702 828 2775 partes
879 2686 1157 2752 fortasse
1217 2686 1382 2750 recti
1439 2682 1901 2752 declamatoris
1958 2677 2345 2776 relinquant
2364 2699 2406 2750 ¹.
2455 2683 2685 2750 Divisio

609 2815 800 2881 paene
827 2791 958 2858 hoc
985 2793 1332 2883 proprium
1356 2789 1592 2871 habet,
1618 2789 1973 2856 ostendere
2000 2814 2147 2858 ossa
2180 2809 2246 2856 et
2278 2815 2516 2858 nervos
2548 2811 2687 2856 con-

613 2900 982 2964 troversiae:
1027 2917 1094 2964 et
1139 2895 1513 2964 secundum
1550 2919 1775 2964 meum
1809 2895 2084 2990 quidem
2122 2895 2455 2989 judicium
2477 2945 2495 2978 ,
2530 2895 2687 2961 idem

615 3021 924 3094 praestare
967 3004 1360 3071 declamatio
1396 3003 1640 3070 debet:
1674 3027 1828 3068 nam
1872 3005 2015 3070 sine
2052 3003 2189 3083 his,
2225 3002 2311 3068 de
2340 3003 2580 3096 quibus
2612 3001 2689 3066 lo-

613 3127 863 3200 quutus
895 3133 1078 3191 sum,
1107 3133 1260 3177 caro
1291 3113 1435 3201 ipsa
1464 3135 1589 3200 per
1617 3135 1687 3178 se
1726 3110 1891 3202 quid
1930 3113 2014 3177 sit
2040 3111 2443 3202 intelligitis:
2482 3110 2593 3179 sed
2630 3109 2688 3172 in

614 3217 1096 3286 declamatione
1131 3220 1479 3286 vestienda
1517 3237 1672 3286 sunt
1709 3220 1854 3288 haec
1872 3271 1889 3301 ,
1918 3217 1998 3286 ut
2034 3245 2113 3287 ex
2156 3221 2324 3287 illis·
2363 3221 2691 3289 interiores

615 3407 754 3476 Ergo
779 3419 832 3458 et
853 3419 913 3459 tu
933 3406 1184 3458 mentitus
1208 3423 1298 3473 es,
1321 3407 1414 3478 qni
1442 3423 1625 3477 perse·
1703 3409 1931 3461 fortasse
1970 3421 2113 3460 recte
2146 3407 2497 3462 declamanti·
2532 3403 2693 3458 officio

616 3487 826 3539 verasti.
851 3487 1033 3538 AEnon.
1701 3487 1873 3538 functi
1901 3500 2043 3542 suut.
2072 3491 2207 3540 Nam
2238 3500 2295 3539 ut
2322 3506 2484 3539 carne
2512 3503 2621 3538 ossa
2646 3493 2693 3533 et

695 3585 740 3620 ι.
761 3569 938 3621 Partes
955 3567 1457 3622 metideclamawrt‘s
1470 3567 1625 3622 ''elin-
1704 3565 1878 3630 nervi,
1910 3567 1984 3618 ita
2016 3579 2071 3618 et
2101 3569 2321 3638 equitas
2354 3569 2477 3638 jure
2508 3579 2557 3618 et
2590 3563 2693 3632 lege

617 3655 804 3722 quant.
827 3647 944 3698 uec
963 3659 1072 3712 eat,
1087 3647 1198 3716 Qui
1213 3660 1499 3702 tractantes
1518 3645 1626 3702 hoc
1706 3643 2099 3716 quodammodo
2143 3643 2415 3698 vestienda
2456 3659 2549 3701 est.
2590 3643 2696 3694 Huc

612 3725 872 3798 judicium
893 3763 910 3790 ,
951 3727 1219 3796 asperiore
1265 3727 1626 3778 controversia
1704 3745 1827 3778 vero
1860 3729 2093 3798 pertinet
2125 3725 2207 3778 lex
2240 3725 2485 3797 Ulpiani:
2524 3747 2546 3771 ι
2566 3719 2698 3776 Nihil

619 3809 704 3861 usi
715 3821 858 3872 sunt,
873 3803 1002 3856 dum
1014 3805 1068 3856 in
1086 3817 1354 3877 raptorem
1368 3805 1628 3861 duntaxat
1712 3831 1735 3854 ι
1755 3810 1975 3862 interest
1998 3807 2208 3861 occidat
2231 3810 2346 3881 quis
2362 3848 2380 3876 ,
2402 3827 2471 3860 an
2496 3821 2697 3860 causam

618 3885 1022 3949 inveherentur,
1057 3901 1158 3936 nec
1197 3882 1256 3936 id
1295 3887 1630 3956 potissimum
1713 3911 1735 3935 ι
1756 3892 1938 3942 mortis
1958 3889 2207 3960 prebeat.
2230 3913 2252 3938 ι
2282 3892 2464 3942 AEnon.

621 3966 953 4034 refellerent,
990 3966 1047 4017 in
1085 3984 1194 4037 qno
1233 3969 1398 4020 totius
1434 3967 1539 4022 liti·
1576 3980 1631 4022 et
1782 3983 1831 4020 a.
1852 3967 2131 4022 Venienda
2148 3967 2421 4037 sunthaec,
2438 3963 2697 4019 utexillis.

624 4067 742 4103 osea
767 4064 821 4102 et
843 4049 990 4102 nervi
1009 4050 1342 4115 consistunt,
1357 4067 1433 4102 an
1450 4048 1631 4102 videli-
1708 4049 2051 4104 Divinabam:
2078 4050 2340 4103 vestienda
2360 4060 2482 4104 sunt
2500 4049 2623 4113 hae,
2649 4055 2703 4096 ut

625 4143 710 4182 cet
729 4127 820 4182 hic
839 4146 1004 4184 causa
1023 4131 1211 4186 mni·
1229 4129 1417 4196 furit,
1440 4149 1629 4203 parum
1711 4149 1773 4182 ex
1792 4128 1891 4184 illa
1910 4133 2155 4186 interiora
2174 4133 2303 4186 vires
2320 4131 2548 4184 habeant.
2566 4130 2703 4182 Ossa
