2855 4871
1473 157 1503 191 Ι
1604 144 1615 155 .

587 422 1424 489 DECLAMATIONES.
1472 423 1865 490 CCLXIV:
2180 425 2263 513 89

192 550 302 619 tati
337 548 520 619 hanc
559 548 795 646 legum
829 547 1465 647 interpretationem
1496 575 1511 617 ε
1549 574 1715 620 nam
1750 550 1807 621 si
1840 548 2031 649 apud
2060 548 2265 649 judi-

191 665 374 735 cium
391 678 408 707 ¹
435 663 568 735 hoc
593 688 868 762 semper
894 662 1108 762 quaeri
1137 661 1224 734 de
1249 660 1521 760 legibus
1538 681 1839 761 oportet,
1863 662 2034 761 quid
2058 662 2131 734 in
2156 661 2267 735 his

183 777 437 879 justum
457 836 478 870 ,
515 777 686 878 quid
717 803 998 877 aequum
1016 833 1036 868 ,
1067 776 1238 874 quid
1267 777 1685 849 conveniens
1712 778 1801 849 sit
1825 777 2113 866 civitati;
2146 802 2271 849 su·-

195 920 602 994 pervacuum
649 894 782 967 fuit
825 893 1032 967 scribi
1083 893 1376 966 omnino
1423 893 1631 994 leges.
1678 896 1764 966 Et
1808 895 2013 967 credo
2060 895 2271 967 fuisse

195 1033 492 1113 tempora
513 1012 898 1109 aliquando
916 1066 936 1102 ‚
957 1039 1112 1112 quae
1137 1010 1352 1084 solam
1380 1032 1451 1084 et
1466 1012 1733 1084 nudam
1750 1010 2039 1113 justitiae
2061 1012 2277 1084 habe-

197 1149 332 1201 rent
353 1128 878 1205 aestimationem
904 1157 918 1202 :
949 1128 1068 1201 sed
1098 1128 1437 1229 quoniam
1465 1128 1611 1201 haec
1632 1128 1933 1227 ingeniis
1960 1127 2033 1200 in
2060 1127 2280 1199 diver-

194 1270 340 1317 sum
378 1244 814 1335 trahebatur,
863 1271 994 1319 nec
1035 1270 1356 1344 unquam
1401 1243 1562 1317 satis
1603 1244 1927 1317 constitui
1968 1263 2275 1342 poterat,

197 1357 352 1458 quid
375 1379 756 1460 oporteret,
781 1380 962 1432 certa
985 1358 1247 1450 forma,
1279 1358 1368 1431 ad
1393 1385 1610 1458 quam
1629 1358 2015 1431 viveremus
2031 1414 2050 1447 ‚
2088 1354 2284 1429 insti-

195 1492 330 1545 tuta
351 1494 470 1547 est.
496 1476 708 1547 Hanc
736 1473 836 1546 illi
861 1494 1172 1547 auctores
1200 1473 1438 1573 legum
1460 1472 1683 1545 verbis
1706 1473 2051 1573 complexi
2076 1492 2276 1545 sunt:

197 1614 396 1685 quam
438 1588 494 1661 si
537 1610 812 1661 mutare
831 1646 852 1679 ,
895 1608 962 1661 et
1001 1588 1093 1661 ad
1127 1586 1451 1661 utilitates
1482 1614 1639 1661 suas
1667 1608 2049 1688 pervertere
2088 1586 2279 1677 licet,

197 1704 412 1776 omnis
442 1705 550 1779 vis
568 1705 788 1806 juris,
823 1704 1056 1778 omnis
1084 1730 1251 1776 usus
1284 1704 1576 1805 eripitur
1605 1732 1621 1775 ε
1658 1730 1829 1777 nam
1858 1704 2033 1802 quid
2062 1704 2283 1776 inter-

201 1840 288 1889 est
311 1818 518 1893 nullae
560 1820 740 1911 sint,
779 1846 872 1893 an
901 1820 1177 1893 incertae
1210 1818 1437 1918 leges?
1459 1822 1601 1892 Lex
1625 1818 1742 1892 illa
1766 1819 2129 1918 complexa
2150 1838 2280 1908 est;

201 1959 280 2006 ne
315 1934 468 2034 plus
511 1933 759 2026 liceat,
795 1962 1010 2035 quam
1049 1934 1416 2007 dimidiam
1454 1954 1724 2035 partem
1758 1933 2034 2007 mulieri
2069 1934 2287 2006 relin-

203 2074 396 2147 quere
431 2078 447 2123 :
491 2052 730 2124 neutri
764 2078 842 2124 ex
876 2050 1021 2142 his,
1071 2050 1330 2151 quibus
1377 2049 1751 2141 adsumus,
1798 2048 1955 2150 plus
1991 2048 2289 2121 dimidia

203 2186 374 2262 parte
403 2164 732 2240 relictum
761 2194 908 2240 esse
937 2166 1386 2239 manifestum
1406 2186 1543 2239 est:
1579 2185 1649 2237 et
1674 2184 1961 2265 apparet
1986 2163 2285 2263 potuisse

205 2278 426 2380 legum
449 2281 793 2373 latorem,
825 2304 937 2372 ut,
969 2282 1024 2355 si
1050 2302 1320 2382 partem
1352 2280 1649 2355 demum
1681 2279 2089 2380 patrimonii
2123 2304 2287 2377 per-

203 2394 412 2470 venire
429 2396 518 2470 ad
541 2395 850 2471 feminas
870 2396 1074 2470 vellet
1088 2453 1105 2484 ‚
1132 2417 1400 2497 partem
1425 2396 1667 2496 utique
1686 2396 1845 2470 viris
1866 2394 2254 2495 relinquere
2267 2451 2287 2484 ,

207 2510 268 2583 id
295 2511 526 2614 ipsum
555 2535 864 2588 caveret:
895 2540 1127 2612 neque
1154 2513 1226 2586 id
1261 2540 1523 2613 magno
1547 2535 1667 2586 aut
1693 2512 1966 2586 difficili
1997 2512 2289 2584 circuitu

205 2626 366 2698 effici
390 2628 632 2727 potuit
660 2657 675 2700 ε
711 2627 834 2701 sed
856 2627 963 2701 vel
993 2628 1090 2701 sic
1119 2629 1370 2728 scripta
1396 2627 1581 2727 lege,
1612 2654 1757 2730 non
1787 2626 2161 2727 plusquam
2193 2625 2291 2696 di-

207 2741 402 2816 midia
431 2769 602 2843 pars
629 2743 1037 2845 patrimonii
1064 2745 1152 2816 ad
1178 2744 1477 2816 feminas
1504 2743 1907 2843 perveniret.
1935 2743 2292 2840 Interrogo

207 2855 409 2948 enim3
449 2857 518 2930 si
551 2856 874 2957 pluribus
907 2858 1224 2948 feminis,
1261 2857 1380 2930 sed
1417 2857 1727 2930 minores
1755 2855 2111 2956 aliquanto
2134 2881 2295 2955 por·

205 2971 402 3046 tiones
436 2972 846 3075 reliquerit,
887 2999 1039 3071 quae
1077 2994 1311 3044 tamen
1356 2991 1811 3070 computatae,
1856 2971 2026 3044 etin
2060 2997 2291 3044 unum

207 3109 562 3163 contractae
622 3089 1005 3189 plusquam
1065 3087 1423 3162 semissem
1485 3087 1887 3187 patrimonii
1945 3087 2291 3180 efficiant3

205 3228 455 3302 quaero,
495 3233 592 3278 an
623 3206 883 3279 moveri
917 3206 1002 3280 lis
1035 3205 1286 3306 possit?
1327 3233 1497 3278 nam
1538 3205 1592 3278 si
1634 3226 1951 3278 movetur
1990 3204 2113 3296 lis,
2150 3233 2291 3279 non

207 3317 320 3394 hac
334 3378 353 3411 ,
373 3341 452 3394 ut
471 3321 754 3420 opinor,
775 3321 926 3420 lege
942 3320 1348 3422 litigabitur,
1371 3348 1509 3419 qua
1528 3320 1907 3420 plusquam
1922 3319 2293 3392 dimidiam

207 3455 452 3534 partem
481 3438 889 3538 patrimonii
917 3437 1312 3538 relinquere
1334 3437 1620 3511 feminae
1644 3463 1789 3510 non
1811 3435 2007 3509 liceat
2022 3495 2040 3528 ,
2067 3464 2295 3536 quum

209 3576 282 3624 ex
303 3553 434 3627 illis
461 3552 668 3627 nulla
690 3553 1060 3627 dimidiam
1088 3575 1360 3654 partem
1385 3551 1767 3653 acceperit:
1806 3552 1942 3624 sive
1967 3553 2054 3624 ad
2082 3573 2294 3626 totam

213 3691 322 3739 nos
346 3695 550 3742 vocas
579 3668 1174 3767 computationem
1193 3726 1214 3760 ,
1249 3667 1424 3741 nihil
1459 3667 1746 3741 interest
1777 3689 2120 3769 quantum
2154 3669 2298 3740 cui-

215 3807 334 3878 que
363 3783 648 3858 feminae
679 3782 1153 3884 relinquatur:
1185 3783 1400 3882 quid?
1437 3782 1494 3857 si
1525 3810 1616 3856 ne
1657 3783 1825 3856 ratio
1859 3783 2149 3883 quidem
2185 3809 2297 3854 re-

215 3923 464 3998 pugnat
498 3900 790 4001 scripto,
825 3921 896 3973 et
921 3901 1146 3974 verbis
1181 3899 1354 4001 legis
1397 3899 1635 3974 istius?
1666 3899 1839 4000 quid
1870 3898 2059 3970 enim
2099 3917 2299 3996 putas

215 4013 492 4090 voluisse
534 4016 1042 4116 legislatorem,
1091 4044 1315 4116 quum
1357 4017 1491 4090 hoc
1527 4016 1645 4120 jus
1678 4012 2169 4089 constitueret?
2206 4039 2298 4088 ne

289 4173 326 4206 ι.
348 4157 503 4230 Apud
505 4159 798 4233 judicium.
825 4158 1222 4234 Apudjudiees,
1245 4160 1424 4213 AErod.
