2855 4871
497 386 580 454 30
1002 386 1096 449 Μ.
1145 384 1396 448 FABII
1442 383 2081 467 QUINTILIANI

495 536 658 582 mur
674 505 1265 607 ?·Iniquissimum
1307 506 1575 605 alioqui
1610 528 1711 578 est
1746 527 2022 579 tantum
2065 508 2354 578 fortunae
2390 506 2594 579 sortis

496 626 688 699 illius
721 625 1029 715 licuisse,
1061 645 1139 696 ut
1165 623 1295 697 hoc
1325 624 1641 696 videatur
1668 624 2033 723 quaesitum
2056 680 2075 714 ,
2106 644 2259 698 uter
2287 624 2601 722 ignomi-

497 742 740 814 niosus
771 762 961 813 esset.

498 986 592 1006 w}
597 984 783 1005 mm
789 982 1465 1004 wmmm
1470 982 1565 1002 ‘m
1570 982 2439 1003 mmmmmm
2446 984 2501 1002 w·
2506 984 2537 1002 ἢ
2542 983 2607 1003 ’.Β

1388 1166 1703 1244 CCLI.

1099 1400 1322 1499 Rapta
1352 1396 1591 1471 sterilis
1620 1397 1996 1497 repudiata.

504 1590 694 1650 Ima
713 1608 1202 1663 Qnmonmmmw
1220 1604 1344 1647 non
1365 1603 1718 1645 namnum
1740 1602 2085 1645 neronum
2104 1604 2337 1645 uem-r.
2352 1584 2608 1647 Insusrt-

582 1708 834 1749 nervon
864 1708 958 1747 srr
983 1707 1180 1749 Aeno.
1206 1683 1482 1761 Quidam
1508 1702 1766 1743 uxorem
1784 1726 1801 1756 ‚
1831 1694 2021 1763 quam
2054 1702 2127 1742 ex
2158 1697 2339 1765 raptu
2370 1681 2609 1743 habere

582 1800 851 1870 coeperat
874 1784 1212 1848 secundum
1239 1784 1595 1865 optionem,
1622 1781 1787 1840 intra
1805 1782 2309 1861 quinquennium
2332 1802 2465 1842 non
2488 1804 2604 1865 pa-

581 1886 844 1945 rientem
867 1885 1138 1945 dimisit:
1165 1883 1294 1964 agit
1315 1880 1422 1941 illa
1446 1876 1659 1960 injusti
1684 1878 1945 1960 repudii.

1200 2076 1904 2146 DECLAMATIO.

599 2238 846 2339 Injusti
882 2239 1154 2339 repudii
1187 2266 1453 2312 accuso.
1490 2238 1867 2310 Neminem
1901 2236 2073 2310 adeo
2100 2238 2249 2311 fore
2285 2238 2611 2311 alienum

505 2382 547 2427 a
571 2353 778 2427 bonis
805 2355 1120 2427 moribus
1146 2353 1385 2444 credo,
1411 2353 1537 2452 qui
1562 2352 1833 2424 dubitet
1858 2379 2107 2453 parum
2133 2352 2317 2425 istud
2346 2352 2617 2454 injuste·

505 2473 768 2544 factum
803 2498 979 2563 esse,
1025 2472 1215 2568 quod
1259 2498 1412 2570 quae
1451 2497 1815 2542 summum
1852 2471 2132 2543 dederat
2171 2471 2605 2543 beneficium

503 2587 694 2678 vitae,
729 2613 818 2658 ne
847 2585 921 2657 id
953 2587 1245 2685 quidem
1275 2585 1583 2658 obtinuit
1610 2585 1797 2684 apud
1828 2585 2159 2656 maritum
2180 2643 2198 2675 ,
2225 2585 2413 2682 quod
2441 2613 2619 2685 prae·r

507 2700 690 2773 stitit.
719 2703 956 2800 Itaque
989 2699 1347 2774 caiumnia
1381 2698 1627 2772 resistit
1654 2719 1723 2772 et
1755 2699 2125 2800 impugnat
2144 2699 2420 2801 justum
2455 2727 2609 2773 esse

510 2813 916 2913 repudium,
952 2815 1141 2913 quod
1165 2816 1453 2887 maritus
1475 2814 1634 2914 jure
1669 2813 1902 2912 aliquo
1926 2815 2183 2886 feeerit.
2214 2818 2361 2914 Ego
2397 2841 2611 2915 porro

510 2957 654 3002 non
696 2929 877 3001 hanc
921 2931 1563 3030 interpretationem
1601 2931 1804 3004 istius
1829 2931 2018 3003 verbi
2052 2930 2289 3023 video,
2333 2954 2415 3004 ut
2440 2931 2613 3031 jura

511 3045 886 3145 spectanda
919 3046 1057 3119 sint
1077 3102 1096 3134 ,
1135 3050 1255 3119 sed
1285 3048 1463 3120 illud
1496 3046 1877 3146 aliquando
1902 3063 1947 3138 ¹,
1978 3048 2078 3118 uti
2101 3049 2372 3148 justitia
2403 3073 2610 3146 spec-

513 3181 712 3233 tetur.
743 3163 927 3233 Nam
961 3161 1136 3235 illud
1163 3162 1505 3264 injustum
1532 3164 1905 3262 repudium
1938 3186 2073 3255 est,
2108 3164 2296 3261 quod
2322 3165 2611 3265 justitiae

511 3276 936 3349 contrarium
969 3298 1099 3348 est:
1129 3299 1613 3350 verumtamen
1643 3278 1694 3348 si
1721 3278 1807 3349 ad
1840 3277 1963 3350 ina
1992 3305 2393 3350 revocemur
2406 3279 2619 3378 jura,

513 3389 694 3462 nihil
746 3411 982 3462 tamen
1026 3391 1116 3462 ad
1145 3390 1330 3463 hanc
1361 3391 1755 3490 pertinebit.
1792 3395 2001 3484 Istam
2034 3393 2225 3463 enim
2268 3391 2495 3492 legem
2538 3413 2617 3464 et·

511 3507 647 3579 hoc
660 3506 1089 3582 beneficium
1109 3507 1416 3582 habeant
1436 3511 1719 3582 fortasse
1742 3509 1828 3598 ii,
1854 3511 1976 3608 qui
1997 3508 2281 3608 nuptias
2302 3535 2380 3580 ex
2404 3535 2615 3608 aequo

511 3625 822 3696 fecerunt
837 3637 886 3711 ²,
921 3624 1046 3724 qui
1087 3625 1521 3699 tradentibus
1549 3625 1985 3725 parentibus:
2020 3625 2107 3696 ad
2141 3651 2254 3696 eos
2288 3651 2479 3715 vero,
2516 3626 2616 3696 ad

589 3811 632 3846 1.
657 3793 762 3846 Sed
782 3793 922 3846 illud
943 3795 1249 3868 aliquando.
1275 3797 1377 3850 Sed
1395 3795 1517 3867 plus
1670 3812 1715 3846 2.
1738 3796 1967 3866 Nuptias
2000 3813 2065 3846 ex
2090 3768 2511 3867 equo-fecerunt.
2544 3793 2621 3846 ld

511 3872 782 3946 aliquanto
807 3883 884 3924 ut.
911 3873 1109 3926 Seneca
1135 3877 1264 3928 mire
1293 3875 1384 3928 lib.
1413 3877 1513 3943 111,
1596 3887 1675 3929 est
1698 3894 1851 3947 aequo
1873 3881 2022 3948 jure,
2046 3877 2234 3950 aequali
2261 3875 2573 3927 conditione
2592 3914 2612 3942 ‚

513 3949 578 4004 de
615 3951 793 4005 benef.
819 3971 937 4024 cap.
961 3969 1024 4022 7:
1052 3955 1239 4028 Leqem
1272 3968 1324 4007 et
1355 3955 1517 4006 Iusti·
1598 3959 1671 4009 ita
1704 3957 1850 4008 Deel.
1878 3958 2057 4011 CCCI:
2088 3982 2111 4004 α
2132 3958 2303 4025 Quam
2335 3969 2509 4009 erecta
2542 3975 2611 4008 ex

513 4033 638 4084 tiam
687 4034 1026 4087 humanitatis
1069 4047 1122 4088 et
1158 4036 1515 4090 misericodia·
1602 4057 1799 4109 «aequo
1836 4041 2082 4106 σωτὴρ·
2124 4039 2234 4092 vid.
2282 4037 2352 4092 ad
2388 4041 2607 4090 Peli-om

514 4114 752 4182 opponit.
779 4113 998 4165 Senum.
1596 4135 1714 4187 cap.
1743 4131 1913 4169 mxxiv.
