2855 4871
583 370 1415 440 DECLAMATIONES.
1466 371 2017 440 CCCLXXVII.
2218 381 2336 467 491

255 523 476 573 torem
507 497 688 570 dabo
718 527 735 571 ε
773 525 1142 597 nunquam
1181 497 1545 570 abdicavit.
1580 499 1856 589 Quidni
1896 529 2041 574 non
2069 501 2348 576 abdica-

255 615 433 690 ret¹?
455 616 651 716 eujus
676 643 820 688 non
841 616 1068 688 solum
1096 616 1606 705 innocentiam,
1632 617 1754 689 sed
1782 616 1992 690 etiam
2013 620 2346 698 virtutem

253 731 708 831 cognoverat?
745 733 1042 806 Facinus
1083 717 1495 832 indignum!
1539 731 1719 804 inter
1746 733 2046 832 speciosa
2080 737 2346 812 militiae

251 874 461 946 opera
483 904 503 937 ,
555 846 930 946 impietatis
979 847 1255 946 privatae
1307 873 1464 919 reus
1512 873 1669 919 sum
1692 906 1712 939 ,
1770 875 2059 948 sponsor
2108 852 2345 928 salutis

251 963 572 1064 publicae.
621 965 781 1036 Non
823 984 988 1036 sunt
1027 963 1340 1066 ejusdem
1381 964 1676 1064 pectoris
1716 964 1881 1039 vitia
1916 987 1981 1038 et
2010 966 2292 1044 virtutes
2326 999 2341 1043 :

251 1079 460 1152 etiam
495 1105 619 1177 pro
651 1078 894 1152 alienis
927 1079 1240 1178 patribus
1274 1079 1609 1152 dimicare
1638 1078 1850 1154 soleo.
1890 1081 2027 1154 Sed
2058 1083 2344 1157 forsitan

249 1221 394 1267 non
443 1193 688 1266 solum'
715 1221 1006 1294 puram,
1047 1195 1166 1268 sed
1202 1195 1827 1295 etiam-speciosam
1866 1196 2345 1277 innocentiam

249 1323 523 1408 gravet²
567 1309 640 1380 in
687 1309 1138 1408 parricidium
1182 1337 1391 1382 causa
1425 1338 1441 1382 :
1480 1310 1837 1408 numquid
1868 1310 2343 1402 abdicaveras,

249 1445 318 1497 et
359 1449 610 1497 exuere
647 1424 1040 1496 naturalem
1073 1424 1579 1524 indulgentiam
1611 1425 1803 1524 prior
1833 1423 2207 1497 docueras?
2230 1426 2347 1499 An

247 1540 460 1622 etiam
494 1538 890 1614 hereditatis
919 1539 1294 1638 cupiditate
1319 1539 1643 1612 volebam
1682 1561 1750 1612 te
1780 1538 2131 1612 occidere?
2156 1541 2347 1614 scili-

245 1675 352 1727 cet
383 1653 746 1727 immensis
781 1653 1066 1728 luxuriae
1099 1675 1424 1727 oneratus
1458 1653 1737 1727 damnis
1752 1653 1803 1726 3.
1834 1656 1947 1727 An
1978 1653 2348 1728 infeliciter

247 1789 313 1840 te
365 1768 664 1870 jube‘nte
719 1793 1193 1868 pugnaveram
1247 1789 1316 1840 et
1367 1767 1630 1840 inertiae
1686 1777 1964 1866 Poenam
2016 1768 2349 1841 verebar?

248 1885 520 1974 Immo,
549 1881 811 1983 inquit,
848 1883 1104 1956 invitus
1135 1883 1503 1957 militabas.
1550 1882 1661 1955 Sic
1700 1883 1780 1955 fit
1813 1909 2007 1982 ergo,
2041 1904 2121 1955 ut
2148 1884 2347 1982 quis-

245 1999 408 2097 quis
453 1998 726 2072 hostem
762 1999 994 2090 timet,
1041 2018 1312 2098 patrem
1347 1996 1655 2071 occidat:
1703 2023 1863 2095 ergo
1907 1995 2092 2068 iners
2132 2023 2341 2068 sum:

249 2112 442 2210 atqui
475 2113 814 2213 parricida
845 2141 989 2188 non
1025 2113 1253 2187 solum
1280 2112 1505 2186 audax
1529 2112 1735 2185 debet
1766 2138 1909 2184 esse
1928 2167 1949 2202 ,
1980 2111 2103 2184 sed
2132 2113 2345 2186 etiam
2395 2167 2401 2174 -

247 2231 658 2303 temerarius
701 2231 955 2305 invitus
969 2230 1022 2303 4.
1069 2231 1263 2322 Quid
1310 2229 1517 2332 ergo?
1560 2255 1796 2329 rogare
1838 2254 1984 2300 non
2018 2255 2343 2326 possum,

244 2344 336 2418 ad
368 2347 647 2446 preces⁵
685 2348 1085 2441 decurrere,
1117 2375 1264 2422 non
1301 2347 1388 2420 ad
1419 2372 1725 2437 venena,
1762 2345 2013 2419 iterum
2048 2343 2343 2444 allegare

1405 2503 1456 2556 3.
1498 2504 1747 2555 Oneratas
1778 2500 1993 2553 damnis.
2035 2498 2095 2550 ld
2132 2512 2211 2551 est
2247 2498 2346 2549 im-

324 2519 371 2554 1.
409 2502 607 2572 Quidni
637 2522 740 2555 non
773 2506 1050 2558 abdicaret.
1085 2504 1254 2557 Fran-

1333 2584 1539 2655 pensis,
1562 2578 1879 2649 sumptibus.
1902 2576 2038 2630 vide
2066 2576 2242 2630 Barth.
2273 2577 2343 2629 ad

245 2582 362 2635 cina
379 2581 584 2653 legebat
595 2620 612 2649 ‚
641 2585 780 2653 Quid
791 2586 834 2637 si
853 2604 956 2639 non
972 2585 1248 2638 abdicaret.

319 2682 371 2715 2.
394 2664 756 2718 Innocentiam
781 2678 976 2741 qravet.
1005 2668 1120 2731 An,
1151 2666 1252 2717 mt‘-

239 2741 419 2813 gravit
440 2740 495 2790 t'n
519 2762 574 2811 p.
605 2760 842 2808 causam,
865 2742 922 2794 id
945 2756 1053 2806 est,
1075 2757 1254 2795 trans-

244 2819 402 2881 tulit·
433 2834 492 2873 ut
519 2820 757 2884 Gell.11,
787 2840 867 2894 29.
897 2824 982 2876 An
1007 2825 1256 2895 arqebat?

242 2899 328 2950 An
343 2936 360 2964 ‚
386 2916 532 2970 pune
554 2898 644 2951 sed
661 2900 822 2952 etiam
840 2902 1076 2971 speciosoe
1095 2904 1254 2953 inno-

243 2978 431 3030 eentt'oe
463 2981 878 3051 proeqmvaverit.
914 2978 1032 3033 Seu.
1067 2980 1250 3032 Innoc.

243 3054 518 3111 desideras.
539 3058 752 3124 Gravis,
773 3071 873 3110 etc.
896 3057 1076 3111 AErotl.
1098 3060 1254 3111 Inno-

247 3139 470 3191 centiam
498 3152 678 3212 myeat
695 3142 752 3193 in
769 3140 1049 3211 parricidia
1072 3156 1222 3193 eausa
1231 3178 1252 3207 ,

243 3215 375 3269 ohr.
394 3220 504 3287 Ego
519 3216 757 3283 mallem,
777 3218 1129 3271 innocentiam
1147 3229 1253 3271 tra-

247 3294 340 3348 hac
357 3298 416 3348 in
431 3316 488 3367 p.
507 3314 678 3349 eausa.
693 3296 854 3366 Quod
869 3298 1084 3368 elegans
1096 3336 1113 3364 ,
1129 3298 1250 3387 quia

249 3373 406 3427 invita
439 3375 743 3427 innocentia
775 3374 1005 3429 trahitur
1037 3396 1068 3430 a
1101 3376 1250 3447 gravi

249 3472 424 3508 caus&
449 3455 530 3507 lta
552 3466 606 3507 et
631 3457 776 3527 apud
798 3456 952 3509 ovid.
977 3458 1106 3510 Met.
1124 3459 1248 3525 vn,

255 3548 350 3603 19:
383 3556 407 3581 ι
425 3532 526 3586 Sed
535 3534 702 3596 ‚trahit
715 3536 930 3588 invitam
949 3554 1086 3588 nova
1107 3538 1244 3588 vis.-

249 3612 354 3665 Ubi
373 3614 432 3665 in
452 3612 696 3683 plurimis
717 3614 991 3667 codicibus
1009 3628 1118 3681 est,
1131 3632 1252 3687 qra-

251 3706 364 3756 vatg
391 3693 534 3746 unde
559 3693 794 3747 videmus
819 3694 1028 3766 lapsum
1060 3695 1250 3749 solem·

249 3790 370 3827 nem
406 3773 738 3827 librationum
759 3796 772 3826 ε
809 3778 988 3846 potuit
1021 3790 1074 3829 et
1111 3778 1249 3829 exci-

251 3852 386 3909 disse
399 3874 530 3921 vox,
549 3870 600 3908 et
621 3858 890 3929 scripsisse
905 3858 1030 3909 olim
1045 3872 1247 3925 auctor,

249 3937 418 4004 qrwis
429 3934 603 3988 vehat
613 3939 669 3988 in
681 3954 798 4009 par.
809 3954 983 3989 causa.
999 3940 1248 3989 Buta.—

255 4010 520 4066 Docuems.
533 4014 614 4065 Al.
627 4015 876 4068 debueras.
885 4014 1048 4087 Supp.
1063 4028 1122 4067 ut
1129 4034 1248 4069 cau-

255 4108 360 4143 sam
387 4092 655 4165 parricidii
682 4092 924 4148 haberet.
949 4097 1116 4167 Mau-g.
1141 4097 1242 4148 AEr.

1333 2665 1461 2715 Stat.
1491 2658 1747 2713 Thebaid.
1774 2660 1873 2719 VI,
1908 2656 2009 2717 82;
2044 2668 2099 2707 et
2129 2660 2338 2729 Menag.

1331 2742 1536 2792 Amoen.
1561 2740 1675 2789 Jur.
1702 2754 1821 2806 cap.
1844 2736 1941 2803 39,
1960 2734 2104 2786 unde
2128 2736 2345 2787 damno·

1331 2840 1426 2874 sus.
1467 2822 1680 2873 Terent.
1724 2818 1913 2868 Heaut.
1955 2818 2018 2881 V,
2056 2816 2117 2882 4,
2160 2832 2249 2877 ιη
2290 2830 2343 2869 et

1334 2904 1477 2954 Suet.
1494 2904 1549 2953 in
1569 2900 1931 2969 Nerone,cap.
1950 2896 2041 2962 30,
2058 2896 2207 2964 1,ubi
2221 2897 2339 2950 vide

1331 2985 1611 3035 Graevium.
1640 2982 1806 3031 Burin.

1401 3062 1455 3127 4.
1498 3062 1817 3113 Temerarius
1850 3058 2058 3111 invitm.
2096 3056 2340 3109 Temera-

1331 3140 1467 3205 rius,
1504 3136 1964 3212 impius.Scnn1:r.
1999 3137 2336 3189 Temerarius.

1329 3222 1533 3275 Invt'tus
1568 3218 1881 3273 militabam.
1928 3220 1989 3287 Q.
2030 3238 2075 3269 e.
2112 3218 2339 3289 amplius

1329 3322 1513 3379 roqm
1536 3322 1588 3354 n.
1612 3322 1669 3375 p.
1694 3301 1871 3354 AErotl.
1898 3300 2231 3353 Temerarius.
2248 3301 2338 3351 In-

1329 3385 1494 3437 m'tus:
1530 3380 1669 3453 Qut'd
1698 3382 1859 3452 eryo?
1892 3396 2071 3450 rogare
2104 3398 2157 3429 n.
2190 3397 2246 3449 p.
2281 3376 2336 3428 id

1327 3460 1987 3533 estadpreoesdecumre,
2014 3476 2066 3509 n.
2092 3476 2141 3509 a.
2170 3476 2217 3508 v.
2242 3458 2334 3508 ite-

1327 3562 1445 3594 rum
1472 3540 1545 3593 al.
1574 3560 1624 3591 a.
1654 3558 1708 3589 n.
1736 3538 1983 3609 pomum?
2007 3537 2087 3589 εἰη
2116 3536 2333 3607 denique

1324 3628 1610 3691 praxedem
1632 3635 1703 3667 m.
1726 3636 1783 3667 n.
1805 3634 1860 3687 p.
1884 3615 2017 3667 ohr.
2042 3616 2229 3677 Forte,
2254 3626 2331 3666 te*

1325 3696 1578 3750 merarius
1594 3736 1615 3761 ,
1658 3696 1891 3748 invictus.
1932 3693 2067 3746 Vide
2107 3692 2175 3743 ad
2210 3692 2325 3744 Val.

1325 3776 1466 3827 Flac.
1498 3778 1553 3839 1,
1580 3791 1599 3827 1
1616 3774 1709 3836 16,
1738 3771 1833 3825 ubi
1858 3772 2037 3824 similis
2064 3783 2330 3841 permuta-

1329 3860 1437 3923 tio,
1460 3869 1513 3908 et
1538 3854 1607 3907 ad
1634 3853 1723 3907 Sil.
1753 3854 1867 3907 ltal.
1892 3856 1981 3917 1V,
2008 3852 2145 3921 6793
2174 3865 2226 3904 et
2260 3852 2327 3905 ad

1327 3935 1477 4007 Calp.
1501 3933 1649 3987 Decl.
1674 3932 1837 3985 xxti.
1861 3934 2029 3985 Banu.

1399 4016 1431 4069 5
1438 4054 1449 4066 .
1464 4014 1551 4069 Ad
1558 4030 1729 4085 preces
1742 4014 2031 4079 decurrere,
2044 4032 2155 4066 non
2163 4013 2238 4065 ad
2249 4031 2329 4065 ve-

1323 4113 1479 4149 nena.
1492 4094 1575 4147 Sic
1592 4090 1724 4146 Pith.
1740 4094 1875 4146 Nam
1890 4089 2095 4145 Thadd.
2114 4113 2128 4143 z
2149 4092 2329 4147 decur-
