2855 4871
498 405 624 482 ‘40
740 439 745 444 -
1047 399 1138 462 M.
1189 398 1437 462 FABII
1483 398 2112 481 QUINTILIANI

781 488 799 515 Ι

466 547 471 553 ·
540 551 678 616 cor,
694 511 1051 595 neminem
1067 522 1389 594 exstitisse
1408 523 1734 620 priorem,
1751 521 1873 620 qui
1889 548 2012 620 pro
2029 521 2244 616 salute
2260 524 2632 596 communi

542 665 655 709 me
675 636 1344 710 offendere'auderet.
1368 640 1612 736 Neque
1632 637 1700 708 id
1721 637 1882 709 satis
1899 658 2024 712 est:
2051 637 2166 708 sed
2184 637 2488 728 invenio,
2508 639 2634 738 qui

540 753 943 842 adulentur,
975 773 1042 824 et
1068 779 1156 824 ne
1186 781 1227 824 a
1256 779 1369 824 me
1407 752 1692 851 quidem
1728 751 1938 823 latam
1977 752 2156 824 hanc
2195 753 2634 852 rogationem

542 869 929 942 existiment
974 889 1281 967 respectu
1348 869 1489 940 mei
1552 868 2020 967 recipiendam
2065 897 2079 938 :
2149 896 2314 940 cum
2369 867 2636 968 quibus

543 983 719 1055 mihi
765 983 1133 1057 consistere
1175 983 1458 1074 fortius,
1493 1003 1699 1081 atque
1730 982 1970 1072 etiam,
2013 982 2069 1054 si
2102 981 2198 1053 ita
2236 1009 2340 1055 res
2373 983 2635 1082 exigat,

540 1099 853 1171 acerbius
896 1125 1168 1171 necesse
1213 1120 1351 1187 est;
1392 1125 1614 1198 quum
1649 1098 1723 1169 in
1762 1098 1834 1169 id
1873 1123 2150 1196 quoque
2189 1113 2206 1142 ¹
2235 1098 2638 1196 periculum

538 1213 771 1284 venire
801 1212 1186 1310 intelligam
1216 1212 1571 1312 optionem
1605 1239 1875 1302 meam,
1905 1238 1996 1283 an
2034 1211 2165 1282 hoc
2195 1211 2434 1284 velim.
2461 1211 2640 1283 Satis

540 1349 685 1400 erat
717 1327 895 1399 mihi
928 1327 1189 1419 dicere,
1231 1328 1664 1427 rogationem
1693 1328 1839 1398 fero
1872 1326 2120 1397 utilem
2165 1325 2418 1396 civitati
2446 1354 2461 1397 :
2511 1326 2641 1396 ista

542 1441 734 1514 enim
778 1442 1085 1540 speciosa
1116 1442 1335 1531 dictu,
1371 1464 1443 1515 et
1476 1469 1652 1514 vana
1687 1440 1994 1541 quadam
2025 1441 2332 1539 imagine
2360 1440 2642 1512 honesti

542 1556 1008 1648 circumdata,
1042 1583 1186 1629 non
1231 1557 1610 1656 respiciunt
1649 1573 2014 1656 praesen'tes
2055 1553 2515 1627 necessitates.
2571 1555 2645 1626 Si

541 1693 763 1744 tantas
792 1673 963 1746 vires
998 1674 1282 1746 haberet
1318 1672 1582 1762 civitas,
1611 1693 1691 1744 ut
1716 1672 1896 1744 bella
1925 1673 2304 1771 suscipere,
2337 1692 2414 1743 ut
2451 1673 2648 1743 fran-

542 1814 701 1885 gere
728 1789 1031 1888 impetus
1062 1788 1335 1887 tyranni
1363 1807 1798 1887 posset,*non
1833 1808 1976 1858 tam
2003 1787 2127 1860 diu
2158 1787 2642 1878 servissemus,

541 1929 685 1973 non
736 1901 941 2004 illum
988 1904 1552 1980 cruentissimum
1583 1897 1967 1974 'dominum
2012 1928 2196 1976 uuus
2241 1928 2322 1973 ex
2365 1899 2647 1973 insidiis

543 2016 943 2091 occidisset:
989 2041 1195 2117 atque
1230 2045 1395 2116 ego,
1440 2017 1713 2090 etiamsi
1760 2017 2153 2116 plurimum
2189 2042 2333 2091 esse
2379 2015 2648 2094 civium

542 2131 617 2203 in
662 2133 788 2204 hac
837 2133 1102 2205 civitate
1150 2155 1570 2232 spectarem,
1618 2133 1797 2204 bene
1842 2153 2076 2206 tamen
2121 2129 2372 2203 redimi
2421 2132 2650 2230 capite

542 2247 757 2318 unius
798 2247 960 2319 civis
995 2273 1236 2344 pacem
1287 2269 1626 2346 putarem.
1673 2247 1899 2318 Facile
1941 2268 2044 2318 est
2084 2246 2210 2317 ista
2245 2245 2320 2317 in
2354 2245 2650 2317 concio-

544 2360 752 2432 nibus
800 2381 866 2432 et
906 2361 1214 2433 consiliis
1261 2361 1598 2462 dispicere
1634 2360 1949 2432 dicend0.
2000 2363 2161 2431 Jam
2210 2359 2266 2431 si
2311 2359 2652 2431 exercitus

542 2476 847 2549 hostium
885 2478 1067 2550 intra
1114 2478 1285 2551 fines
1313 2500 1579 2559 nostros
1613 2479 1824 2549 fuerit
1848 2532 1869 2565 ,
1915 2477 1970 2548 si
2017 2478 2253 2548 ardere
2293 2475 2493 2569 villas
2521 2534 2542 2567 ,
2591 2474 2648 2546 si

540 2593 873 2693 frugifera
904 2595 1207 2685 succidi,
1256 2594 1311 2665 si
1359 2595 1603 2694 fugam
1650 2594 2059 2666 rusticorum
2113 2593 2188 2665 in
2238 2592 2492 2664 urbem
2521 2650 2542 2682 ,
2595 2591 2653 2663 si

542 2709 901 2808 compulsa
936 2711 1116 2783 intra
1147 2737 1385 2783 muros
1410 2738 1657 2810 pecora
1686 2709 2104 2799 viderimus,
2143 2709 2199 2779 si
2229 2708 2494 2779 moenia
2525 2736 2655 2807 op-

543 2826 1086 2921 pugnabuntur,
1121 2827 1177 2896 si
1215 2848 1436 2896 turres
1469 2825 1902 2922 quatientur,
1949 2824 2003 2895 si
2041 2823 2130 2893 ad
2165 2822 2524 2894 delectum
2561 2822 2652 2893 ab

544 2935 867 3034 amplexu
897 2959 1215 3027 matrum
1240 2940 1536 3040 juvenes
1567 2938 1951 3036 rapientur,
1997 2963 2209 3034 quam
2245 2964 2396 3009 sero
2430 2937 2655 3035 poeni·

544 3052 715 3124 tebit
736 3074 881 3124 tarn
902 3079 1055 3125 caro
1076 3055 1203 3124 uni
1217 3069 1242 3097 ²
1269 3052 1692 3153 pepercisse?
1708 3052 1847 3125 Etsi
1868 3053 2042 3152 quid
2061 3074 2298 3124 tamen
2322 3052 2654 3125 deforme

544 3164 869 3239 habitura
908 3166 1143 3240 civitas
1185 3169 1427 3261 fuerit,
1477 3168 1750 3258 dedito,
1782 3190 1858 3240 ut
1900 3167 2202 3240 subinde
2236 3166 2495 3258 dicitis,
2549 3190 2658 3267 ty-

546 3280 907 3353 rannicida
922 3339 941 3372 ,
970 3280 1041 3352 id
1064 3308 1275 3354 omne
1298 3309 1456 3354 mea
1481 3283 1837 3380 rogatione
1863 3282 2250 3355 detractum
2273 3302 2407 3354 est:
2441 3283 2656 3355 omni

543 3395 812 3495 pudore
862 3394 1132 3468 liberati
1169 3397 1369 3469 estis:
1406 3396 1702 3469 invitum
1748 3424 1890 3469 non
1930 3395 2396 3468 dedidissetis:
2453 3396 2658 3494 quod

545 3509 633 3583 ad
654 3537 771 3582 vos
796 3511 1126 3611 pertinet,
1148 3512 1417 3585 bellum
1449 3513 1788 3612 suscipere
1821 3511 2182 3585 maluistis.
2221 3511 2355 3584 Sed
2381 3511 2522 3585 hoc
2555 3533 2661 3585 est

545 3626 932 3726 praecipue,
968 3653 1180 3724 quare
1224 3654 1349 3727 ego
1391 3626 1575 3699 hanc
1615 3629 1794 3699 ferre
1828 3627 2124 3699 debeam
2164 3626 2654 3725 rogationem:

546 3770 673 3842 ego
716 3770 841 3842 pro
883 3743 1149 3816 civitate
1192 3766 1334 3817 tam
1376 3766 1600 3842 grata,
1636 3772 1760 3844 pro
1797 3743 2060 3842 populo
2103 3743 2258 3831 tali,
2295 3768 2441 3815 non
2479 3743 2663 3817 sub-

621 3905 640 3939 1
656 3926 667 3937 .
696 3888 913 3960 Quoque
934 3886 1239 3954 periculum.
1268 3886 1326 3938 ld
1350 3901 1432 3938 est
1455 3886 1553 3938 dn·
1707 3905 1755 3939 2.
1777 3887 1908 3938 Tam
1928 3904 2047 3938 caro
2066 3886 2176 3937 uni.
2199 3886 2284 3938 Sic
2302 3904 2431 3937 vero
2453 3886 2659 3941 Atilius

542 3962 708 4017 bium.
724 3970 801 4018 lta
822 3968 1038 4018 Terent.
1055 3964 1207 4018 Adel.
1224 3966 1298 4031 11,
1322 3983 1349 4017 2
1364 4002 1379 4031 ,
1396 3964 1550 4017 dixitz
1632 3964 1892 4035 Regulus,
1916 3966 1990 4016 sic
2012 3966 2098 4035 Sp.
2125 3964 2460 4029 Postumius,
2489 3968 2568 4018 sic
2595 3968 2656 4019 C.

552 4062 573 4087 α
594 4044 657 4095 Et
681 4045 737 4095 in
760 4043 1059 4115 periculum
1078 4046 1287 4112 venire,
1311 4045 1437 4096 etin
1459 4044 1555 4095 du·
1631 4034 1911 4095 Mancinus
1937 4042 2265 4112 rogationem
2288 4041 2568 4113 tulerunt,
2593 4058 2658 4103 nt

556 4142 577 4171 n
595 4120 759 4173 bium.
781 4146 803 4171 a
837 4124 1055 4177 Senum.
1635 4124 1737 4194 ipsi
1760 4122 2094 4175 dederentur.
2121 4122 2302 4176 AEnon.

2841 3332 2843 3431 ff
