2855 4871
592 409 677 472 86
1094 411 1186 474 M.
1236 409 1487 474 FABn
1531 408 2171 490 Qum‘rlmAm

593 529 803 628 latam
821 589 841 622 ,
868 531 990 630 qui
1010 551 1203 604 erant
1220 530 1663 629 ignominiosi
1687 558 1702 604 ;
1725 530 1860 604 illis
1877 532 2140 610 remisit
2157 532 2358 612 istam
2377 532 2654 609 veniam.

592 645 905 721 Fortasse
934 647 1044 722 isti
1072 645 1485 746 placebunt,
1515 647 1571 718 si
1600 645 1830 745 plures
1859 647 2231 723 inciderint
2251 647 2327 720 in
2353 647 2658 724 eamdem

595 783 883 853 sortem,
920 764 994 836 in
1028 762 1351 836 eamdem
1384 763 1883 838 conditionem.

2392 1037 2662 1066 m

1157 1249 1494 1339 PARS
1565 1247 2115 1337 ALTERA

1292 1473 1986 1542 DECLAMATIO.

687 1655 887 1727 Idem
926 1675 1202 1755 tempus
1233 1676 1331 1728 est
1357 1653 1760 1754 ignominiae
1796 1675 2005 1743 meae,
2046 1675 2112 1727 et
2153 1674 2440 1753 receptae
2477 1677 2665 1752 roga-

589 1769 829 1843 tionis:
858 1797 1026 1841 nam
1052 1791 1300 1842 natura
1325 1770 1520 1873 prius
1548 1791 1678 1860 est,
1703 1791 1781 1842 ut
1807 1796 1935 1870 ego
1965 1797 2108 1842 non
2128 1791 2438 1862 teneam,
2465 1793 2664 1868 quam

590 1906 667 1957 ut
704 1905 977 1984 recepta
1012 1883 1120 1956 lex
1152 1883 1273 1974 sit;
1310 1912 1516 1975 nam,
1551 1883 1610 1956 si
1644 1911 1772 1984 ego
1811 1885 2226 1975 tenuissem,
2269 1883 2376 1956 lex
2414 1903 2667 1984 recepta

589 2027 736 2073 non
777 2020 983 2090 esset;
1028 2001 1362 2100 quoniam
1401 2028 1550 2073 non
1579 2000 1810 2094 tenui,
1847 2022 2117 2100 recepta
2152 2001 2262 2072 lex
2297 2019 2436 2072 est:
2469 1999 2668 2108 igitur

596 2119 989 2218 ignominia
1018 2145 1177 2190 mea
1198 2117 1537 2220 praecessit
1562 2139 1835 2219 tempus
1856 2117 2254 2218 rogationis,
2275 2116 2475 2188 Prius
2498 2112 2666 2214 apud

592 2235 865 2306 animos
902 2259 1063 2306 suos
1100 2234 1613 2306 constituerunt
1649 2233 2006 2331 homineS,
2047 2259 2191 2309 non
2227 2257 2469 2334 parere
2508 2257 2666 2302 con-

595 2347 991 2422 tradictioni
1032 2375 1205 2420 meae
1228 2405 1247 2439 ‚
1281 2375 1497 2448 quam
1531 2351 1961 2449 rogationem
1996 2367 2425 2453 receperunt.
2467 2347 2667 2418 Ante-

590 2492 805 2567 quam
827 2466 1081 2539 tabella
1100 2466 1492 2560 referretur,
1511 2486 1886 2564 antequam
1905 2486 2335 2539 excuteretur
2350 2488 2668 2537 numerus

592 2582 872 2686 populi,
915 2610 1041 2681 ego
1067 2583 1219 2685 jam
1258 2609 1401 2655 non
1441 2606 1844 2682 tenueram-2
1891 2582 2155 2679 rogatio
2189 2579 2510 2653 nondum
2545 2598 2670 2657 erat

594 2718 899 2798 recepta,
929 2697 1064 2771 nisi
1098 2719 1551 2796 posteaquam
1581 2696 2042 2767 dinumeratae
2071 2717 2233 2767 sunt
2255 2694 2499 2795 populi
2522 2720 2667 2767 sen-

589 2812 835 2885 tentiae.
858 2814 1011 2883 Hoc
1035 2838 1197 2911 ergo
1222 2811 1481 2884 tenuit:
1507 2833 1713 2909 atque
1736 2810 1944 2883 etiam
1972 2811 2028 2883 si
2054 2812 2185 2883 hoc
2213 2832 2490 2910 tempus
2512 2808 2666 2884 mihi

592 2953 739 2997 non
787 2926 1162 2997 remitteret
1210 2946 1430 2998 totam
1479 2924 1987 3025 ignominiam;
2039 2925 2146 2997 lex
2195 2946 2476 3015 tamen,
2529 2948 2666 3021 quae

578 3040 1095 3141 ‘ignominiosos
1112 3067 1350 3113 vacare
1375 3042 1574 3113 omni
1593 3062 1756 3114 nota
1774 3040 2112 3132 voluerat,
2135 3039 2489 3113 remiserat
2507 3036 2666 3110 mihi

592 3155 767 3227 duas
796 3153 945 3227 illas
970 3154 1542 3229 contradictiones
1571 3184 1586 3229 :
1624 3183 1767 3229 non
1803 3156 1991 3228 enim
2021 3156 2187 3229 facit
2216 3154 2664 3255 ignominiam

590 3272 792 3343 tertia
832 3268 1315 3360 contradictio,
1363 3271 1484 3343 sed
1515 3293 1650 3344 tres
1688 3300 1702 3343 :
1749 3271 1938 3371 quod
1965 3272 2020 3344 si
2055 3273 2208 3345 duae
2237 3271 2372 3346 illae
2402 3296 2668 3373 praeces-

589 3407 853 3481 serant,
880 3414 1036 3489 quae
1054 3388 1397 3489 majorem
1431 3409 1701 3487 partem
1730 3389 2136 3489 ignominiae
2165 3390 2570 3479 conficiunt,
2597 3384 2666 3459 id

592 3504 781 3602 quod
803 3504 956 3605 jam
985 3532 1102 3579 me
1130 3504 1526 3604 premebat,
1562 3504 1985 3578 remiserant.

2758 0 2793 62 W
