2855 4871
573 417 700 501 472
1070 413 1164 476 M.
1213 411 1463 476 Fami
1510 411 2153 494 QUINTILIANI

573 534 799 608 vellet.
827 534 1241 624 Inimicum,
1268 533 1529 633 inquit,
1556 560 1797 605 meum
1828 533 2087 607 alebat:
2115 534 2433 609 miraris?
2462 538 2660 609 mise-

573 653 784 724 ricors
811 672 950 725 est:
998 675 1066 723 et
1089 651 1220 722 hoc
1256 649 1611 723 ¹accusas?
1636 652 1871 722 forsan
1901 679 2043 723 non
2078 678 2447 750 personam
2484 655 2662 725 aesti-

575 768 826 857 mavit‚
869 767 989 838 sed
1031 767 1386 838 fortunam
1414 793 1435 836 τ
1476 787 1578 838 est
1616 764 1746 838 hoc
1781 766 2035 836 vitium
2076 765 2306 838 illius:
2344 793 2575 865 nuper
2604 789 2665 837 et

577 883 866 982 raptoris
901 881 1204 955 miserita
1233 903 1356 954 est.
1387 881 1525 955 Sed
1558 880 1729 979 quid
1766 901 1911 952 tam
1944 881 2139 952 valde
2173 881 2297 953 iste
2330 884 2661 983 peccavit,

579 1020 656 1071 ut
697 998 875 1070 mori
921 998 1202 1070 debeat?
1243 1025 1389 1088 me,
1440 997 1702 1094 inquit,
1752 997 1979 1096 perire
2016 997 2251 1070 voluit.
2290 999 2663 1087 'ImitatiS,

579 1114 771 1212 quod
807 1114 1038 1212 arguis
1071 1141 1085 1184 :
1125 1139 1286 1210 ergo
1328 1112 1664 1212 peccavit,
1714 1111 1905 1183 idem
1940 1112 2149 1202 facis;
2193 1111 2665 1186 crudelitatem

579 1250 647 1302 et
667 1255 944 1301 accusas
968 1249 1033 1300 et
1055 1227 1366 1302 imitaris.
1387 1228 1523 1299 Sed
1552 1226 1668 1299 ille
1690 1227 1970 1316 merit03
1994 1228 2254 1327 quippe
2280 1249 2623 1326 raptorem
2649 1257 2665 1298 ε

579 1365 750 1445 puta
777 1369 1083 1443 peccasse
1113 1371 1127 1414 :
1165 1342 1521 1433 satisfecit,
1554 1362 1784 1441 rogat,
1819 1341 2029 1414 miser
2060 1362 2205 1413 est:
2237 1341 2469 1413 hostes
2500 1369 2669 1440 quo-

583 1484 721 1556 que
761 1478 1096 1557 parcunt:
1141 1456 1447 1556 denique
1486 1455 1632 1528 haec
1662 1454 1959 1527 meruit:
1999 1455 2185 1527 hanc
2226 1455 2509 1555 respice.
2568 1457 2669 1526 Te

583 1600 900 1672 quoque,
926 1572 1192 1671 inquit,
1221 1571 1569 1646 abdicavit
1597 1601 1610 1642 :
1644 1570 1958 1670 relinque
1986 1571 2511 1644 aestimationem
2540 1571 2671 1669 ipsi

585 1689 844 1761 doloris
874 1689 979 1761 sui
1007 1716 1023 1760 :
1059 1688 1208 1761 sine
1242 1689 1392 1787 ipsa
1411 1685 1781 1760 vindicet-²⁵.
1814 1687 1953 1760 Sed
1986 1715 2110 1762 cur
2142 1686 2493 1760 vindicet?
2522 1715 2675 1759 me-

587 1802 721 1874 rito
756 1803 1073 1875 abdicata
1113 1825 1214 1876 est
1248 1831 1263 1876 :
1309 1824 1374 1875 te
1417 1822 1833 1894 servaverat,
1874 1803 2139 1876 meruit
2176 1802 2505 1875 exsulare.
2540 1802 2675 1874 Sed

587 1940 759 2018 puta
802 1918 1052 2021 injuste
1100 1919 1449 1992 abdicasse
1472 1975 1491 2009 ‚
1532 1939 1725 2017 pater
1764 1939 1910 1990 est:
1962 1945 2108 1990 non
2154 1917 2560 2017 respicimus
2604 1917 2675 1987 in

592 2035 940 2135 ejusmodi
974 2036 1292 2126 fortuna,
1319 2033 1491 2133 quid
1530 2033 1884 2106 meruerit.
1906 2033 2229 2130 Denique
2268 2031 2443 2130 quid
2482 2031 2681 2104 faciet

585 2148 870 2238 mulier,
903 2176 1128 2247 quum
1171 2149 1260 2220 ad
1291 2147 1635 2248 januam4
1662 2147 1962 2221 venerit?
1994 2169 2063 2219 et
2092 2147 2519 2246 quantulum
2546 2169 2675 2235 est,

546 2257 556 2268 ”
593 2260 784 2357 quod
812 2261 1121 2360 praestat?
1150 2287 1290 2359 quo
1319 2288 1511 2335 nunc
1541 2289 1613 2334 se
1642 2263 1897 2336 misera
1924 2261 2269 2334 conferet?
2298 2287 2467 2334 cum
2494 2283 2677 2360 patre

591 2375 933 2449 nimirum
968 2377 1523 2457 mendicandum
1558 2377 1767 2451 habet
1796 2405 1813 2451 :
1846 2377 2049 2451 facile
2076 2398 2313 2450 tamen
2351 2377 2677 2449 maritum

593 2490 936 2565 inveniet:
969 2513 1242 2565 tantum
1266 2520 1356 2567 ne
1387 2492 1683 2592 impune
1710 2493 1866 2565 laesa
1893 2494 2014 2585 sit,
2042 2493 2369 2565 solatium
2398 2491 2588 2591 petit.

594 2680 824 2732 rioribus
845 2704 858 2732 ε
899 2682 944 2734 εἰ
981 2682 1053 2734 ad
1089 2680 1354 2755 inqu-atum
1397 2679 1599 2732 reverti.
1672 2678 1878 2751 forsan.
1914 2680 2040 2734 Non
2072 2696 2346 2750 personam
2362 2716 2383 2744 ,
2428 2677 2678 2731 AErodius.

594 2760 759 2812 Gnon.
791 2760 1188 2813 Matrimonium
1200 2761 1366 2831 istium
1388 2776 1483 2811 suo
1506 2776 1605 2829 po·
1756 2778 1805 2813 τι.
1826 2761 2070 2814 Imitaris.
2090 2758 2353 2812 Imitan’s:
2372 2758 2685 2831 quidaqna's

597 2852 745 2905 terat,
764 2856 864 2893 etc.
882 2842 1100 2894 Senum.
1117 2842 1413 2911 Distingua,
1433 2838 1605 2910 Quid?
1683 2842 1839 2915 erqo?
1856 2844 2118 2915 peccavit,
2138 2859 2305 2911 marg.
2336 2839 2517 2893 AErod.
2530 2870 2601 2880 —-
2616 2840 2685 2891 Et

595 2922 741 2993 quod
761 2923 1158 2975 matrimonium
1174 2923 1200 2971 ι’·
1219 2922 1477 2994 suijuris.-
1506 2938 1604 2991 pe-
1680 2938 1903 2974 accusas.
1932 2924 2013 2973 Cr.
2039 2924 2143 2993 ejus
2158 2938 2394 2971 acciaeas:
2418 2920 2509 2971 sed
2520 2919 2683 2971 imita·

599 3011 730 3051 tent
754 3002 834 3052 sui
848 3002 986 3071 juris
1001 3040 1016 3065 ‚
1040 3014 1100 3052 ut
1119 3014 1270 3069 auto,
1294 2999 1502 3071 nuptias
1522 3000 1604 3051 sui
1682 2999 1751 3053 τίς
1767 3035 1785 3064 ,
1828 2998 2008 3051 AErod.
2049 3028 2122 3039 —
2164 3000 2371 3071 Quippe
2410 3010 2679 3071 ruptam.

581 3079 750 3149 jur-125,
776 3079 900 3148 quia
927 3080 1094 3129 invito
1118 3092 1276 3149 patae
1295 3089 1603 3149 optaverat,
1686 3080 1893 3151 Quippe
1916 3089 2173 3152 raptorem
2204 3078 2289 3131 lex
2306 3078 2485 3149 punit.
2511 3078 2679 3130 ,ΕΙ-οδ.

599 3171 654 3211 et
667 3161 738 3212 ita
757 3159 838 3211 sui
854 3158 1056 3211 arbitrii
1070 3173 1121 3211 et
1139 3158 1346 3212 consilii
1363 3170 1475 3211 erat
1496 3156 1603 3210 hoc
1754 3158 1805 3211 3.
1836 3156 1963 3210 Sine
1986 3158 2092 3229 ipse
2114 3156 2360 3209 vindicet.
2386 3156 2526 3229 Lege
2542 3180 2556 3207 ε
2584 3160 2685 3209 siae

599 3238 1021 3303 matrimonium,
1039 3256 1148 3289 non
1167 3240 1361 3310 patris,
1384 3238 1607 3309 quinon
1688 3235 1799 3309 ipsa
1818 3236 2057 3288 vindicet,
2082 3236 2257 3306 Rapta
2279 3233 2521 3287 dolorem
2546 3234 2685 3287 abdi·

601 3316 832 3387 elegerat
871 3334 1138 3386 generum.
1185 3314 1324 3367 Male
1371 3314 1609 3368 distinxit
1686 3318 1929 3369 cationis.
1954 3318 2123 3369 Gnon.
2152 3317 2231 3369 Ita
2254 3315 2456 3369 Scimlt.
2482 3330 2534 3369 et
2558 3316 2685 3369 Ohr.

603 3400 761 3449 etiam
774 3396 1093 3452 Obrechtus.
1114 3396 1173 3449 Si
1191 3394 1348 3449 vellet
1365 3396 1605 3460 mallem3
1686 3398 1805 3468 Ipse
1820 3416 1871 3449 se
1896 3396 2121 3449 vindicet
2131 3436 2149 3463 ,
2175 3396 2357 3449 AErod.

602 3494 726 3527 nam
745 3474 832 3529 hic
852 3474 1037 3529 durior
1053 3475 1140 3527 illa
1159 3472 1357 3546 ellipsis
1381 3473 1607 3539 videtur,
1636 3484 1641 3493 ’
1760 3480 1812 3545 4.
1836 3476 1924 3529 Aa
1937 3480 2183 3550 januam.
2212 3479 2299 3530 ΑΙ.
2328 3477 2399 3529 ad
2419 3496 2587 3551 qemun
2608 3496 2693 3528 ve·

605 3574 764 3627 quam
811 3554 937 3609 alias
977 3558 1328 3627 agnoscimus.
1367 3553 1499 3609 Vide
1542 3554 1607 3607 ad
1690 3558 1857 3618 neritff
1880 3556 2107 3628 supple,
2124 3568 2294 3630 pater,
2322 3576 2485 3628 marg.
2508 3556 2688 3609 AErod.

605 3632 760 3703 Qvid.
790 3633 906 3687 Am.
928 3636 980 3699 1,
1005 3636 1068 3701 4,
1096 3652 1178 3704 29·
1204 3636 1374 3687 Banu.
1688 3665 1760 3677 —-
1780 3637 2035 3687 Maritum
2060 3636 2305 3689 inveniet.
2332 3636 2414 3688 ΔΙ.
2440 3647 2655 3688 mortem
2672 3657 2687 3683 .-

683 3731 728 3767 ι.
770 3714 885 3767 Hoc
919 3732 1139 3769 accusas.
1175 3717 1244 3767 Et
1279 3715 1375 3769 hoc
1404 3734 1613 3769 accusas
1692 3732 1859 3784 marg.
