2855 4871
603 394 1435 462 DECLAMATIONES.
1482 396 1861 461 CCLXXI.
2153 422 2261 464 ηε

201 548 446 624 pauper
489 545 808 621 pugnare
851 519 1078 591 filium
1119 546 1328 591 suum
1370 546 1517 591 non
1553 540 1755 592 vetat.
1794 520 2161 610 Quantum
2196 544 2275 594 tu

201 638 420 741 adjicis
449 635 558 707 illi
593 634 852 724 animi,
883 634 1074 732 quod
1101 632 1344 705 times?
1377 633 1497 706 sed
1525 635 1812 707 forsitan
1848 656 1913 707 et
1939 636 2276 710 incautio-

203 780 332 825 rem
373 751 582 823 illum
629 752 833 823 faciat
872 748 1014 821 haec
1056 749 1204 848 ipsa
1246 749 1529 823 fiducia.
1578 750 1762 823 lllud
1804 752 1943 823 scio
1964 809 1983 842 ,
2026 754 2279 826 favebit

203 871 530 971 pugnanti
560 869 738 941 mihi
757 868 1090 970 populus:
1113 852 1254 941 scio
1273 868 1619 959 futurum,
1642 890 1718 940 ut
1741 868 1837 941 dii
1860 870 2278 945 immortales

205 1006 362 1057 stent
387 1012 516 1087 pro
545 1012 708 1057 mea
735 1004 925 1083 parte
955 1011 971 1056 ε
1008 1010 1151 1056 non
1181 983 1367 1057 solus
1395 982 1570 1055 mihi
1602 1004 1777 1055 stare
1800 984 2084 1057 videbor
2111 1014 2124 1057 :
2156 986 2281 1057 ha-

203 1102 364 1175 bebo
406 1104 479 1173 in
527 1100 942 1175 commilitio
984 1102 1272 1173 fratrum
1315 1128 1636 1174 meorum
1680 1102 1989 1173 animas:
2026 1102 2082 1173 si
2111 1102 2275 1202 quid

203 1220 385 1290 estin
411 1218 659 1291 animo
683 1217 1030 1319 praesagii,
1071 1217 1126 1289 si
1164 1216 1338 1316 quid
1369 1218 1445 1289 in
1476 1238 1710 1289 mente
1738 1217 1885 1318 ipsa
1911 1218 2094 1317 spei,
2124 1244 2281 1289 con·

203 1334 362 1433 cipio
387 1334 795 1409 victoriam:
845 1361 1076 1433 neque
1122 1334 1406 1406 aliunde
1450 1333 1595 1407 haec
1635 1334 2015 1433 pertinacia
2050 1335 2277 1406 venit:

201 1476 330 1521 non
353 1448 690 1548 precibus
719 1450 852 1521 tuis
870 1507 890 1539 ‚
918 1476 1065 1523 non
1093 1448 1302 1523 minis
1327 1470 1605 1523 terreor.
1631 1450 1917 1548 Alioqui
1943 1448 2111 1553 quid
2138 1450 2283 1547 agis

202 1563 578 1638 abdicando
623 1592 778 1654 mc,
827 1565 960 1637 nisi
1003 1586 1082 1637 ut
1127 1591 1272 1639 non
1319 1591 1637 1665 pugnem
1670 1564 2012 1637 incolumi
2048 1590 2281 1635 rerum

201 1706 502 1755 mearum
545 1680 776 1755 statu?
821 1682 1132 1781 cogitabo
1175 1682 1262 1755 dc
1294 1682 1608 1772 victoria,
1658 1681 1975 1780 cogitabo
2017 1680 2103 1753 de
2135 1680 2285 1752 vin-

201 1795 400 1869 dicta:
443 1796 501 1869 si
531 1824 698 1869 vero
728 1823 891 1869 cum
925 1797 1056 1869 hac
1093 1824 1210 1871 me
1241 1796 1535 1871 infamia
1564 1795 1886 1885 dimittis,
1910 1798 2062 1897 jam
2090 1821 2281 1869 nunc

201 1908 376 1999 dico,
405 1938 616 1983 arma
647 1910 1022 1984 dimittam.

199 2172 526 2195 mm

991 2172 1797 2197 *mmmm

855 2420 862 2430 ·
957 2377 1506 2457 CCLXXII.

907 2605 1164 2680 Orbata
1192 2609 1556 2708 proditrix.

203 2796 321 2874 Qut
346 2817 618 2862 commu
643 2821 903 2862 Pontica
926 2785 1348 2864 nunciavtni‘r
1368 2816 1409 2879 ¹,
1436 2824 1651 2864 cni-rt
1676 2822 2009 2862 mmm-un.
2036 2801 2125 2860 Ad
2154 2800 2275 2860 col·

269 2893 587 2979 figendum
623 2897 740 2958 filii
781 2920 1008 2980 corpus
1043 2899 1225 2959 nocte
1259 2901 1551 2982 processit
1582 2911 1806 2960 mater:
1838 2897 2277 2981 comprehensa

265 2993 338 3052 ab
365 2993 687 3072 hostibu3‚
717 3009 777 3056 et
808 3008 1008 3073 torta,
1043 2996 1337 3059 indicavit
1373 2998 1603 3058 auxilia
1634 2997 1876 3058 venire:
1910 2997 2135 3079 quibus
2164 3017 2275 3078 op·-

265 3095 512 3172 pressis,
552 3093 630 3153 de
671 3095 935 3154 vinculis
974 3095 1230 3176 effugit,
1272 3110 1334 3155 et
1373 3096 1697 3156 nunciavit
1738 3093 2098 3155 cuniculum
2138 3095 2275 3174 agi:

264 3193 572 3272 oppressis
592 3191 872 3258 hostibus
887 3238 906 3268 ,
935 3215 1037 3256 rea
1069 3205 1158 3254 est
1187 3195 1360 3276 quod
1388 3194 1648 3256 consilia
1676 3193 2277 3277 publica'nunciave-

265 3287 356 3348 rit.
387 3291 460 3350 C.
487 3291 566 3350 D.

1035 3389 1412 3477 smum.

271 3549 496 3614 Potior
515 3549 588 3613 in
615 3549 742 3616 hac
761 3573 956 3617 causa
981 3554 1427 3618 controversia
1446 3599 1462 3631 ,
1492 3575 1689 3644 quam
1716 3552 1797 3617 lis
1818 3569 1936 3617 est.
1966 3554 2074 3617 Lis
2095 3551 2277 3616 enim

199 3652 352 3717 circa
373 3667 590 3720 unum
617 3655 861 3723 factum
890 3677 1221 3725 versatur:
1258 3659 1324 3725 in
1357 3681 1488 3750 qua
1518 3657 1645 3723 illae
1670 3675 1824 3724 sunt
1848 3659 2274 3750 quaestioneS‚

261 3811 302 3846 ι.
323 3795 430 3867 Qui
445 3795 668 3849 masilia
680 3797 890 3869 publica
909 3802 1192 3852 nunciave-
1272 3817 1399 3854 nov.
1433 3799 1504 3852 ad
1534 3799 1645 3852 Liv.
1684 3799 1781 3868 lx,
1816 3800 1894 3852 16.
1930 3798 2014 3850 Sic
2040 3797 2276 3850 lustinus

195 3875 270 3924 ric.
291 3875 432 3947 Lego
451 3889 508 3928 et
529 3874 618 3927 hie
643 3889 697 3928 et
719 3895 869 3945 mox,
889 3880 1193 3932 enunciaue·
1281 3899 1304 3925 ι
1323 3880 1607 3932 enunciare
1648 3880 1917 3931 initiorum
1953 3893 2131 3930 saci-az
2160 3895 2181 3919 ι·
2226 3887 2279 3925 et

197 3951 269 4002 rit.
313 3953 550 4006 Gnouov.
599 3955 666 4006 Et
709 3956 784 4008 ita
836 3954 1192 4029 Schult‘mgius
1273 3957 1443 4011 Cicer.
1480 3956 1547 4008 de
1576 3957 1727 4010 Orat.
1762 3951 1917 4022 I‚'47
1936 3977 1949 4004 ε
1992 3953 2279 4024 «Mysten-ia

196 4047 514 4088 corruet-att
549 4046 723 4087 recte:
757 4035 862 4089 hoc
895 4037 1196 4109 eni-pro·-
1279 4060 1304 4084 ι
1323 4041 1636 4090 enunciare:
1658 4059 1681 4084 ιι
1724 4049 1779 4090 et
1818 4036 1891 4087 ita
1932 4035 2128 4107 panim
2172 4033 2275 4084 alii·

196 4115 358 4181 prium
375 4116 433 4169 in
449 4115 560 4170 bne
571 4135 630 4169 re
649 4117 870 4171 verbnm
889 4141 902 4169 ε
921 4117 1044 4172 vide
1061 4119 1196 4174 Gru-0⁶
1273 4119 1441 4172 Banu.
