2855 4871
620 378 745 465 590
1194 375 1730 440 CALPURNII
1777 372 2121 440 FLAccl

2443 628 2688 651 mum

1505 814 1814 891 XLVI.

1348 1025 1642 1099 Adulter
1657 1038 1674 1069 ¹
1715 1032 1968 1098 uxoris.

617 1231 707 1290 Ex
730 1229 973 1290 duobus
997 1228 1140 1290 filiis
1163 1228 1337 1290 alteri
1368 1247 1626 1288 uxorem
1652 1226 1848 1303 dedit,
1874 1224 2026 1287 alte'r
2053 1228 2277 1288 incidit
2300 1230 2370 1288 in
2393 1230 2688 1289 adversam

696 1328 1151 1403 valetudinem3
1177 1326 1398 1386 medici
1430 1326 1716 1385 dixerunt
1745 1327 1940 1385 animi
1967 1346 2092 1385 esse
2115 1326 2502 1407 languorem.
2525 1330 2690 1405 Quae-

694 1428 851 1487 renti
901 1426 1060 1507 patri
1082 1470 1099 1499 ‚
1143 1422 1347 1484 fratris
1390 1445 1644 1484 uxorem
1687 1446 1748 1485 se
1788 1445 1997 1483 amare
2037 1423 2352 1485 confessus
2397 1441 2505 1485 est.
2549 1426 2693 1485 Petit

697 1534 872 1604 pater
898 1543 935 1580 a
960 1520 1125 1597 filio,
1155 1535 1225 1582 ut
1257 1520 1665 1581 matrimonio
1693 1521 1965 1581 cederet:
2005 1522 2397 1603 impetravit:
2431 1525 2692 1581 inventos

695 1620 762 1677 in
794 1617 1137 1680 adulterio²
1170 1632 1415 1702 postea,
1444 1617 1699 1679 fratrem
1735 1634 1796 1679 et
1828 1640 2084 1679 uxorem
2115 1618 2424 1680 secundus
2455 1622 2690 1680 maritus

696 1714 952 1776 occidit:
980 1714 1303 1777 abdicatur
1327 1734 1362 1775 a
1386 1726 1580 1797 patre.

1306 1922 1639 1969 CONTRA
1689 1920 2013 1966 FILIUM.

726 2044 889 2118 Sero
937 2072 1092 2137 me,
1142 2044 1550 2119 sanctissimi
1596 2044 1912 2147 judices,
1955 2044 2275 2115 abdicare
2327 2066 2554 2143 patet:
2593 2044 2698 2143 jus

622 2162 813 2235 enim
852 2162 939 2235 ad
985 2161 1117 2234 hoc
1166 2162 1376 2252 redit,
1424 2182 1502 2233 ut
1543 2188 1859 2234 excusare
1903 2159 2300 2262 compellar,
2339 2187 2485 2233 non
2525 2158 2698 2257 quod

622 2290 919 2349 extrema
950 2303 1089 2349 non
1126 2276 1441 2368 tulerim,
1473 2279 1591 2350 sed
1624 2276 1810 2376 quod
1849 2276 1964 2349 illa
1998 2272 2222 2377 priora
2254 2276 2696 2348 toleraverim.

622 2388 767 2482 Qui
801 2391 1036 2490 capitis
1069 2419 1301 2491 poenas
1331 2420 1373 2466 a
1403 2420 1530 2466 suo
1564 2394 1765 2466 fratre
1795 2420 1921 2494 pro
1951 2418 2155 2465 uxore
2189 2390 2447 2464 dilecta
2479 2388 2700 2492 ³pe1it‚

622 2507 795 2605 quid
819 2507 962 2606 ipse
987 2508 1347 2598 meruerit,
1378 2509 1698 2580 ostendit.
1731 2508 2015 2580 Crimen
2043 2509 2360 2606 superius
2389 2509 2560 2581 huic
2587 2509 2704 2578 im-

622 2643 862 2722 putare
894 2648 1039 2694 non
1070 2649 1393 2722 possum:
1433 2649 1598 2694 nam
1628 2624 1837 2695 frater
1867 2621 2148 2720 ignovit.
2181 2622 2556 2712 Quantum
2587 2623 2704 2694 tibi

622 2733 1027 2836 nuptiarum
1050 2737 1351 2809 cessione
1377 2737 1755 2837 praestiterit
1767 2735 1822 2825 ⁴,
1844 2737 2181 2809 adulterio
2209 2737 2700 2837 probaverunt:

624 2851 748 2924 tibi
775 2850 1023 2924 liberas
1056 2871 1123 2925 et
1153 2873 1467 2955 perpetes
1501 2873 1772 2944 noctes,
1809 2852 1941 2925 sibi
1973 2851 2223 2925 furtiva
2256 2851 2704 2938 commercia,

624 2993 689 3046 et
714 2999 1033 3045 amorum
1066 2973 1374 3073 pericula
1400 2973 1868 3072 reliquerunt:
1893 2969 2168 3070 ignosce
2195 2967 2628 3056 amantibus,
2653 2965 2702 3036 si

624 3112 779 3161 vere
810 3089 1083 3182 amasti.

608 3281 627 3292 ‘
703 3285 747 3318 ι.
776 3265 1014 3318 Adulter.
1044 3262 1196 3318 Adde
1224 3265 1444 3332 Quintil.
1480 3266 1624 3319 Decl.
1779 3264 1830 3330 4.
1879 3263 2148 3332 Quantum
2190 3263 2339 3314 tibi...
2385 3262 2675 3336 prestiteris
2689 3301 2707 3326 ‚

624 3349 840 3403 CCXCI.
868 3348 1085 3401 Senum.
1709 3358 1810 3397 etc.
1835 3344 2032 3396 Similia
2061 3343 2186 3394 dixit
2209 3341 2405 3394 Fabius
2429 3341 2706 3394 Declamat.

700 3445 748 3478 2.
780 3427 1022 3480 Inventos
1055 3427 1111 3478 in
1141 3426 1413 3480 adulterio.
1453 3427 1594 3496 Lego
1609 3464 1627 3492 ‚
1709 3430 1797 3480 cit.
1820 3429 2005 3479 «Nunc
2020 3424 2288 3494 inteiligo,
2297 3425 2543 3494 juvenis,
2559 3440 2712 3492 quan-

626 3510 855 3560 inventos
875 3508 927 3558 ἰη
950 3505 1201 3561 adulterio
1215 3517 1391 3580 postea
1402 3505 1628 3578 fratrem
1715 3529 1737 3555 ιι
1758 3521 1872 3557 tum
1913 3504 2044 3556 mihi
2082 3505 2386 3576 praestiteris
2405 3541 2424 3566 ‚
2461 3501 2672 3553 amabas
2697 3523 2708 3550 :

624 3601 677 3641 et
696 3605 937 3642 sororem.
962 3589 1109 3638 Pau.
1715 3611 1736 3632 ιι
1757 3605 1884 3656 ergo
1907 3585 2127 3638 coibant
2151 3586 2333 3637 furtim
2351 3598 2406 3634 et
2427 3583 2638 3644 flentes,
2657 3595 2710 3632 ut

696 3668 747 3721 3.
775 3667 880 3718 Pro
906 3684 1065 3718 uxore
1086 3665 1275 3717 dilecta
1293 3668 1443 3740 petit.
1463 3669 1629 3736 Lege,
1715 3687 1736 3710 ιι
1755 3665 2121 3716 satisfacerent
2135 3665 2376 3715 invicem.
2395 3685 2418 3708 ι
2437 3662 2506 3714 Et
2519 3663 2572 3712 in
2585 3661 2710 3712 fine:

621 3759 837 3820 propter
870 3763 1079 3800 uxorem
1114 3743 1374 3796 dilectam.
1405 3745 1624 3797 Senum.
1715 3745 1866 3797 :Non
1882 3745 2114 3811 amabat,
2125 3746 2220 3816 qui
2231 3745 2412 3816 potuit
2423 3743 2706 3796 occidere.-
