2855 4871
541 467 1377 533 DECLAMATIONES.
1425 467 1871 533 CCCXXIX.
2126 471 2250 558 337

150 593 411 681 nibus,
450 590 727 687 sibique
771 590 898 689 ipsi
942 592 1390 678 damnatum,
1435 590 1732 689 publicis
1773 590 2030 666 scilicet
2065 619 2260 666 exse-

149 708 341 808 quiis
397 705 818 779 efferemus?
870 709 1023 778 Hoc
1072 707 1297 804 agite,
1350 706 1641 778 ducatur
1691 707 1941 806 ingens
1994 709 2258 782 funeris

150 851 461 923 pompa3
498 843 608 895 eat
640 822 912 921 primus
948 844 1261 909 senatus,
1303 843 1369 894 et
1402 822 1570 893 ordo
1605 821 1722 895 ille
1752 824 2216 897 sanctissimus
2238 884 2258 918 ,

150 965 599 1039 quamquam
636 959 907 1037 recepta
933 937 1144 1010 modo
1168 936 1478 1010 libertate
1504 937 1738 1029 laetuS,
1762 940 1990 1012 vultus
2025 961 2262 1014 tamen

150 1055 583 1152 habitusque
638 1052 727 1125 ad
791 1052 1183 1126 moestitiam
1253 1053 1660 1125 transferat:
1725 1053 1896 1127 dum
1957 1055 2294 1129 maxima'

154 1169 542 1242 multitudo
585 1183 949 1267 quaeque¹,
992 1157 1166 1240 du'm
1211 1168 1570 1241 universus
1613 1167 1913 1268 denique
1960 1172 2266 1270 populus

154 1285 404 1358 lustret
448 1305 653 1383 atque
697 1285 960 1356 ambiat
1003 1311 1293 1382 rogum3
1331 1284 1744 1384 adjiciamus
1791 1308 1859 1359 et
1905 1286 2261 1386 lacrymas.

152 1401 607 1475 Perdidimus
646 1401 1155 1499 tyrannicidam
1182 1457 1203 1490 ‚
1250 1422 1318 1472 et
1360 1402 1709 1474 vindicem
1758 1402 2154 1502 reipublicae
2200 1426 2270 1476 et

152 1516 501 1591 libertatis
533 1537 883 1588 auctorem
913 1515 927 1588 !
974 1537 1125 1588 tum
1166 1516 1464 1589 domum
1499 1517 1745 1589 reversi
1785 1544 2146 1590 narremus
2179 1518 2270 1590 li-

154 1634 347 1707 beris
374 1633 651 1721 nostris;
674 1637 840 1706 Haec
857 1633 1071 1706 virtus
1091 1634 1301 1706 habet
1318 1635 1626 1733 praemia.
1649 1639 1761 1707 An
1783 1635 2033 1734 aliquis
2055 1636 2267 1710 etiam

156 1770 385 1822 rostra
417 1748 864 1838 conscendet,
898 1771 964 1820 et
1002 1751 1163 1848 (qui
1200 1777 1569 1847 supremus
1603 1750 1800 1822 claris
1838 1751 2104 1823 civibus
2134 1751 2270 1823 ho-

158 1891 293 1937 nor
338 1863 675 1959 habetur)
715 1863 1041 1935 advocata
1082 1864 1321 1962 populi
1366 1865 1750 1954 concione,
1795 1864 2036 1937 laudes
2079 1865 2267 1965 ejus,

158 2005 381 2076 quem
424 1977 496 2049 in
540 1979 689 2048 foro
725 1975 1063 2074 sepulturi
1102 2003 1345 2048 sumus
1369 2035 1388 2065 ,
1431 1977 1797 2049 concinet?
1827 1978 2137 2050 Audient
2171 1980 2269 2051 dii

158 2093 626 2187 immortales,
662 2093 783 2192 qui
820 2119 945 2164 nos
978 2091 1373 2192 pestilentia
1416 2092 1915 2183 liberaverunt,
1955 2094 2074 2190 qui
2109 2120 2271 2193 gra-

160 2210 483 2282 vissimos
512 2209 791 2281 morbos
825 2207 1105 2308 propitii
1142 2207 1572 2280 miserunt2?
1603 2209 1674 2281 Si
1708 2207 1851 2280 ulla
1879 2229 1978 2280 est
2011 2208 2269 2283 dicenti

163 2324 374 2415 fides,
399 2324 545 2422 jam
575 2350 766 2395 nunc
794 2324 867 2396 in
892 2324 1021 2395 hac
1050 2324 1460 2422 cogitatione
1479 2381 1498 2414 ‚
1531 2345 1735 2424 atque
1768 2325 1840 2396 in
1876 2323 2004 2396 hac
2035 2352 2269 2397 rerum

164 2441 477 2541 imagine
520 2462 823 2515 versatur
860 2469 1059 2514 mens
1104 2470 1281 2514 mea.
1324 2446 1423 2514 Ex
1463 2444 1584 2515 illo
1620 2469 1949 2515 succenso
1993 2443 2271 2540 tyranni

166 2585 337 2657 rogo
370 2558 738 2630 surrecturi
780 2559 955 2629 mihi
989 2558 1305 2657 protinus
1337 2560 1564 2629 morbi
1593 2558 1951 2630 videntur:
1993 2578 2059 2628 et
2091 2585 2270 2655 qua-

165 2699 451 2771 cunque
499 2672 730 2744 feralis
773 2673 885 2744 ille
924 2674 1104 2773 ignis
1147 2674 1220 2743 in
1260 2673 1606 2745 civitatem
1652 2673 1834 2743 diros
1875 2670 2028 2742 illos
2064 2692 2270 2769 atque

168 2787 618 2861 exsecrabiles
648 2789 1008 2861 diffuderit
1030 2790 1301 2875 fumos,
1334 2815 1616 2885 gravem
1651 2786 2036 2887 quamdam
2072 2786 2272 2884 pesti-

168 2903 435 2977 lentem
472 2903 739 2976 nubem
771 2930 977 3003 supra
1014 2902 1258 2975 domos
1293 2925 1556 2975 nostras
1590 2930 1667 2974 ac
1705 2924 1879 2975 tecta
1905 2928 2266 2974 sessuram.

244 3092 265 3124 r
279 3112 295 3127 .
320 3074 461 3124 Dum
488 3074 723 3127 maxima
746 3072 1027 3126 multitudo
1050 3091 1184 3147 φαε-

168 3172 285 3225 que.
308 3154 584 3205 Fortasse:
614 3166 723 3206 tum
751 3154 983 3204 maxima
1007 3153 1185 3205 multi-

170 3232 295 3284 tudo
310 3231 533 3303 equites,
556 3242 663 3283 tum
682 3234 944 3286 universus
958 3233 1184 3304 denique

162 3309 417 3383 populus·
434 3312 599 3364 Gnou.
628 3312 763 3363 Tum
782 3330 853 3363 m.
875 3330 945 3363 m.
968 3332 1017 3385 q.
1033 3350 1049 3377 ‚
1074 3322 1183 3362 tum

166 3389 470 3454 universus,
504 3388 795 3459 Schulting.
830 3390 967 3443 Tum
1001 3410 1071 3441 m.
1108 3408 1177 3440 m.

168 3485 353 3538 eques,
381 3478 489 3519 tum
516 3487 607 3519 tm.
635 3468 765 3522 Obr.
791 3470 950 3520 Forte
967 3507 983 3534 ,
1004 3471 1182 3541 proxi-

170 3568 259 3599 ma
274 3546 559 3601 multitudo
578 3568 743 3621 eques.
766 3552 900 3601 Nam
915 3552 1184 3621 proximus

170 3645 221 3683 et
259 3633 526 3683 maximus
558 3632 817 3684 confundi
854 3632 1075 3685 vidimus
1113 3630 1183 3683 ad

170 3711 357 3765 Vellei.
404 3714 601 3765 Patere.
642 3716 719 3779 11,
762 3712 849 3765 36.
894 3712 1143 3765 Proxima
1160 3748 1178 3777 ‚

168 3790 409 3844 secunda
434 3810 467 3843 a
490 3806 695 3843 senatu.
720 3793 889 3843 Burin.

246 3890 274 3924 2
333 3872 607 3926 Miserum.
640 3874 967 3938 Eminet-unt,
1004 3871 1181 3923 AErod.

170 3952 385 4017 Malim,
398 3953 719 4005 remiserunt.
734 3952 885 4003 -In
904 3951 1003 4003 hac
1016 3970 1182 4003 rerum

172 4033 424 4107 imagine.
450 4033 593 4103 Vin-g.
622 4034 767 4097 vm,
804 4032 939 4101 7303
972 4046 1025 4083 et
1060 4032 1185 4097 xn,

170 4112 277 4165 665
300 4132 315 4173 ς
358 4130 481 4183 sup.
526 4112 675 4163 Deel.
712 4110 1016 4173 CCLXXX3
1060 4110 1184 4161 infr.

170 4194 323 4249 Decl.
348 4194 749 4249 COEXXXVII:
781 4214 805 4241 c
824 4196 1071 4259 Penates,
1092 4194 1189 4263 qui

390 4280 443 4336 6.

1270 3073 1444 3127 «mihi
1481 3074 1788 3145 quotidiana
1825 3072 2054 3143 imagine
2095 3070 2271 3123 adhuc

1268 3178 1291 3200 ι
1309 3169 1590 3207 versantur
1618 3168 1740 3207 ante
1769 3153 1970 3205 oculos.
1993 3177 2015 3199 a·
2045 3182 2119 3193 —
2143 3153 2274 3204 Suc-

1262 3252 1409 3285 ccmo
1431 3234 1646 3303 tyranni
1663 3250 1802 3306 roqo.
1825 3233 1964 3284 Flor.
1991 3233 2088 3296 111,
2107 3231 2192 3298 23,
2217 3249 2270 3283 t:

1269 3334 1290 3357 ιι
1310 3313 1417 3363 Fax
1458 3312 1598 3365 illius
1639 3325 1816 3363 motus
1857 3310 1927 3362 ab
1971 3312 2085 3379 ipso
2123 3308 2273 3381 Syllae

1267 3414 1290 3437 ι
1310 3408 1440 3461 rogo
1466 3392 1669 3443 exarsit.
1693 3415 1715 3436 ιο
1743 3418 1815 3429 --
1843 3388 2133 3459 Quamdam
2159 3406 2274 3459 pes-

1264 3469 1515 3522 tilentem.
1540 3470 1830 3539 Quamdam
1849 3489 1912 3520 ac
1927 3467 2140 3539 pestilera
2151 3477 2271 3533 tem,

1264 3547 1465 3600 Schult.
1509 3552 1696 3601 Franc.
1741 3546 1952 3600 Mallem
1970 3585 1987 3611 ‚
2025 3544 2271 3616 pestilen-

1264 3639 1505 3699 temque,
1539 3627 1616 3679 vel
1645 3626 1970 3699 pestilentiae.
2004 3656 2075 3665 -·-
2105 3626 2273 3676 Sessu·

1264 3728 1393 3761 ram.
1420 3710 1552 3759 Hinc
1568 3710 1912 3759 confirmatur
1929 3707 2086 3758 lectio
2107 3708 2272 3775 scrip-

1263 3804 1317 3843 ta
1342 3789 1490 3861 apud
1517 3792 1718 3841 Livium
1749 3788 1894 3841 XXI!
1912 3827 1929 3852 ‚
1954 3788 2052 3839 3οε
2086 3808 2107 3830 ⁴·
2127 3786 2271 3836 Tan-

1268 3895 1291 3919 «
1311 3872 1432 3923 dem
1462 3890 1576 3923 eam
1606 3871 1799 3922 nubem
1823 3910 1840 3935 .‚
1877 3888 1992 3939 quse
2019 3868 2183 3921 sedere
2215 3868 2270 3917 in

1270 3952 1448 4021 «jugis
1495 3952 1754 4001 montium
1797 3947 1950 3999 solita
1993 3959 2103 4012 est,
2147 3962 2268 3995 cum

1272 4053 1293 4076 ιι
1312 4029 1548 4103 prot-ella
1574 4029 1790 4081 imbrem
1816 4028 2038 4078 dedisse.
2063 4049 2084 4072 ι
2113 4024 2268 4079 ovid.

1264 4114 1393 4175 Met.
1430 4116 1484 4176 Ι,
1523 4110 1620 4179 267
1649 4133 1660 4161 ε
1705 4132 1726 4155 ιι
1745 4112 1941 4161 Fronte
1971 4106 2148 4160 sedent
2175 4124 2270 4161 ne-

1272 4212 1295 4237 «
1314 4190 1468 4243 bulae.
1489 4214 1512 4239 ιο
1541 4190 1708 4241 Eunu.

1921 4293 1984 4328 22
