2855 4871
678 426 1514 499 DECLAMATIONES.
1555 428 1800 495 cccl.
2156 456 2230 500 ιιι
2251 460 2277 502 ι

192 551 615 627 sollicitasti?
646 578 831 643 nnn,
860 552 918 625 si
948 551 1427 625 contumacior
1459 572 1667 641 esset,
1708 580 1834 651 pro
1865 572 1986 627 tua
2017 554 2136 627 illa
2167 584 2291 630 co-

190 670 433 743 mitate
459 696 503 741 a
528 669 821 741 domino
850 667 1111 767 petisti?
1132 669 1421 742 Potuisti
1451 694 1616 769 ergo
1639 671 1842 762 scire,
1870 673 2080 745 etiam
2107 697 2295 749 ante-

189 814 407 887 quam
434 812 679 885 rapere
704 786 1083 885 inciperes:
1116 784 1365 887 inipso
1390 812 1553 861 vero
1581 808 1780 887 raptu
1811 814 1954 861 non
1979 794 2300 890 apparuit

191 903 351 995 tibi,
382 901 723 975 ancillam
756 928 901 973 non
931 900 1121 973 esse?
1145 926 1290 973 non
1315 922 1682 999 tamquam
1709 904 1926 976 libera
1951 932 2301 1005 repugna-

192 1020 331 1093 vit?
374 1046 524 1093 non
568 1018 1024 1119 proclamavit
1062 1018 1376 1117 patrem?
1420 1020 1696 1093 nullam
1737 1038 2018 1095 vocem¹
2063 1050 2296 1099 meam

198 1134 511 1207 audisti?
558 1134 707 1205 fieri
750 1160 895 1205 non
930 1152 1185 1232 potest,
1223 1153 1301 1205 ut
1333 1160 1478 1206 non
1517 1136 1820 1236 eruperit
1861 1138 2298 1235 ingenuum,

196 1276 347 1347 quae
374 1248 655 1320 aditura
678 1268 821 1320 erat
842 1247 1307 1346 magistratus.
1332 1252 1476 1320 Aut
1502 1276 1628 1349 ego
1657 1250 1883 1342 fallor,
1917 1274 2036 1325 aut
2065 1253 2150 1325 de
2173 1255 2304 1327 hac

196 1388 335 1439 tota
365 1392 580 1437 causa
596 1364 994 1467 judicatum
1020 1385 1121 1436 est
1148 1392 1163 1436 :
1196 1392 1363 1435 nam
1388 1366 1642 1463 siquid
1671 1369 1970 1440 feceram
2000 1372 2299 1465 fraudis,

198 1480 385 1580 apud
413 1480 896 1577 magistratum
920 1504 1123 1577 agere
1146 1478 1470 1553 debuisti.
1501 1481 2081 1587 Circumscriptus
2105 1513 2262 1558 sum
2281 1545 2301 1578 ,

198 1594 535 1668 ancillam
571 1594 839 1693 putavi:
878 1594 1401 1666 necessitatem²
1429 1596 1721 1694 raptoris
1751 1599 2110 1694 agnovisti.
2142 1603 2300 1673 Non

199 1731 371 1811 puto
424 1732 493 1783 te
540 1708 870 1811 objicere,
906 1710 1096 1810 quod
1145 1710 1423 1809 nuptias
1470 1710 1778 1809 optavit:
1834 1712 1953 1783 sed
2003 1741 2130 1787 nec
2177 1743 2304 1813 ego

200 1826 523 1927 imput03
574 1826 751 1897 sicut
794 1852 885 1897 ne
928 1825 1241 1925 gratulor
1286 1824 1578 1923 quidem
1620 1826 1752 1899 hoc
1798 1828 2302 1905 matrimonio:

204 1944 383 2019 mihi
414 1943 645 2043 magis
673 1942 1103 2018 convenisset
1134 1968 1377 2041 gener,
1410 1969 1576 2017 cum
1608 1968 1754 2039 quo
1781 1942 1955 2015 mihi
1991 1972 2114 2042 par
2145 1973 2308 2021 con-

202 2060 452 2149 victus,
484 2056 675 2159 apud
694 2084 945 2155 quem,
970 2056 1025 2131 si
1056 2058 1227 2129 forte
1256 2082 1637 2147 coenarem,
1661 2083 1836 2131 uxor
1856 2080 2138 2130 munisti
2140 2082 2302 2133 aret

202 2178 313 2249 Tu
344 2198 592 2249 tamen
632 2175 803 2272 quid
844 2174 1496 2272 circumscriptione
1535 2174 1661 2246 ista
1677 2174 2100 2291 perdidisti?
2129 2205 2308 2249 uxo-

206 2322 351 2367 rem
400 2320 549 2365 non
593 2292 807 2364 habes
840 2291 1297 2391 locupletem3
1342 2292 1522 2363 nihil
1557 2292 1748 2364 enim
1790 2293 2046 2390 magiS‚
2090 2321 2308 2393 quam

206 2410 585 2510 pecuniam
616 2408 982 2482 desideras
1012 2409 1081 2480 Ο
1104 2428 1167 2480 te
1196 2406 1530 2508 dignum,
1561 2407 1683 2508 qui
1713 2406 2000 2482 duceres
2027 2411 2304 2510 parem!

207 2548 373 2600 tunc
406 2526 653 2613 scium,
688 2551 841 2623 quae
878 2524 1272 2614 discordiae,
1322 2552 1474 2625 quae
1523 2527 2036 2617 contentioneS,
2088 2557 2306 2627 quam

206 2643 537 2740 frequens
580 2642 843 2714 mentio
880 2641 1090 2729 dotis,
1136 2665 1351 2742 quam
1398 2663 1617 2714 erecta
1660 2669 1739 2712 ex
1771 2668 1970 2740 aequo
2015 2639 2304 2718 ³cervix.

210 2757 473 2856 Utique
502 2759 571 2829 in
601 2757 710 2829 his
739 2757 873 2829 tuis
902 2747 1205 2849 deliciis,
1240 2759 1313 2830 in
1342 2758 1452 2830 his
1469 2756 1976 2856 'cupiditatibus
2005 2757 2130 2829 tibi
2155 2759 2312 2832 lice-

210 2893 313 2944 ret
350 2899 584 2944 amare
629 2873 939 2972 aliquam
981 2873 1345 2964 ancillam,
1393 2872 1704 2985 deperire
1747 2871 2053 2968 aliquam
2091 2875 2310 2945 mini-

209 3011 531 3064 strarum.
568 2993 661 3062 At
688 3016 883 3062 nunc
914 2989 1131 3062 habes
1164 3015 1446 3064 uxorem
1477 3013 1620 3066 uon
1655 2987 2134 3080 ambitiosam,
2163 3018 2309 3068 non

210 3227 325 3260 αιιι.
342 3207 437 3272 tx,
454 3205 589 3266 8653
604 3203 793 3260 Claud.
812 3207 1111 3276 Gigantom.
1128 3222 1219 3275 91,
1296 3217 1484 3258 tutata
1499 3203 1934 3272 Trimalchionis,
1951 3223 2068 3276 quse
2087 3225 2152 3257 ex
2164 3227 2310 3282 oequo

210 3301 262 3340 et
276 3287 403 3340 alibi
416 3307 433 3347 ς
448 3297 501 3337 et
520 3285 623 3338 hoc
642 3285 709 3336 de
728 3285 905 3356 puella
925 3284 1217 3358 elegantem
1284 3285 1377 3356 jue
1398 3280 1622 3353 firmum
1657 3283 1999 3355 approbabat;
2034 3287 2311 3341 Petronius

210 3365 355 3418 unde
384 3362 657 3417 oculorum
685 3364 883 3417 dolores
912 3363 1039 3416 dicti
1066 3361 1223 3429 «Za-yni-
1300 3361 1533 3426 LXXIV,
1555 3360 1647 3410 ubi
1672 3359 1775 3411 vid.
1803 3373 1856 3412 et
1880 3359 1946 3412 ad
1974 3362 2118 3414 Decl.
2145 3365 2310 3418 CCLI.

210 3449 329 3502 Obm-
354 3444 611 3511 ὁρμά-ον,
630 3455 691 3496 ut
710 3444 1009 3498 Alexander
1028 3445 1226 3512 formo—
1306 3438 1492 3492 Cervt'x
1505 3457 1634 3490 vero
1654 3449 1819 3490 erecta
1831 3477 1848 3502 ,
1873 3458 1988 3510 quae
2001 3443 2191 3513 jugum
2214 3463 2319 3496 ma-

214 3545 297 3579 nas
326 3523 569 3578 Persidas
594 3535 754 3576 vocnt
780 3521 926 3595 apud
958 3521 1225 3575 Plutarch.
1302 3523 1389 3574 riti
1410 3521 1635 3586 excutit,
1657 3539 1798 3590 quae,
1820 3533 1881 3572 ut
1902 3524 2084 3574 Horat.
2113 3523 2214 3578 Od.
2241 3529 2318 3593 n,

216 3627 267 3678 p.
290 3607 419 3678 676.
446 3609 618 3659 Eum.
1309 3605 1367 3668 5,
1392 3601 1516 3654 licet
1538 3600 1722 3674 paullo
1744 3601 1846 3652 alio
1869 3621 2053 3671 sensu,
2076 3624 2183 3658 non
2205 3609 2320 3660 sub-

294 3705 336 3740 ι.
372 3687 606 3741 nullom
640 3703 835 3739 vocem.
870 3685 951 3737 An
969 3722 986 3749 ‚
1018 3683 1229 3736 nullum
1307 3694 1423 3736 acta
1445 3681 1988 3758 cerviceferrejuqum
2007 3686 2147 3739 vult:
2171 3703 2229 3740 ut
2249 3691 2320 3742 ita

218 3789 409 3824 nomen
434 3787 615 3822 meum
638 3767 869 3820 audisti?
886 3767 989 3817 nisi
1011 3784 1109 3819 vox
1128 3783 1230 3837 pro
1311 3784 1447 3836 saepe
1487 3765 1676 3818 Cicero
1705 3767 1927 3818 'cervices
1965 3785 2061 3836 pro
2098 3769 2326 3822 audacia

216 3852 453 3902 nomine.
472 3849 695 3901 Senum.
716 3845 904 3900 Vocem
920 3844 1051 3912 mei,
1069 3861 1231 3915 marg.
1310 3847 1482 3919 ponit.
1499 3843 1621 3897 vid.
1657 3845 1806 3897 Hott.
1841 3844 1910 3897 ad
1935 3849 2066 3897 Veri·
2111 3849 2178 3898 ΠΙ
2193 3887 2210 3911 ,
2237 3849 2322 3916 59.

221 3931 405 3984 AEmd.
1312 3929 1526 3980 Dictum
1563 3945 1725 3993 vero,
1764 3938 1822 3978 ut
1861 3926 2043 3979 tollere
2081 3928 2324 3996 vultum,

290 4027 343 4062 α.
382 4007 766 4062 Necessitatem.
800 4006 1009 4058 Duxisti
1042 4004 1239 4076 op'tan-
1317 4003 1692 4078 supercilium5
1718 4017 1769 4056 et
1794 4005 2018 4058 similia·
2044 4003 2112 4056 de
2138 4007 2331 4077 quibus

216 4103 331 4144 tem
358 4091 579 4162 nuptias
608 4101 727 4141 tuas
758 4087 993 4139 domum.
1017 4085 1239 4140 Senum.
1320 4084 1425 4138 vid.
1455 4083 1524 4136 ad
1545 4087 1760 4136 Petron-
1764 4083 1953 4134 XXX.
1976 4083 2146 4136 Ruunt.
2169 4115 2238 4128 —
2261 4086 2339 4138 At

296 4171 349 4224 3.
370 4171 563 4224 Erecta
581 4185 646 4221 ex
662 4185 812 4241 oequo
830 4166 1247 4221 ceruix.UtF'01--
1328 4183 1488 4218 nunc.
1513 4163 1588 4216 At
1608 4162 1758 4216 deest
1776 4159 1956 4215 AErod.

2005 4252 2086 4319 14.
