2855 4871
606 447 1444 514 DECLAMATIONES.
1491 449 1885 514 chxul.
2213 449 2294 515 85

198 571 685 670 ignominiam
730 573 990 661 merui,
1039 598 1181 668 quo
1222 571 1504 643 remissa
1549 593 1648 644 est
1687 599 1702 643 :
1753 592 1984 672 postea
2026 573 2294 664 dicam,

198 713 421 784 quam
452 687 717 786 dignus
746 687 871 759 ista
908 687 999 758 sis
1023 686 1416 786 ignominia
1444 716 1458 758 :
1497 687 1778 760 interim
1811 689 1938 761 ista
1968 690 2300 789 temporis

202 801 729 901 computatione
776 800 1068 874 excludo
1106 827 1121 872 ε
1169 801 1488 900 quamvis
1533 801 1720 873 enim
1766 829 1846 876 ea
1885 804 2144 903 rogatio
2187 831 2300 875 re-

206 938 407 1016 cepta
432 918 559 1009 sit,
590 917 706 990 cui
734 938 808 989 tu
836 917 1037 989 tertio
1065 915 1568 1006 contradixisti;
1598 936 1758 990 ante
1785 938 2021 990 tamen
2045 918 2302 1017 rogatio

206 1053 477 1130 recepta
512 1051 647 1122 est,
691 1058 903 1131 quam
944 1050 1021 1103 tu
1061 1030 1566 1130 ignominiosus
1600 1058 1744 1105 csse
1785 1033 2098 1132 coepisses
2131 1060 2145 1103 :
2194 1034 2304 1105 lex

208 1148 406 1220 enim
435 1148 613 1249 quid
653 1146 857 1221 dicit?
889 1148 1035 1239 Qm
1074 1167 1480 1222 nocA'rrom
1515 1168 1656 1220 ‘rna
1686 1169 2302 1242 coanAmem'r,

206 1282 457 1351 neom:
482 1283 877 1352 rmusm'r,
906 1281 1436 1357 lenommosns
1460 1281 1572 1334 srr
1598 1289 1612 1334 :
1648 1262 1732 1335 de
1757 1264 2100 1362 praeterito
2125 1285 2193 1336 et
2215 1264 2306 1337 de

208 1379 515 1476 perfecto
539 1376 692 1477 jam
726 1393 1199 1476 transactoque
1231 1398 1545 1477 tempore
1574 1376 1904 1476 loquitur.
1937 1379 2186 1469 Quum
2218 1379 2308 1452 tle

208 1491 946 1590 rogatione'ageretur,
987 1491 1530 1582 contradicebas3
1581 1494 1903 1567 nondum
1939 1521 2082 1566 eras
2115 1494 2308 1593 igno-

208 1605 935 1698 miniosus;nondu1n
964 1607 1154 1680 enim
1183 1607 1443 1708 rogatio
1467 1629 1648 1680 erat:
1679 1628 1752 1681 at
1779 1635 2005 1706 quum
2037 1629 2307 1708 recepta

210 1745 315 1797 est
336 1724 631 1824 rogatio,
668 1745 853 1817 tum,
887 1725 1053 1823 quia
1076 1751 1219 1796 non
1244 1745 1598 1816 tenueras,
1626 1725 2140 1824 ignominiosus
2165 1751 2308 1798 esse

211 1841 467 1940 coepisti
509 1867 525 1912 ε
577 1839 754 1914 illud
801 1841 1015 1914 etiam
1063 1840 1544 1942 adjiciendum
1589 1841 1893 1932 videtur,
1943 1841 2306 1913 neminem

212 1982 531 2057 unquam
567 1957 959 2058 digniorem
992 1958 1202 2031 fuisse
1230 1956 1659 2058 ignominia,
1695 1985 1912 2058 quam
1946 1979 2009 2030 te
2033 1973 2048 2002 ¹
2079 1985 2094 2028 ε
2127 1956 2309 2028 vide-

212 2072 433 2145 rimus
456 2072 651 2145 enim
670 2131 691 2164 ,
726 2072 965 2173 quales
989 2073 1125 2146 illae
1148 2075 1413 2146 fuerint
1437 2072 1826 2172 rogationes
1843 2130 1862 2164 ,
1895 2071 2159 2172 quibus
2191 2097 2308 2144 an·

212 2206 321 2259 tea
353 2187 827 2261 contradixisti
855 2217 870 2260 z
908 2190 1109 2262 utiles
1140 2190 1385 2288 utique
1414 2217 1429 2260 :
1467 2209 1750 2289 receptae
1786 2207 1952 2262 sunt
1981 2186 2212 2276 enim,
2243 2205 2310 2257 et

210 2329 335 2402 pro
368 2302 726 2403 republica
754 2305 1189 2404 placuerunt.
1224 2306 1604 2378 Enimvero
1637 2305 1802 2377 huic
1831 2303 2084 2404 aliquis
2117 2329 2309 2402 roga-

210 2419 387 2494 tioni
410 2420 815 2494 contradicit
836 2444 975 2495 tam
1005 2421 1464 2515 misericordi,
1495 2444 1638 2495 tam
1661 2420 1842 2513 leni,
1867 2448 2022 2522 quae
2047 2419 2307 2493 civium

214 2564 598 2611 numerum
628 2538 962 2639 ampliat?
992 2540 1050 2611 si
1079 2539 1252 2613 alius
1286 2540 1587 2639 quilibet
1613 2538 2166 2627 contradixisset,
2205 2536 2312 2607 in-

212 2655 609 2727 humanam
636 2681 783 2726 rem
803 2654 1110 2727 fecisset:
1138 2675 1206 2726 at
1226 2676 1303 2727 tu
1326 2656 1510 2727 istud
1536 2652 1977 2742 contradicis,
2003 2678 2092 2723 ne
2119 2651 2312 2748 igno-

216 2770 501 2842 miniosi
545 2770 1019 2861 restituantur,
1062 2769 1279 2842 homo
1322 2789 1506 2842 extra
1547 2766 1937 2868 periculum
1977 2778 2002 2809 ²
2026 2765 2307 2864 positus.

216 2886 495 2985 Dignus
520 2912 592 2958 es
616 2914 812 2986 ergo,
838 2908 915 2960 ut
937 2887 1213 2987 patiaris
1237 2914 1346 2977 ea,
1373 2912 1526 2985 quae
1557 2884 1699 2985 pati
1727 2908 1973 2955 omnes
1995 2881 2269 2955 voluisti
2296 2910 2312 2953 :

214 3000 355 3072 nisi
386 3002 563 3073 forte
600 3001 693 3073 sic
726 3002 1188 3101 intelligimus
1223 3001 1421 3074 istam
1458 3020 1805 3101 receptam
1839 2998 2263 3099 rogationem
2285 3054 2310 3088 ,

216 3137 296 3188 ut
322 3142 537 3189 nemo
566 3117 657 3190 sit
682 3144 999 3216 unquam
1029 3118 1324 3190 omnino
1357 3118 1430 3189 in
1461 3115 1729 3191 civitate
1756 3136 1986 3188 nostra
2012 3114 2312 3213 ignomi-

214 3231 479 3305 niosus.
505 3235 617 3304 An
651 3233 723 3306 id
751 3233 857 3306 vel
887 3233 1189 3335 populus
1209 3232 1534 3307 voluisset
1548 3232 1602 3325 ³,
1633 3231 1738 3306 vel
1772 3231 1928 3323 ille,
1966 3230 2090 3329 qui
2122 3230 2308 3303 fere-

216 3346 380 3420 bat?
407 3350 797 3449 abrogasset
822 3349 1051 3451 potius
1082 3352 1265 3423 hanc
1298 3348 1528 3450 legem
1548 3408 1568 3441 ,
1602 3376 1817 3450 quam
1847 3371 2101 3419 novam
2135 3370 2308 3417 con-

214 3460 547 3535 stituisset
582 3490 595 3534 :
646 3464 1070 3562 rogationem
1119 3462 1498 3563 appellaret
1536 3462 1622 3535 de
1667 3461 1776 3533 his
1820 3456 2310 3532 tantummodo

296 3632 345 3668 t.
382 3616 554 3685 Quam
591 3629 656 3669 te.
703 3618 875 3687 Quam
912 3628 1002 3687 tu,
1042 3615 1221 3670 AErotl.
1302 3619 1516 3670 Novum
1533 3619 1622 3688 jus
1643 3615 1749 3669 hoc
1769 3612 1919 3686 quod
1937 3613 2311 3679 constitueret,

216 3696 341 3749 Vid.
366 3697 459 3747 inf.
484 3695 637 3749 Decl.
662 3696 930 3749 cccxxl.
1303 3698 1504 3769 inquit,
1523 3686 1721 3767 legem,
1741 3712 1856 3765 φιτ
1875 3691 1967 3745 dat
1986 3692 2210 3743 formam
2228 3692 2314 3742 fu-

294 3792 345 3827 2.
360 3774 693 3829 Homoextm
707 3774 997 3845 periculum
1012 3775 1224 3847 positus.
1306 3780 1438 3829 turis
1471 3775 1699 3843 negotiis
1714 3812 1733 3839 ,
1764 3786 1817 3825 et
1849 3788 2034 3823 omnes
2066 3768 2310 3821 homines

216 3854 361 3922 Qui&
404 3856 449 3907 δί
492 3852 789 3905 obtinuerit
805 3890 823 3920 2
862 3853 1073 3905 infamiss
1116 3870 1227 3905 ¹³01!
1306 3855 1738 3928 comprehendit,
1758 3856 1938 3926 potius
1963 3850 2280 3921 appellasset
2294 3889 2311 3916 ‚

216 3937 319 3989 erit
334 3957 349 3986 ε
374 3938 453 3988 sin
478 3938 690 4006 rogatio
722 3949 937 4006 recepta
968 3934 1065 3999 sit,
1086 3933 1225 3986 dicet
1306 3956 1466 4008 quam
1485 3937 1810 4005 rogationem
1824 3970 1840 3997 ,
1859 3948 1976 4002 quae
1995 3929 2104 3980 fere
2124 3926 2191 3978 de
2209 3928 2314 3979 sin-

214 4016 399 4071 eadetn
414 4037 470 4072 se
487 4018 641 4070 omni
654 4029 783 4068 nota
802 4014 1027 4067 liberari.
1050 4016 1226 4067 AEnon.
1304 4014 1442 4086 gulis
1457 4052 1474 4081 ,
1507 4026 1560 4067 et
1586 4011 1858 4085 praeteritis
1885 4020 2054 4059 cavet.
2079 4006 2190 4057 AEn.
2222 4006 2310 4058 An

212 4098 391 4151 Bono
412 4116 523 4149 non
546 4106 697 4149 extra
718 4114 774 4167 p.
798 4113 854 4165 p.
878 4094 1097 4147 Scitum-r.
1308 4094 1365 4145 id
1387 4092 1470 4144 vel
1484 4090 1706 4164 populus
1729 4083 1998 4151 voluisset,
2021 4081 2148 4136 edit.
2171 4083 2311 4152 aliae,

287 4180 334 4235 3.
356 4180 431 4233 Ar
450 4180 497 4235 si
520 4178 581 4232 id
610 4176 699 4230 vel
720 4173 948 4249 populus
972 4173 1228 4228 voluisset.
1310 4170 1457 4243 quod
1467 4188 1588 4223 cum
1598 4170 1834 4220 But-inst
1844 4162 2310 4235 Bippraetul'umu.
