2855 4871
730 418 1569 484 DECLAMATIONES.
1616 420 1738 485 xl.

2153 422 2271 505 541

149 540 360 611 tium
399 540 843 613 animorum:
892 542 965 613 in
1005 567 1324 631 summa,
1370 542 1750 640 pernicies,
1781 542 1888 614 vel
1935 543 2148 615 velle¹
2191 543 2282 616 ad

155 680 301 726 me
333 654 593 745 redire,
620 656 730 727 vel
759 655 967 727 nolle.
1002 657 1071 728 Si
1100 655 1287 745 vult,
1318 683 1464 729 non
1500 657 1822 749 delectat,
1853 658 1976 757 qui
2009 680 2282 731 tenetur

154 770 471 842 invitus:
502 770 557 842 si
589 798 734 843 non
761 771 931 859 vult,
945 772 1098 871 jam
1125 772 1367 864 timec,
1386 773 1578 871 quod
1604 772 1877 845 divitias
1907 800 2140 846 amare
2166 800 2281 847 coe-

154 886 306 985 pit.
335 888 685 960 Permissae
714 888 1009 960 licentiae
1036 916 1291 988 magna
1320 890 1647 962 securitas
1671 911 1771 963 est
1794 912 2086 991 potestas
2115 918 2280 963 cum

158 1003 677 1076 moderatione.
710 1003 1091 1077 Recordare
1111 1062 1129 1095 ,
1164 1006 1447 1104 quantis
1472 1007 1645 1079 meis
1674 1007 2088 1081 redemerim
2121 1034 2280 1079 ma-

157 1117 259 1188 lis
286 1175 307 1209 ,
339 1145 428 1189 ne
463 1117 693 1191 adhuc
722 1118 1577 1193 redimerentur2inimici.

154 1304 444 1375 pernicies.
466 1304 526 1355 In
544 1303 765 1375 quibus,
780 1305 975 1357 divitia·
992 1306 1190 1358 animo-

161 1401 295 1434 rum
330 1383 681 1436 inconstantia
706 1385 973 1455 eleganter
1000 1384 1190 1435 dicun-

160 1479 283 1529 tur,
310 1465 435 1535 quia
460 1483 619 1518 causa
642 1467 1185 1517 inconstantiaesunt:

164 1546 455 1617 quomodo
486 1560 537 1599 et
564 1549 825 1619 pernicies
852 1565 965 1601 esse
996 1544 1187 1598 dicun—

162 1640 280 1679 tur.
313 1624 515 1679 Eodem
545 1628 705 1679 modo
730 1626 1099 1701 accipiendum
1123 1626 1189 1679 il-

162 1704 273 1758 lud
296 1706 531 1757 Declam.
560 1708 600 1757 L
624 1707 789 1758 infra:
829 1728 851 1752 σι
870 1708 1077 1773 Erravi,
1105 1706 1189 1757 fa-

171 1806 196 1830 ·
218 1798 367 1849 teor,
388 1784 622 1854 judices,
647 1786 844 1851 erravi,
865 1788 957 1857 qui
980 1802 1191 1855 semper

172 1887 197 1909 α
221 1862 433 1915 credidi
455 1862 898 1915 immortalitatem
922 1882 1065 1928 esse,
1088 1881 1190 1934 pro

172 1964 197 1987 οι
220 1942 505 2014 republica
536 1944 689 1994 mori.
714 1966 735 1990 n
772 1941 903 1993 Tale
942 1954 1022 1993 est
1058 1940 1191 1993 illud

169 2039 401 2093 quoque
438 2023 695 2093 Propertii
733 2020 824 2071 lib.
857 2022 911 2087 1,
939 2020 1083 2090 Eleg.
1122 2038 1187 2071 2:

174 2122 199 2145 οι
226 2101 357 2151 Non
380 2100 482 2151 ldae
504 2114 557 2152 et
579 2098 775 2172 cupido
798 2098 1068 2170 quondam
1092 2098 1192 2151 dis·

182 2200 205 2223 ιι
232 2178 423 2231 cordia
457 2178 658 2231 Phoebo
682 2180 843 2230 Eveni
866 2180 1052 2250 patriis
1085 2178 1191 2229 filia

179 2258 497 2312 «litoribus.
522 2284 543 2307 ο
581 2263 745 2312 Porro
780 2262 835 2312 in
866 2279 1069 2312 summa
1103 2260 1189 2313 hic

170 2341 447 2409 positum,
472 2354 533 2391 ut
558 2342 779 2413 deniqtae
806 2340 949 2411 apud
972 2339 1110 2392 Flor.
1135 2343 1189 2408 1,

178 2421 247 2472 16
268 2443 281 2472 ε
318 2442 341 2466 α
361 2420 505 2472 Nihil
530 2421 741 2473 mollius
766 2420 895 2473 caelo
917 2443 930 2471 ε
959 2420 1191 2493 denique

178 2523 201 2546 a
224 2501 315 2552 bis
352 2501 571 2552 floribus
610 2513 808 2552 vernat.
832 2523 854 2546 »
891 2498 952 2549 ld
991 2514 1098 2566 est,
1132 2515 1194 2554 ut

171 2581 369 2649 paucis
390 2578 563 2630 dicam
583 2578 665 2644 id,
684 2577 827 2628 unde
845 2576 1047 2647 reliqua
1068 2597 1225 2649 pos-.-

172 2660 287 2709 sint
311 2657 505 2726 colligi.
531 2659 609 2708 lta
628 2655 813 2707 eadem
832 2656 1089 2725 particula
1112 2675 1192 2708 re—

171 2739 387 2806 peritur
406 2732 549 2805 apud
567 2734 758 2785 Justin.
780 2732 881 2796 IX,
903 2731 963 2798 5,
992 2750 1042 2794 1;
1067 2747 1119 2784 et
1135 2735 1192 2785 in

172 2810 571 2876 1.13‚D.de
608 2810 789 2880 adopt.
816 2811 991 2881 Eopse
1036 2829 1192 2864 sensu

170 2892 401 2943 Plautus
417 2899 592 2960 postea
610 2889 827 2940 Mer-cat.
851 2891 921 2955 ΙΙ,
942 2889 1002 2955 3,
1022 2889 1120 2953 363
1142 2904 1195 2942 et

174 2970 549 3042 Quintilianus
570 2968 807 3022 Declam.
833 2972 929 3022 ΧΠ
946 2993 957 3020 :
991 2993 1012 3016 ιι
1033 2971 1194 3023 Dein-

180 3076 203 3097 κ
229 3052 303 3102 de
332 3049 508 3100 nullus
538 3067 776 3100 amoenus
808 3062 1022 3118 portus,
1044 3049 1191 3102 nulla

183 3153 206 3176 ιι
229 3127 457 3181 celebris
496 3128 675 3178 civitas
716 3129 977 3179 invisitata
1019 3141 1191 3180 trans—

186 3233 209 3255 ·
230 3212 355 3261 itur.
388 3209 645 3269 Mentior;
672 3209 829 3258 etiam
859 3207 925 3258 ad
954 3211 1190 3260 esurien-

186 3309 209 3332 ι
232 3300 313 3338 tes
330 3285 581 3357 applicas.
598 3287 733 3338 Dein
748 3287 791 3337 si
808 3303 967 3356 quam
988 3289 1188 3338 timoris

188 3386 212 3410 ιι
232 3365 479 3433 injuriam
502 3363 570 3433 (l.
600 3383 753 3436 quem
781 3367 1022 3416 timorem
1046 3368 1188 3438 inju-

188 3465 211 3488 ι
234 3441 347 3512 ria)
372 3444 633 3512 quereris,
662 3460 769 3493 non
797 3442 965 3494 feram
992 3457 1043 3495 te
1070 3463 1188 3495 mo-

190 3545 213 3568 «
236 3535 457 3574 rantem.
482 3545 503 3566 ιο
524 3520 624 3572 Sed
644 3519 755 3572 haec
778 3525 829 3573 in
855 3536 1185 3576 transcursu:

184 3603 396 3673 plenius
415 3601 482 3654 de
502 3600 583 3654 his
607 3605 804 3671 egimus
829 3603 897 3654 ad
916 3605 1189 3658 Declama-

186 3688 357 3736 tiones
393 3686 607 3756 primas.
646 3682 861 3735 Senum.
892 3713 964 3723 ——
994 3687 1188 3739 Incon-

186 3765 451 3816 stantiam.
478 3767 593 3815 Vet.
626 3763 1007 3828 inconstantiae,
1040 3764 1189 3818 locus

184 3841 555 3895 emendatione
574 3841 774 3912 indiget
785 3877 801 3908 ,
821 3843 1045 3894 fortasse
1060 3842 1159 3896 hac
1171 3883 1188 3912 ‚

1272 1306 1468 1358 divitioe
1521 1308 1928 1361 inconstantium
1982 1309 2281 1360 animorum

1267 1403 1471 1436 summa
1503 1388 1782 1457 pernicies,
1817 1388 1902 1441 vel
1939 1387 2058 1439 velit
2095 1389 2166 1440 ad
2199 1380 2283 1441 me

1270 1464 1459 1532 redire,
1485 1466 1570 1517 vel
1593 1466 1742 1519 nolit.
1766 1469 1914 1519 Pl'rn.

1348 1560 1366 1593 1
1379 1581 1390 1593 .
1411 1544 1478 1593 In
1497 1562 1700 1596 summa
1711 1584 1730 1611 ,
1747 1544 2003 1615 pernicies
2020 1543 2102 1596 vel
2116 1543 2251 1597 velle
2262 1583 2280 1611 ‚

1272 1637 1372 1675 etc.
1403 1624 1691 1692 Pernicies,
1717 1640 1774 1678 ut
1803 1625 2061 1699 vidimuS,
2091 1624 2160 1677 ad
2187 1645 2284 1677 an-

1271 1700 1601 1754 tecedentem
1613 1702 1892 1774 periodum
1903 1702 2285 1774 pertinet.Quae

1270 1794 1595 1851 sequuntur,
1624 1796 1878 1853 corrupta
1908 1782 2091 1833 itidem
2125 1793 2248 1832 sunt
2265 1817 2282 1845 ‚

1270 1874 1323 1913 et
1343 1860 1670 1913 restituenda
1688 1861 1794 1913 hoc
1815 1862 2004 1929 modo,
2029 1862 2130 1915 Vel
2148 1861 2288 1914 volet

1270 1940 1341 1990 ad
1372 1958 1454 1991 me
1487 1940 1680 2006 redire,
1717 1938 1803 1991 vel
1833 1940 1992 1993 nolet.
2025 1942 2140 1992 Nisi
2165 1941 2284 2010 quis

1270 2018 1481 2087 credat,
1505 2020 1650 2091 quod
1679 2033 1732 2073 et
1759 2022 1872 2092 ipse
1903 2022 2170 2091 suspicor,
2198 2023 2284 2072 in-

1271 2096 1545 2151 tercidisse
1564 2098 1808 2151 voculam
1822 2098 1950 2171 [αι-ς
1975 2112 2036 2150 ut
2058 2100 2133 2151 sic
2157 2100 2285 2151 scri-

1270 2178 1537 2246 bendum,
1565 2180 1619 2234 V
1614 2179 1665 2231 el
1677 2179 1776 2252 fac
1800 2180 1934 2233 velle
1956 2182 2027 2232 ad
2047 2200 2130 2231 me
2153 2182 2286 2233 redi-

1272 2278 1354 2325 re,
1382 2256 1466 2310 vel
1489 2258 1645 2312 nolle.
1667 2261 1810 2332 Vir-g.
1835 2262 1952 2313 AEn.
1970 2263 2072 2313 IV:
2107 2283 2128 2307 α
2149 2262 2283 2329 Quis

1278 2361 1301 2383 α
1320 2358 1404 2391 me
1429 2352 1604 2391 autem
1628 2338 1750 2410 (fac
1774 2340 1943 2413 velle)
1967 2342 2118 2393 sinet.
2141 2364 2164 2387 ι
2193 2342 2286 2393 Se-

1270 2437 1403 2471 neca
1426 2418 1708 2474 Phoenissis
1725 2459 1741 2488 ,
1787 2438 1888 2474 noo
1913 2443 1926 2472 ε
1978 2444 2000 2467 α
2020 2422 2152 2489 Quis
2170 2424 2287 2492 jam

1279 2521 1300 2544 ιι
1322 2497 1544 2550 deorum
1563 2498 1726 2568 (velle
1747 2500 1866 2570 fac)
1886 2499 2172 2571 quidquam
2187 2519 2285 2570 po-

1274 2597 1300 2622 «
1322 2588 1423 2628 test
1467 2577 1622 2628 Malis
1669 2577 1772 2629 tuis
1822 2577 2048 2648 adjicere
2067 2579 2090 2626 ἲ
2115 2601 2137 2624 »
2189 2579 2283 2629 Se-

1273 2658 1455 2726 quenti
1483 2655 1642 2728 lmjus
1666 2656 2076 2708 Declamationis
2101 2660 2282 2728 perio-

1271 2733 1374 2800 do,
1398 2733 1595 2799 scribe,
1621 2752 1728 2784 non
1753 2733 2036 2785 delectabit.
2061 2735 2278 2787 Senum.

1346 2829 1393 2863 2.
1416 2812 1500 2862 Ne
1522 2811 1694 2862 adhuc
1718 2812 2086 2864 redimerentur
2108 2814 2282 2864 inimi-

1272 2876 1534 2958 ci.⁸Lege:
1570 2909 1634 2941 ne
1662 2889 1834 2942 adhuc
1864 2891 2152 2943 videremur
2178 2890 2282 2942 ini—

1272 2969 1397 3019 mici
1413 2990 1430 3019 .·
1457 2981 1517 3019 ut
1541 2967 1814 3021 crederent
1835 2967 2077 3022 homines
2101 2989 2199 3022 nos
2223 2972 2280 3022 in

1271 3047 1494 3118 gratiam
1521 3044 1756 3098 rediisse.
1775 3049 1960 3100 Tacite
1989 3049 2280 3119 significat,

1271 3123 1521 3190 dubium,
1537 3143 1604 3176 an
1621 3123 1767 3177 bona
1782 3126 1904 3180 fide.
1920 3127 2085 3180 Geor«.
2107 3129 2248 3200 Lego
2262 3167 2279 3197 ,

1270 3209 1610 3259 retinerentur
1624 3209 1927 3260 inimicitiae.
1951 3209 2069 3261 Scn.
2091 3211 2276 3278 Forte,

1268 3287 1476 3358 quantis
1504 3286 1632 3338 meis
1661 3285 1833 3338 adhuc
1865 3289 1965 3338 red.
1997 3287 2180 3355 malis,
2213 3307 2277 3340 ne

1269 3368 1631 3419 dirimet-emur
1661 3367 1896 3419 inimici.-
1931 3387 1998 3418 ne
2036 3371 2277 3420 reconci-

1269 3446 1394 3498 liata
1431 3449 1632 3516 gratia,
1662 3447 1856 3496 iterum
1891 3447 1946 3496 in
1979 3447 2276 3499 inimicitias

1270 3523 1678 3576 discederemus.
1704 3523 1780 3572 lta
1800 3523 1994 3573 redimo
2015 3537 2067 3574 et
2087 3525 2274 3578 dirimo

1270 3600 1674 3654 confunduntur
1698 3602 1750 3650 in
1781 3601 1923 3653 MSS.
1951 3600 2094 3674 apud
2119 3604 2271 3657 ovid.

1268 3683 1397 3732 Met.
1418 3679 1513 3729 Xll
1527 3717 1543 3744 ,
1565 3675 1698 3730 535:
1731 3699 1752 3722 a·
1774 3681 1977 3731 Partem
1997 3682 2119 3750 fuga
2142 3699 2274 3731 nox-

1276 3787 1297 3810 ·
1320 3778 1423 3833 que
1465 3758 1710 3821 redemit3
1732 3783 1755 3809 n
1801 3759 1894 3812 ubi
1935 3761 2142 3816 diremit
2183 3761 2274 3816 alii

1271 3843 1500 3896 codices.
1526 3843 1695 3892 Eunu.
