<?xml version="1.0" encoding="UTF-8"?>
<!DOCTYPE html PUBLIC "-//W3C//DTD XHTML 1.0 Transitional//EN"
    "http://www.w3.org/TR/xhtml1/DTD/xhtml1-transitional.dtd">
<html xmlns="http://www.w3.org/1999/xhtml" xml:lang="en" lang="en">
 <head>
  <title>
</title>
<meta http-equiv="Content-Type" content="text/html;charset=utf-8" />
  <meta name='ocr-system' content='tesseract 3.04.00' />
  <meta name='ocr-capabilities' content='ocr_page ocr_carea ocr_par ocr_line ocrx_word'/>
</head>
<body>
  <div class='ocr_page' id='page_1' title='image "./marcusfabiusqui06spalgoog_0274.png"; bbox 0 0 2855 4871; ppageno 0'>
   <div class='ocr_carea' id='block_1_1' title="bbox 618 417 2292 519">
    <p class='ocr_par' dir='ltr' id='par_1_1' title="bbox 618 417 2292 519">
     <span class='ocr_line' id='line_1_1' title="bbox 618 417 2292 519; baseline 0.003 -27"><span class='ocrx_word' id='word_1_1' title='bbox 618 417 1454 493; x_wconf 75' lang='lat' dir='ltr'><strong>DECLAMATmN&#39;Es.</strong></span> <span class='ocrx_word' id='word_1_2' title='bbox 1503 426 1879 491; x_wconf 78' lang='lat' dir='ltr'>cccxlv.</span> <span class='ocrx_word' id='word_1_3' title='bbox 2168 432 2292 519; x_wconf 81' lang='lat'><strong>267</strong></span> 
     </span>
    </p>
   </div>
   <div class='ocr_carea' id='block_1_2' title="bbox 192 549 2304 3471">
    <p class='ocr_par' dir='ltr' id='par_1_2' title="bbox 192 549 2304 3471">
     <span class='ocr_line' id='line_1_2' title="bbox 198 549 2296 653; baseline 0.002 -28"><span class='ocrx_word' id='word_1_4' title='bbox 198 554 361 653; x_wconf 85' lang='lat' dir='ltr'><strong>quis</strong></span> <span class='ocrx_word' id='word_1_5' title='bbox 387 577 706 641; x_wconf 75' lang='lat' dir='ltr'><strong>securuS,</strong></span> <span class='ocrx_word' id='word_1_6' title='bbox 741 550 981 648; x_wconf 87' lang='lat' dir='ltr'><strong>quieta</strong></span> <span class='ocrx_word' id='word_1_7' title='bbox 1011 570 1285 640; x_wconf 82' lang='lat' dir='ltr'><strong>mente,</strong></span> <span class='ocrx_word' id='word_1_8' title='bbox 1318 550 1518 623; x_wconf 86' lang='lat' dir='ltr'><strong>nullo</strong></span> <span class='ocrx_word' id='word_1_9' title='bbox 1549 549 1870 651; x_wconf 77' lang='lat' dir='ltr'><strong>adigente</strong></span> <span class='ocrx_word' id='word_1_10' title='bbox 1904 552 2120 627; x_wconf 86' lang='lat' dir='ltr'><strong>dicat:</strong></span> <span class='ocrx_word' id='word_1_11' title='bbox 2149 575 2296 628; x_wconf 75' lang='lat' dir='ltr'><strong>EGO</strong></span> 
     </span>
     <span class='ocr_line' id='line_1_3' title="bbox 197 665 2298 764; baseline 0.001 -23"><span class='ocrx_word' id='word_1_12' title='bbox 197 686 495 741; x_wconf 76' lang='lat' dir='ltr'>PATREM</span> <span class='ocrx_word' id='word_1_13' title='bbox 536 686 805 739; x_wconf 84' lang='lat' dir='ltr'><strong>occlm.</strong></span> <span class='ocrx_word' id='word_1_14' title='bbox 851 665 1062 764; x_wconf 83' lang='lat' dir='ltr'>Atqui</span> <span class='ocrx_word' id='word_1_15' title='bbox 1111 665 1345 764; x_wconf 88' lang='lat' dir='ltr'><strong>ipsum</strong></span> <span class='ocrx_word' id='word_1_16' title='bbox 1386 665 1682 739; x_wconf 87' lang='lat' dir='ltr'><strong>verbum</strong></span> <span class='ocrx_word' id='word_1_17' title='bbox 1726 666 1997 739; x_wconf 87' lang='lat' dir='ltr'><strong>videtur</strong></span> <span class='ocrx_word' id='word_1_18' title='bbox 2039 668 2298 743; x_wconf 87' lang='lat' dir='ltr'><strong>habere</strong></span> 
     </span>
     <span class='ocr_line' id='line_1_4' title="bbox 192 766 2294 881; baseline 0.004 -30"><span class='ocrx_word' id='word_1_19' title='bbox 192 784 341 855; x_wconf 75' lang='lat' dir='ltr'><strong>vim</strong></span> <span class='ocrx_word' id='word_1_20' title='bbox 384 803 631 855; x_wconf 78' lang='lat' dir='ltr'>coactae</span> <span class='ocrx_word' id='word_1_21' title='bbox 669 782 1015 853; x_wconf 89' lang='lat' dir='ltr'><strong>veritatis:</strong></span> <span class='ocrx_word' id='word_1_22' title='bbox 1063 781 1234 881; x_wconf 87' lang='lat' dir='ltr'><strong>quid</strong></span> <span class='ocrx_word' id='word_1_23' title='bbox 1269 809 1431 881; x_wconf 80' lang='lat' dir='ltr'><strong>ergo</strong></span> <span class='ocrx_word' id='word_1_24' title='bbox 1475 766 1668 855; x_wconf 82' lang='lat' dir='ltr'><strong>aliud</strong></span> <span class='ocrx_word' id='word_1_25' title='bbox 1712 783 1966 855; x_wconf 90' lang='lat' dir='ltr'><strong>intueri</strong></span> <span class='ocrx_word' id='word_1_26' title='bbox 2003 798 2022 828; x_wconf 86' lang='lat'>¹</span> <span class='ocrx_word' id='word_1_27' title='bbox 2049 784 2294 877; x_wconf 87' lang='lat' dir='ltr'><strong>debes,</strong></span> 
     </span>
     <span class='ocr_line' id='line_1_5' title="bbox 195 896 2296 1003; baseline 0.001 -30"><span class='ocrx_word' id='word_1_28' title='bbox 195 927 417 997; x_wconf 86' lang='lat' dir='ltr'><strong>quam</strong></span> <span class='ocrx_word' id='word_1_29' title='bbox 440 899 721 973; x_wconf 81' lang='lat' dir='ltr'><strong>vocem?</strong></span> <span class='ocrx_word' id='word_1_30' title='bbox 744 900 802 971; x_wconf 91' lang='lat' dir='ltr'><strong>si</strong></span> <span class='ocrx_word' id='word_1_31' title='bbox 824 898 1041 971; x_wconf 87' lang='lat' dir='ltr'><strong>semel</strong></span> <span class='ocrx_word' id='word_1_32' title='bbox 1063 898 1197 971; x_wconf 88' lang='lat' dir='ltr'><strong>hoc</strong></span> <span class='ocrx_word' id='word_1_33' title='bbox 1220 898 1568 972; x_wconf 84' lang='lat' dir='ltr'><strong>audissem</strong></span> <span class='ocrx_word' id='word_1_34' title='bbox 1583 956 1602 989; x_wconf 88' lang='lat'><strong>,</strong></span> <span class='ocrx_word' id='word_1_35' title='bbox 1627 898 1738 971; x_wconf 83' lang='lat' dir='ltr'><strong>lex</strong></span> <span class='ocrx_word' id='word_1_36' title='bbox 1755 920 1991 973; x_wconf 88' lang='lat' dir='ltr'><strong>tamen</strong></span> <span class='ocrx_word' id='word_1_37' title='bbox 2013 896 2130 974; x_wconf 85' lang='lat' dir='ltr'><strong>me</strong></span> <span class='ocrx_word' id='word_1_38' title='bbox 2145 903 2296 1003; x_wconf 84' lang='lat' dir='ltr'><strong>jam</strong></span> 
     </span>
     <span class='ocr_line' id='line_1_6' title="bbox 194 1014 2295 1116; baseline 0.003 -29"><span class='ocrx_word' id='word_1_39' title='bbox 194 1015 629 1115; x_wconf 89' lang='lat' dir='ltr'><strong>appellaret:</strong></span> <span class='ocrx_word' id='word_1_40' title='bbox 674 1014 923 1114; x_wconf 87' lang='lat' dir='ltr'><strong>saepius</strong></span> <span class='ocrx_word' id='word_1_41' title='bbox 968 1014 1181 1087; x_wconf 87' lang='lat' dir='ltr'><strong>dixit:</strong></span> <span class='ocrx_word' id='word_1_42' title='bbox 1232 1015 1307 1087; x_wconf 90' lang='lat' dir='ltr'><strong>in</strong></span> <span class='ocrx_word' id='word_1_43' title='bbox 1342 1015 1590 1087; x_wconf 88' lang='lat' dir='ltr'><strong>eadem</strong></span> <span class='ocrx_word' id='word_1_44' title='bbox 1622 1042 1786 1088; x_wconf 88' lang='lat' dir='ltr'><strong>voce</strong></span> <span class='ocrx_word' id='word_1_45' title='bbox 1820 1016 2295 1116; x_wconf 52' lang='lat' dir='ltr'><strong>perseveravit.</strong></span> 
     </span>
     <span class='ocr_line' id='line_1_7' title="bbox 196 1131 2296 1231; baseline 0.003 -30"><span class='ocrx_word' id='word_1_46' title='bbox 196 1133 647 1223; x_wconf 86' lang='lat' dir='ltr'><strong>Viderimus,</strong></span> <span class='ocrx_word' id='word_1_47' title='bbox 696 1158 788 1203; x_wconf 85' lang='lat' dir='ltr'><strong>an</strong></span> <span class='ocrx_word' id='word_1_48' title='bbox 834 1132 911 1203; x_wconf 89' lang='lat' dir='ltr'><strong>in</strong></span> <span class='ocrx_word' id='word_1_49' title='bbox 956 1131 1111 1206; x_wconf 84' lang='lat' dir='ltr'><strong>aliis</strong></span> <span class='ocrx_word' id='word_1_50' title='bbox 1156 1132 1471 1231; x_wconf 85' lang='lat' dir='ltr'><strong>partibus</strong></span> <span class='ocrx_word' id='word_1_51' title='bbox 1519 1131 1806 1205; x_wconf 87' lang='lat' dir='ltr'><strong>demens</strong></span> <span class='ocrx_word' id='word_1_52' title='bbox 1847 1135 2099 1207; x_wconf 87' lang='lat' dir='ltr'><strong>fuerit:</strong></span> <span class='ocrx_word' id='word_1_53' title='bbox 2144 1135 2296 1227; x_wconf 80' lang='lat' dir='ltr'><strong>hic,</strong></span> 
     </span>
     <span class='ocr_line' id='line_1_8' title="bbox 192 1247 2301 1349; baseline 0.001 -30"><span class='ocrx_word' id='word_1_54' title='bbox 192 1268 567 1347; x_wconf 80' lang='lat' dir='ltr'><strong>tamquam</strong></span> <span class='ocrx_word' id='word_1_55' title='bbox 593 1273 803 1319; x_wconf 84' lang='lat' dir='ltr'><strong>sanus</strong></span> <span class='ocrx_word' id='word_1_56' title='bbox 820 1302 839 1337; x_wconf 88' lang='lat'><strong>,</strong></span> <span class='ocrx_word' id='word_1_57' title='bbox 866 1247 1357 1344; x_wconf 88' lang='lat' dir='ltr'><strong>perseveravit:</strong></span> <span class='ocrx_word' id='word_1_58' title='bbox 1393 1247 1480 1318; x_wconf 92' lang='lat' dir='ltr'><strong>de</strong></span> <span class='ocrx_word' id='word_1_59' title='bbox 1505 1249 1820 1321; x_wconf 88' lang='lat' dir='ltr'><strong>confesso</strong></span> <span class='ocrx_word' id='word_1_60' title='bbox 1845 1276 2008 1348; x_wconf 79' lang='lat' dir='ltr'><strong>ergo</strong></span> <span class='ocrx_word' id='word_1_61' title='bbox 2033 1252 2301 1349; x_wconf 87' lang='lat' dir='ltr'><strong>sumpsi</strong></span> 
     </span>
     <span class='ocr_line' id='line_1_9' title="bbox 193 1359 2302 1463; baseline 0.002 -30"><span class='ocrx_word' id='word_1_62' title='bbox 193 1360 665 1461; x_wconf 29' lang='lat' dir='ltr'><strong>supplicium-z</strong></span> <span class='ocrx_word' id='word_1_63' title='bbox 693 1381 899 1458; x_wconf 89' lang='lat' dir='ltr'><strong>atque</strong></span> <span class='ocrx_word' id='word_1_64' title='bbox 928 1359 1021 1431; x_wconf 90' lang='lat' dir='ltr'><strong>ad</strong></span> <span class='ocrx_word' id='word_1_65' title='bbox 1044 1386 1159 1431; x_wconf 90' lang='lat' dir='ltr'><strong>me</strong></span> <span class='ocrx_word' id='word_1_66' title='bbox 1190 1388 1333 1433; x_wconf 90' lang='lat' dir='ltr'><strong>non</strong></span> <span class='ocrx_word' id='word_1_67' title='bbox 1366 1362 1703 1459; x_wconf 85' lang='lat' dir='ltr'><strong>pertinet,</strong></span> <span class='ocrx_word' id='word_1_68' title='bbox 1738 1389 1828 1434; x_wconf 88' lang='lat' dir='ltr'><strong>an</strong></span> <span class='ocrx_word' id='word_1_69' title='bbox 1855 1363 1945 1452; x_wconf 86' lang='lat' dir='ltr'><strong>is,</strong></span> <span class='ocrx_word' id='word_1_70' title='bbox 1981 1364 2104 1463; x_wconf 80' lang='lat' dir='ltr'><strong>qui</strong></span> <span class='ocrx_word' id='word_1_71' title='bbox 2133 1390 2302 1437; x_wconf 91' lang='lat' dir='ltr'><strong>con-</strong></span> 
     </span>
     <span class='ocr_line' id='line_1_10' title="bbox 192 1476 2298 1581; baseline 0 -28"><span class='ocrx_word' id='word_1_72' title='bbox 192 1481 419 1553; x_wconf 82' lang='lat' dir='ltr'><strong>fessus</strong></span> <span class='ocrx_word' id='word_1_73' title='bbox 452 1498 589 1568; x_wconf 85' lang='lat' dir='ltr'><strong>est,</strong></span> <span class='ocrx_word' id='word_1_74' title='bbox 636 1504 895 1551; x_wconf 87' lang='lat' dir='ltr'><strong>nocens</strong></span> <span class='ocrx_word' id='word_1_75' title='bbox 936 1476 1165 1549; x_wconf 88' lang='lat' dir='ltr'><strong>fuerit.</strong></span> <span class='ocrx_word' id='word_1_76' title='bbox 1204 1477 1480 1577; x_wconf 76' lang='lat' dir='ltr'><strong>Fingite</strong></span> <span class='ocrx_word' id='word_1_77' title='bbox 1528 1480 1724 1552; x_wconf 91' lang='lat' dir='ltr'><strong>enim</strong></span> <span class='ocrx_word' id='word_1_78' title='bbox 1767 1506 1910 1553; x_wconf 87' lang='lat' dir='ltr'><strong>esse</strong></span> <span class='ocrx_word' id='word_1_79' title='bbox 1949 1480 2298 1581; x_wconf 80' lang='lat' dir='ltr'><strong>aliquem,</strong></span> 
     </span>
     <span class='ocr_line' id='line_1_11' title="bbox 195 1592 2304 1695; baseline 0.002 -29"><span class='ocrx_word' id='word_1_80' title='bbox 195 1594 318 1691; x_wconf 89' lang='lat' dir='ltr'><strong>qui</strong></span> <span class='ocrx_word' id='word_1_81' title='bbox 359 1592 599 1693; x_wconf 86' lang='lat' dir='ltr'><strong>aliquo</strong></span> <span class='ocrx_word' id='word_1_82' title='bbox 626 1593 838 1665; x_wconf 91' lang='lat' dir='ltr'><strong>modo</strong></span> <span class='ocrx_word' id='word_1_83' title='bbox 868 1593 1219 1665; x_wconf 82' lang='lat' dir='ltr'><strong>confessus</strong></span> <span class='ocrx_word' id='word_1_84' title='bbox 1252 1594 1343 1666; x_wconf 90' lang='lat' dir='ltr'><strong>sit</strong></span> <span class='ocrx_word' id='word_1_85' title='bbox 1360 1652 1379 1684; x_wconf 89' lang='lat'><strong>,</strong></span> <span class='ocrx_word' id='word_1_86' title='bbox 1410 1594 1603 1667; x_wconf 90' lang='lat' dir='ltr'><strong>hunc</strong></span> <span class='ocrx_word' id='word_1_87' title='bbox 1631 1623 1674 1667; x_wconf 92' lang='lat' dir='ltr'><strong>a</strong></span> <span class='ocrx_word' id='word_1_88' title='bbox 1699 1597 2106 1695; x_wconf 79' lang='lat' dir='ltr'><strong>magistratu</strong></span> <span class='ocrx_word' id='word_1_89' title='bbox 2129 1598 2304 1670; x_wconf 84' lang='lat' dir='ltr'><strong>occi-</strong></span> 
     </span>
     <span class='ocr_line' id='line_1_12' title="bbox 194 1709 2298 1809; baseline 0.003 -29"><span class='ocrx_word' id='word_1_90' title='bbox 194 1734 357 1781; x_wconf 81' lang='lat' dir='ltr'><strong>sum</strong></span> <span class='ocrx_word' id='word_1_91' title='bbox 402 1738 418 1781; x_wconf 90' lang='lat'>:</span> <span class='ocrx_word' id='word_1_92' title='bbox 479 1730 717 1806; x_wconf 79' lang='lat' dir='ltr'><strong>postea</strong></span> <span class='ocrx_word' id='word_1_93' title='bbox 775 1709 1177 1808; x_wconf 84' lang='lat' dir='ltr'><strong>apparuisse</strong></span> <span class='ocrx_word' id='word_1_94' title='bbox 1230 1710 1465 1809; x_wconf 87' lang='lat' dir='ltr'><strong>aliquo</strong></span> <span class='ocrx_word' id='word_1_95' title='bbox 1520 1738 1682 1783; x_wconf 87' lang='lat' dir='ltr'><strong>casu</strong></span> <span class='ocrx_word' id='word_1_96' title='bbox 1733 1711 1991 1785; x_wconf 86' lang='lat' dir='ltr'><strong>falsum</strong></span> <span class='ocrx_word' id='word_1_97' title='bbox 2038 1715 2258 1787; x_wconf 84' lang='lat' dir='ltr'><strong>fuisse</strong></span> <span class='ocrx_word' id='word_1_98' title='bbox 2279 1773 2298 1805; x_wconf 95' lang='lat'><strong>,</strong></span> 
     </span>
     <span class='ocr_line' id='line_1_13' title="bbox 195 1822 2298 1927; baseline 0.002 -32"><span class='ocrx_word' id='word_1_99' title='bbox 195 1823 391 1921; x_wconf 90' lang='lat' dir='ltr'><strong>quod</strong></span> <span class='ocrx_word' id='word_1_100' title='bbox 430 1822 753 1914; x_wconf 84' lang='lat' dir='ltr'><strong>dixisset;</strong></span> <span class='ocrx_word' id='word_1_101' title='bbox 787 1849 966 1897; x_wconf 90' lang='lat' dir='ltr'><strong>num</strong></span> <span class='ocrx_word' id='word_1_102' title='bbox 1002 1826 1119 1925; x_wconf 81' lang='lat' dir='ltr'><strong>agi</strong></span> <span class='ocrx_word' id='word_1_103' title='bbox 1156 1853 1320 1897; x_wconf 88' lang='lat' dir='ltr'><strong>cum</strong></span> <span class='ocrx_word' id='word_1_104' title='bbox 1362 1827 1771 1925; x_wconf 79' lang='lat' dir='ltr'><strong>magistratu</strong></span> <span class='ocrx_word' id='word_1_105' title='bbox 1815 1825 2077 1927; x_wconf 84' lang='lat' dir='ltr'><strong>potest?</strong></span> <span class='ocrx_word' id='word_1_106' title='bbox 2119 1832 2298 1920; x_wconf 88' lang='lat' dir='ltr'><strong>Lex,</strong></span> 
     </span>
     <span class='ocr_line' id='line_1_14' title="bbox 195 1940 2301 2043; baseline 0.001 -30"><span class='ocrx_word' id='word_1_107' title='bbox 195 1967 349 2040; x_wconf 84' lang='lat' dir='ltr'><strong>quae</strong></span> <span class='ocrx_word' id='word_1_108' title='bbox 380 1942 779 2013; x_wconf 83' lang='lat' dir='ltr'><strong>confessum</strong></span> <span class='ocrx_word' id='word_1_109' title='bbox 803 1942 1041 2040; x_wconf 91' lang='lat' dir='ltr'><strong>puniri</strong></span> <span class='ocrx_word' id='word_1_110' title='bbox 1058 1940 1290 2042; x_wconf 88' lang='lat' dir='ltr'><strong>jubet,</strong></span> <span class='ocrx_word' id='word_1_111' title='bbox 1318 1943 1736 2017; x_wconf 86' lang='lat' dir='ltr'><strong>sententiam</strong></span> <span class='ocrx_word' id='word_1_112' title='bbox 1765 1944 1896 2043; x_wconf 89' lang='lat' dir='ltr'><strong>ipsi</strong></span> <span class='ocrx_word' id='word_1_113' title='bbox 1925 1970 2072 2015; x_wconf 87' lang='lat' dir='ltr'><strong>non</strong></span> <span class='ocrx_word' id='word_1_114' title='bbox 2097 1944 2301 2016; x_wconf 86' lang='lat' dir='ltr'><strong>relin-</strong></span> 
     </span>
     <span class='ocr_line' id='line_1_15' title="bbox 194 2056 2302 2158; baseline 0.002 -30"><span class='ocrx_word' id='word_1_115' title='bbox 194 2056 438 2155; x_wconf 79' lang='lat' dir='ltr'><strong>quit²z</strong></span> <span class='ocrx_word' id='word_1_116' title='bbox 483 2057 987 2131; x_wconf 78' lang='lat' dir='ltr'><strong>descendamus</strong></span> <span class='ocrx_word' id='word_1_117' title='bbox 1026 2080 1265 2131; x_wconf 88' lang='lat' dir='ltr'><strong>tamen</strong></span> <span class='ocrx_word' id='word_1_118' title='bbox 1304 2086 1420 2149; x_wconf 91' lang='lat' dir='ltr'><strong>eo,</strong></span> <span class='ocrx_word' id='word_1_119' title='bbox 1462 2059 1802 2158; x_wconf 86' lang='lat' dir='ltr'><strong>quoniam</strong></span> <span class='ocrx_word' id='word_1_120' title='bbox 1837 2059 2023 2131; x_wconf 90' lang='lat' dir='ltr'><strong>filius</strong></span> <span class='ocrx_word' id='word_1_121' title='bbox 2054 2082 2184 2149; x_wconf 83' lang='lat' dir='ltr'><strong>est,</strong></span> <span class='ocrx_word' id='word_1_122' title='bbox 2219 2082 2302 2132; x_wconf 88' lang='lat' dir='ltr'><strong>ut</strong></span> 
     </span>
     <span class='ocr_line' id='line_1_16' title="bbox 196 2172 2297 2273; baseline 0.002 -30"><span class='ocrx_word' id='word_1_123' title='bbox 196 2199 633 2270; x_wconf 81' lang='lat' dir='ltr'><strong>quoeramus,</strong></span> <span class='ocrx_word' id='word_1_124' title='bbox 686 2201 776 2245; x_wconf 88' lang='lat' dir='ltr'><strong>an</strong></span> <span class='ocrx_word' id='word_1_125' title='bbox 820 2172 941 2244; x_wconf 91' lang='lat' dir='ltr'><strong>ille</strong></span> <span class='ocrx_word' id='word_1_126' title='bbox 990 2174 1197 2244; x_wconf 87' lang='lat' dir='ltr'><strong>etiam</strong></span> <span class='ocrx_word' id='word_1_127' title='bbox 1240 2175 1582 2273; x_wconf 85' lang='lat' dir='ltr'><strong>parricida</strong></span> <span class='ocrx_word' id='word_1_128' title='bbox 1623 2174 1840 2247; x_wconf 88' lang='lat' dir='ltr'><strong>fuerit</strong></span> <span class='ocrx_word' id='word_1_129' title='bbox 1879 2202 1894 2245; x_wconf 90' lang='lat'><strong>:</strong></span> <span class='ocrx_word' id='word_1_130' title='bbox 1948 2201 2076 2247; x_wconf 90' lang='lat' dir='ltr'><strong>nec</strong></span> <span class='ocrx_word' id='word_1_131' title='bbox 2117 2172 2297 2247; x_wconf 82' lang='lat' dir='ltr'><strong>mihi</strong></span> 
     </span>
     <span class='ocr_line' id='line_1_17' title="bbox 196 2286 2296 2387; baseline 0.001 -29"><span class='ocrx_word' id='word_1_132' title='bbox 196 2312 479 2359; x_wconf 84' lang='lat' dir='ltr'><strong>necesse</strong></span> <span class='ocrx_word' id='word_1_133' title='bbox 521 2308 621 2361; x_wconf 83' lang='lat' dir='ltr'><strong>est</strong></span> <span class='ocrx_word' id='word_1_134' title='bbox 662 2286 889 2359; x_wconf 88' lang='lat' dir='ltr'><strong>dicere</strong></span> <span class='ocrx_word' id='word_1_135' title='bbox 931 2287 1083 2378; x_wconf 88' lang='lat' dir='ltr'><strong>illa,</strong></span> <span class='ocrx_word' id='word_1_136' title='bbox 1129 2314 1281 2387; x_wconf 84' lang='lat' dir='ltr'><strong>quae</strong></span> <span class='ocrx_word' id='word_1_137' title='bbox 1315 2288 1403 2359; x_wconf 83' lang='lat' dir='ltr'><strong>ab</strong></span> <span class='ocrx_word' id='word_1_138' title='bbox 1444 2308 1831 2361; x_wconf 74' lang='lat' dir='ltr'><strong>accusatore</strong></span> <span class='ocrx_word' id='word_1_139' title='bbox 1873 2288 2056 2361; x_wconf 86' lang='lat' dir='ltr'><strong>dicta</strong></span> <span class='ocrx_word' id='word_1_140' title='bbox 2089 2310 2296 2362; x_wconf 91' lang='lat' dir='ltr'><strong>sunt:</strong></span> 
     </span>
     <span class='ocr_line' id='line_1_18' title="bbox 197 2402 2300 2505; baseline 0.002 -29"><span class='ocrx_word' id='word_1_141' title='bbox 197 2402 525 2478; x_wconf 85' lang='lat' dir='ltr'><strong>habuerit</strong></span> <span class='ocrx_word' id='word_1_142' title='bbox 570 2404 682 2477; x_wconf 90' lang='lat' dir='ltr'><strong>ille</strong></span> <span class='ocrx_word' id='word_1_143' title='bbox 726 2430 966 2478; x_wconf 82' lang='lat' dir='ltr'><strong>causas</strong></span> <span class='ocrx_word' id='word_1_144' title='bbox 988 2463 1009 2496; x_wconf 91' lang='lat'><strong>,</strong></span> <span class='ocrx_word' id='word_1_145' title='bbox 1062 2424 1341 2505; x_wconf 88' lang='lat' dir='ltr'><strong>propter</strong></span> <span class='ocrx_word' id='word_1_146' title='bbox 1382 2432 1557 2504; x_wconf 88' lang='lat' dir='ltr'><strong>quas</strong></span> <span class='ocrx_word' id='word_1_147' title='bbox 1601 2406 1931 2498; x_wconf 86' lang='lat' dir='ltr'><strong>deferret,</strong></span> <span class='ocrx_word' id='word_1_148' title='bbox 1978 2406 2300 2480; x_wconf 88' lang='lat' dir='ltr'><strong>habuerit</strong></span> 
     </span>
     <span class='ocr_line' id='line_1_19' title="bbox 196 2522 2298 2622; baseline 0.001 -29"><span class='ocrx_word' id='word_1_149' title='bbox 196 2542 399 2595; x_wconf 70' lang='lat' dir='ltr'><strong>testes</strong></span> <span class='ocrx_word' id='word_1_150' title='bbox 440 2546 638 2613; x_wconf 73' lang='grc'>51103,</span> <span class='ocrx_word' id='word_1_151' title='bbox 686 2522 1009 2593; x_wconf 88' lang='lat' dir='ltr'><strong>babuerit</strong></span> <span class='ocrx_word' id='word_1_152' title='bbox 1040 2544 1460 2620; x_wconf 80' lang='lat' dir='ltr'><strong>argumenta</strong></span> <span class='ocrx_word' id='word_1_153' title='bbox 1493 2550 1508 2594; x_wconf 74' lang='grc' dir='ltr'>ε</span> <span class='ocrx_word' id='word_1_154' title='bbox 1556 2542 1624 2595; x_wconf 91' lang='lat' dir='ltr'><strong>et</strong></span> <span class='ocrx_word' id='word_1_155' title='bbox 1669 2525 1974 2622; x_wconf 84' lang='lat' dir='ltr'><strong>profecto</strong></span> <span class='ocrx_word' id='word_1_156' title='bbox 2022 2523 2298 2595; x_wconf 88' lang='lat' dir='ltr'><strong>creditis</strong></span> 
     </span>
     <span class='ocr_line' id='line_1_20' title="bbox 198 2637 2298 2737; baseline 0 -29"><span class='ocrx_word' id='word_1_157' title='bbox 198 2663 348 2708; x_wconf 92' lang='lat' dir='ltr'><strong>non</strong></span> <span class='ocrx_word' id='word_1_158' title='bbox 394 2637 547 2709; x_wconf 87' lang='lat' dir='ltr'><strong>sine</strong></span> <span class='ocrx_word' id='word_1_159' title='bbox 598 2663 861 2737; x_wconf 74' lang='lat' dir='ltr'><strong>magna</strong></span> <span class='ocrx_word' id='word_1_160' title='bbox 910 2637 1171 2709; x_wconf 91' lang='lat' dir='ltr'><strong>fiducia</strong></span> <span class='ocrx_word' id='word_1_161' title='bbox 1222 2638 1538 2711; x_wconf 88' lang='lat' dir='ltr'><strong>delatum</strong></span> <span class='ocrx_word' id='word_1_162' title='bbox 1587 2665 1730 2710; x_wconf 89' lang='lat' dir='ltr'><strong>esse</strong></span> <span class='ocrx_word' id='word_1_163' title='bbox 1769 2639 1945 2711; x_wconf 88' lang='lat' dir='ltr'><strong>tanti</strong></span> <span class='ocrx_word' id='word_1_164' title='bbox 1992 2637 2298 2709; x_wconf 88' lang='lat' dir='ltr'><strong>criminis</strong></span> 
     </span>
     <span class='ocr_line' id='line_1_21' title="bbox 203 2751 2294 2854; baseline 0 -32"><span class='ocrx_word' id='word_1_165' title='bbox 203 2777 437 2823; x_wconf 87' lang='lat' dir='ltr'><strong>reum:</strong></span> <span class='ocrx_word' id='word_1_166' title='bbox 464 2753 643 2824; x_wconf 86' lang='lat' dir='ltr'><strong>mihi</strong></span> <span class='ocrx_word' id='word_1_167' title='bbox 664 2753 738 2824; x_wconf 91' lang='lat' dir='ltr'><strong>in</strong></span> <span class='ocrx_word' id='word_1_168' title='bbox 761 2775 1259 2854; x_wconf 81' lang='lat' dir='ltr'><strong>argumentum</strong></span> <span class='ocrx_word' id='word_1_169' title='bbox 1284 2755 1544 2832; x_wconf 86' lang='lat' dir='ltr'><strong>sufficit</strong></span> <span class='ocrx_word' id='word_1_170' title='bbox 1566 2779 1787 2852; x_wconf 81' lang='lat' dir='ltr'><strong>genus</strong></span> <span class='ocrx_word' id='word_1_171' title='bbox 1809 2751 2294 2826; x_wconf 81' lang='lat' dir='ltr'><strong>absolutionis:</strong></span> 
     </span>
     <span class='ocr_line' id='line_1_22' title="bbox 196 2866 2297 2966; baseline 0 -28"><span class='ocrx_word' id='word_1_172' title='bbox 196 2867 483 2966; x_wconf 82' lang='lat' dir='ltr'><strong>paribus</strong></span> <span class='ocrx_word' id='word_1_173' title='bbox 528 2870 892 2942; x_wconf 84' lang='lat' dir='ltr'><strong>sententiis</strong></span> <span class='ocrx_word' id='word_1_174' title='bbox 934 2869 1293 2943; x_wconf 88' lang='lat' dir='ltr'><strong>absolutus</strong></span> <span class='ocrx_word' id='word_1_175' title='bbox 1346 2890 1469 2942; x_wconf 80' lang='lat' dir='ltr'><strong>est.</strong></span> <span class='ocrx_word' id='word_1_176' title='bbox 1522 2867 1676 2940; x_wconf 91' lang='lat' dir='ltr'><strong>Hoc</strong></span> <span class='ocrx_word' id='word_1_177' title='bbox 1727 2869 1802 2939; x_wconf 91' lang='lat' dir='ltr'><strong>in</strong></span> <span class='ocrx_word' id='word_1_178' title='bbox 1854 2866 1992 2940; x_wconf 88' lang='lat' dir='ltr'><strong>alio</strong></span> <span class='ocrx_word' id='word_1_179' title='bbox 2046 2891 2297 2966; x_wconf 80' lang='lat' dir='ltr'><strong>genere</strong></span> 
     </span>
     <span class='ocr_line' id='line_1_23' title="bbox 198 2983 2298 3088; baseline -0 -32"><span class='ocrx_word' id='word_1_180' title='bbox 198 3010 417 3057; x_wconf 82' lang='lat' dir='ltr'><strong>causae</strong></span> <span class='ocrx_word' id='word_1_181' title='bbox 461 2985 764 3059; x_wconf 86' lang='lat' dir='ltr'><strong>dubium</strong></span> <span class='ocrx_word' id='word_1_182' title='bbox 810 3008 946 3078; x_wconf 88' lang='lat' dir='ltr'><strong>est,</strong></span> <span class='ocrx_word' id='word_1_183' title='bbox 998 2989 1073 3059; x_wconf 90' lang='lat' dir='ltr'><strong>in</strong></span> <span class='ocrx_word' id='word_1_184' title='bbox 1114 2987 1486 3088; x_wconf 85' lang='lat' dir='ltr'><strong>parricidio</strong></span> <span class='ocrx_word' id='word_1_185' title='bbox 1529 3013 1725 3076; x_wconf 82' lang='lat' dir='ltr'><strong>vem,</strong></span> <span class='ocrx_word' id='word_1_186' title='bbox 1771 2985 1961 3085; x_wconf 89' lang='lat' dir='ltr'><strong>quod</strong></span> <span class='ocrx_word' id='word_1_187' title='bbox 2006 2983 2298 3084; x_wconf 80' lang='lat' dir='ltr'><strong>probate</strong></span> 
     </span>
     <span class='ocr_line' id='line_1_24' title="bbox 198 3100 2297 3203; baseline -0.001 -31"><span class='ocrx_word' id='word_1_188' title='bbox 198 3127 409 3174; x_wconf 89' lang='lat' dir='ltr'><strong>nemo</strong></span> <span class='ocrx_word' id='word_1_189' title='bbox 442 3103 668 3175; x_wconf 86' lang='lat' dir='ltr'><strong>voluit</strong></span> <span class='ocrx_word' id='word_1_190' title='bbox 688 3162 706 3194; x_wconf 90' lang='lat'><strong>,</strong></span> <span class='ocrx_word' id='word_1_191' title='bbox 738 3104 928 3203; x_wconf 92' lang='lat' dir='ltr'><strong>quod</strong></span> <span class='ocrx_word' id='word_1_192' title='bbox 960 3104 1219 3177; x_wconf 87' lang='lat' dir='ltr'><strong>falsum</strong></span> <span class='ocrx_word' id='word_1_193' title='bbox 1254 3131 1395 3176; x_wconf 87' lang='lat' dir='ltr'><strong>esse</strong></span> <span class='ocrx_word' id='word_1_194' title='bbox 1431 3103 1522 3175; x_wconf 90' lang='lat' dir='ltr'><strong>ad</strong></span> <span class='ocrx_word' id='word_1_195' title='bbox 1547 3123 1704 3176; x_wconf 87' lang='lat' dir='ltr'><strong>vota</strong></span> <span class='ocrx_word' id='word_1_196' title='bbox 1735 3101 2148 3202; x_wconf 88' lang='lat' dir='ltr'><strong>pertinebat,</strong></span> <span class='ocrx_word' id='word_1_197' title='bbox 2184 3100 2297 3171; x_wconf 90' lang='lat' dir='ltr'><strong>di-</strong></span> 
     </span>
     <span class='ocr_line' id='line_1_25' title="bbox 196 3214 2296 3320; baseline -0 -34"><span class='ocrx_word' id='word_1_198' title='bbox 196 3239 471 3288; x_wconf 81' lang='lat' dir='ltr'><strong>versam</strong></span> <span class='ocrx_word' id='word_1_199' title='bbox 512 3217 763 3290; x_wconf 88' lang='lat' dir='ltr'><strong>habuit</strong></span> <span class='ocrx_word' id='word_1_200' title='bbox 804 3219 1481 3318; x_wconf 86' lang='lat' dir='ltr'><strong>pronunciationem.</strong></span> <span class='ocrx_word' id='word_1_201' title='bbox 1520 3215 1900 3320; x_wconf 83' lang='lat' dir='ltr'><strong>Objecturn</strong></span> <span class='ocrx_word' id='word_1_202' title='bbox 1945 3235 2042 3288; x_wconf 88' lang='lat' dir='ltr'><strong>est</strong></span> <span class='ocrx_word' id='word_1_203' title='bbox 2085 3214 2296 3286; x_wconf 78' lang='lat' dir='ltr'><strong>alicui</strong></span> 
     </span>
     <span class='ocr_line' id='line_1_26' title="bbox 198 3324 2294 3435; baseline -0.001 -31"><span class='ocrx_word' id='word_1_204' title='bbox 198 3332 647 3424; x_wconf 85' lang='lat' dir='ltr'><strong>mortalium,</strong></span> <span class='ocrx_word' id='word_1_205' title='bbox 696 3329 887 3434; x_wconf 89' lang='lat' dir='ltr'><strong>quod</strong></span> <span class='ocrx_word' id='word_1_206' title='bbox 932 3357 1201 3435; x_wconf 88' lang='lat' dir='ltr'><strong>patrem</strong></span> <span class='ocrx_word' id='word_1_207' title='bbox 1243 3334 1598 3408; x_wconf 90' lang='lat' dir='ltr'><strong>occidisset</strong></span> <span class='ocrx_word' id='word_1_208' title='bbox 1635 3363 1650 3406; x_wconf 91' lang='lat'>:</span> <span class='ocrx_word' id='word_1_209' title='bbox 1703 3324 1894 3433; x_wconf 91' lang='lat' dir='ltr'><strong>quod</strong></span> <span class='ocrx_word' id='word_1_210' title='bbox 1939 3359 2141 3422; x_wconf 88' lang='lat' dir='ltr'><strong>eum,</strong></span> <span class='ocrx_word' id='word_1_211' title='bbox 2181 3329 2294 3402; x_wconf 84' lang='lat' dir='ltr'><strong>cui</strong></span> 
     </span>
     <span class='ocr_line' id='line_1_27' title="bbox 1669 3445 1678 3471; baseline 0 -1"><span class='ocrx_word' id='word_1_212' title='bbox 1669 3445 1678 3471; x_wconf 64' lang='lat'><em>2</em></span> 
     </span>
    </p>
   </div>
   <div class='ocr_carea' id='block_1_3' title="bbox 191 3527 2296 4244">
    <p class='ocr_par' dir='ltr' id='par_1_3' title="bbox 191 3527 2296 4085">
     <span class='ocr_line' id='line_1_28' title="bbox 271 3527 2295 3598; baseline -0.002 -16"><span class='ocrx_word' id='word_1_213' title='bbox 271 3548 318 3582; x_wconf 80' lang='grc' dir='ltr'><strong>ι.</strong></span> <span class='ocrx_word' id='word_1_214' title='bbox 344 3530 552 3582; x_wconf 77' lang='lat' dir='ltr'><strong>Intueri</strong></span> <span class='ocrx_word' id='word_1_215' title='bbox 574 3531 733 3584; x_wconf 77' lang='lat' dir='ltr'><strong>debes.</strong></span> <span class='ocrx_word' id='word_1_216' title='bbox 762 3532 949 3585; x_wconf 77' lang='lat' dir='ltr'><strong>Debeo.</strong></span> <span class='ocrx_word' id='word_1_217' title='bbox 982 3533 1201 3598; x_wconf 63' lang='lat' dir='ltr'><strong>Sem-mr.</strong></span> <span class='ocrx_word' id='word_1_218' title='bbox 1284 3559 1355 3577; x_wconf 80' lang='lat'><strong>--</strong></span> <span class='ocrx_word' id='word_1_219' title='bbox 1390 3533 1644 3584; x_wconf 67' lang='lat' dir='ltr'><strong>{labuerit</strong></span> <span class='ocrx_word' id='word_1_220' title='bbox 1679 3529 1774 3582; x_wconf 74' lang='lat' dir='ltr'><strong>ille</strong></span> <span class='ocrx_word' id='word_1_221' title='bbox 1803 3547 1995 3581; x_wconf 79' lang='lat' dir='ltr'><strong>causas.</strong></span> <span class='ocrx_word' id='word_1_222' title='bbox 2035 3527 2182 3580; x_wconf 74' lang='lat' dir='ltr'><strong>Nihil</strong></span> <span class='ocrx_word' id='word_1_223' title='bbox 2215 3539 2295 3580; x_wconf 77' lang='lat' dir='ltr'><strong>est</strong></span> 
     </span>
     <span class='ocr_line' id='line_1_29' title="bbox 198 3609 2295 3686; baseline -0.002 -23"><span class='ocrx_word' id='word_1_224' title='bbox 198 3639 263 3650; x_wconf 91' lang='lat'><strong>—-·</strong></span> <span class='ocrx_word' id='word_1_225' title='bbox 284 3611 383 3664; x_wconf 76' lang='lat' dir='ltr'><strong>Me</strong></span> <span class='ocrx_word' id='word_1_226' title='bbox 397 3615 523 3685; x_wconf 83' lang='lat' dir='ltr'><strong>jam</strong></span> <span class='ocrx_word' id='word_1_227' title='bbox 554 3612 861 3686; x_wconf 79' lang='lat' dir='ltr'><strong>appellaret.</strong></span> <span class='ocrx_word' id='word_1_228' title='bbox 894 3613 1096 3666; x_wconf 82' lang='lat' dir='ltr'><strong>Tamen</strong></span> <span class='ocrx_word' id='word_1_229' title='bbox 1121 3633 1209 3666; x_wconf 78' lang='lat' dir='ltr'><strong>me</strong></span> <span class='ocrx_word' id='word_1_230' title='bbox 1286 3609 1596 3665; x_wconf 81' lang='lat' dir='ltr'><strong>dubitabile.</strong></span> <span class='ocrx_word' id='word_1_231' title='bbox 1628 3612 1919 3663; x_wconf 75' lang='lat' dir='ltr'><strong>Affirmavit</strong></span> <span class='ocrx_word' id='word_1_232' title='bbox 1951 3611 2138 3680; x_wconf 75' lang='lat' dir='ltr'><strong>igitur:</strong></span> <span class='ocrx_word' id='word_1_233' title='bbox 2175 3609 2295 3660; x_wconf 79' lang='lat' dir='ltr'><strong><em>Ha·-</em></strong></span> 
     </span>
     <span class='ocr_line' id='line_1_30' title="bbox 191 3687 2295 3768; baseline -0.001 -23"><span class='ocrx_word' id='word_1_234' title='bbox 191 3693 649 3766; x_wconf 72' lang='lat' dir='ltr'><strong>y’ubetdeconfesso</strong></span> <span class='ocrx_word' id='word_1_235' title='bbox 660 3695 1203 3768; x_wconf 73' lang='lat' dir='ltr'><strong>wmeresupplicinm,</strong></span> <span class='ocrx_word' id='word_1_236' title='bbox 1286 3693 1401 3743; x_wconf 75' lang='lat' dir='ltr'><strong>buit</strong></span> <span class='ocrx_word' id='word_1_237' title='bbox 1414 3689 1510 3742; x_wconf 69' lang='lat' dir='ltr'><strong>ille</strong></span> <span class='ocrx_word' id='word_1_238' title='bbox 1530 3709 1729 3758; x_wconf 76' lang='lat' dir='ltr'><strong>causas,</strong></span> <span class='ocrx_word' id='word_1_239' title='bbox 1750 3701 1964 3763; x_wconf 79' lang='lat' dir='ltr'><strong>propter</strong></span> <span class='ocrx_word' id='word_1_240' title='bbox 1981 3705 2110 3761; x_wconf 79' lang='lat' dir='ltr'><strong>quas</strong></span> <span class='ocrx_word' id='word_1_241' title='bbox 2131 3687 2295 3759; x_wconf 60' lang='lat' dir='ltr'><strong>desev-</strong></span> 
     </span>
     <span class='ocr_line' id='line_1_31' title="bbox 193 3769 2296 3850; baseline -0.003 -24"><span class='ocrx_word' id='word_1_242' title='bbox 193 3777 303 3845; x_wconf 73' lang='lat' dir='ltr'><strong>y&#39;am</strong></span> <span class='ocrx_word' id='word_1_243' title='bbox 318 3787 383 3827; x_wconf 75' lang='lat' dir='ltr'><strong>nt</strong></span> <span class='ocrx_word' id='word_1_244' title='bbox 392 3787 640 3848; x_wconf 74' lang='lat' dir='ltr'><strong>apparet,</strong></span> <span class='ocrx_word' id='word_1_245' title='bbox 652 3779 837 3850; x_wconf 71' lang='lat' dir='ltr'><strong>soepa’us</strong></span> <span class='ocrx_word' id='word_1_246' title='bbox 848 3778 1005 3842; x_wconf 71' lang='lat' dir='ltr'><strong>dixit,</strong></span> <span class='ocrx_word' id='word_1_247' title='bbox 1022 3777 1203 3830; x_wconf 80' lang='lat' dir='ltr'><strong>AErod.</strong></span> <span class='ocrx_word' id='word_1_248' title='bbox 1287 3783 1390 3834; x_wconf 62' lang='grc' dir='ltr'><strong>τρίς</strong></span> <span class='ocrx_word' id='word_1_249' title='bbox 1413 3773 1596 3824; x_wconf 73' lang='lat' dir='ltr'><strong>habuit</strong></span> <span class='ocrx_word' id='word_1_250' title='bbox 1615 3783 1755 3826; x_wconf 80' lang='lat' dir='ltr'><strong>testes</strong></span> <span class='ocrx_word' id='word_1_251' title='bbox 1775 3791 1890 3824; x_wconf 81' lang='lat' dir='ltr'><strong>suos</strong></span> <span class='ocrx_word' id='word_1_252' title='bbox 1900 3809 1918 3836; x_wconf 88' lang='lat'><strong>,</strong></span> <span class='ocrx_word' id='word_1_253' title='bbox 1946 3769 2126 3822; x_wconf 75' lang='lat' dir='ltr'><strong>habuit</strong></span> <span class='ocrx_word' id='word_1_254' title='bbox 2143 3781 2296 3839; x_wconf 63' lang='lat' dir='ltr'><strong>atyn-</strong></span> 
     </span>
     <span class='ocr_line' id='line_1_32' title="bbox 198 3845 2293 3927; baseline -0.004 -23"><span class='ocrx_word' id='word_1_255' title='bbox 198 3881 263 3892; x_wconf 94' lang='lat'><strong>—-</strong></span> <span class='ocrx_word' id='word_1_256' title='bbox 276 3853 385 3924; x_wconf 77' lang='lat' dir='ltr'><strong>Qui</strong></span> <span class='ocrx_word' id='word_1_257' title='bbox 396 3853 579 3926; x_wconf 70' lang='lat' dir='ltr'><strong>aliquo</strong></span> <span class='ocrx_word' id='word_1_258' title='bbox 594 3855 747 3908; x_wconf 78' lang='lat' dir='ltr'><strong>modo</strong></span> <span class='ocrx_word' id='word_1_259' title='bbox 759 3855 1031 3927; x_wconf 73' lang='lat' dir='ltr'><strong>consess-ne.</strong></span> <span class='ocrx_word' id='word_1_260' title='bbox 1049 3853 1207 3906; x_wconf 78' lang='lat' dir='ltr'><strong>Haud</strong></span> <span class='ocrx_word' id='word_1_261' title='bbox 1286 3863 1481 3904; x_wconf 81' lang='lat' dir='ltr'><strong>menta.</strong></span> <span class='ocrx_word' id='word_1_262' title='bbox 1497 3849 1734 3904; x_wconf 70' lang='lat' dir='ltr'><strong>Gnonov.</strong></span> <span class='ocrx_word' id='word_1_263' title='bbox 1749 3879 1822 3891; x_wconf 91' lang='lat'><strong>-——</strong></span> <span class='ocrx_word' id='word_1_264' title='bbox 1834 3847 2068 3902; x_wconf 70' lang='lat' dir='ltr'><strong>Dubium</strong></span> <span class='ocrx_word' id='word_1_265' title='bbox 2083 3857 2172 3898; x_wconf 74' lang='lat' dir='ltr'><strong>est.</strong></span> <span class='ocrx_word' id='word_1_266' title='bbox 2185 3845 2293 3897; x_wconf 82' lang='lat' dir='ltr'><strong>Du-</strong></span> 
     </span>
     <span class='ocr_line' id='line_1_33' title="bbox 199 3929 2292 4007; baseline -0.004 -23"><span class='ocrx_word' id='word_1_267' title='bbox 199 3931 388 3999; x_wconf 78' lang='lat' dir='ltr'><strong>dubie,</strong></span> <span class='ocrx_word' id='word_1_268' title='bbox 409 3932 539 3985; x_wconf 74' lang='lat' dir='ltr'><strong>alio.</strong></span> <span class='ocrx_word' id='word_1_269' title='bbox 565 3935 805 3987; x_wconf 69' lang='lat' dir='ltr'><strong>Gnonov.</strong></span> <span class='ocrx_word' id='word_1_270' title='bbox 840 3935 941 4006; x_wconf 79' lang='lat' dir='ltr'><strong>Qui</strong></span> <span class='ocrx_word' id='word_1_271' title='bbox 967 3932 1073 3986; x_wconf 79' lang='lat' dir='ltr'><strong>alio</strong></span> <span class='ocrx_word' id='word_1_272' title='bbox 1102 3931 1205 4007; x_wconf 64' lang='lat' dir='ltr'><strong>q&#39;uo</strong></span> <span class='ocrx_word' id='word_1_273' title='bbox 1284 3934 1421 3986; x_wconf 78' lang='lat' dir='ltr'><strong>biam</strong></span> <span class='ocrx_word' id='word_1_274' title='bbox 1437 3973 1456 4000; x_wconf 86' lang='lat'><strong>,</strong></span> <span class='ocrx_word' id='word_1_275' title='bbox 1483 3935 1540 3984; x_wconf 73' lang='lat' dir='ltr'><strong>in</strong></span> <span class='ocrx_word' id='word_1_276' title='bbox 1567 3931 1852 4007; x_wconf 68' lang='lat' dir='ltr'><strong>parricidio</strong></span> <span class='ocrx_word' id='word_1_277' title='bbox 1865 3971 1884 3998; x_wconf 90' lang='lat'>‚</span> <span class='ocrx_word' id='word_1_278' title='bbox 1913 3941 2007 3982; x_wconf 76' lang='lat' dir='ltr'><strong>etc.</strong></span> <span class='ocrx_word' id='word_1_279' title='bbox 2041 3929 2292 3980; x_wconf 66' lang='lat' dir='ltr'><strong>diversam</strong></span> 
     </span>
     <span class='ocr_line' id='line_1_34' title="bbox 198 4007 2290 4085; baseline -0.011 -6"><span class='ocrx_word' id='word_1_280' title='bbox 198 4011 380 4077; x_wconf 52' lang='grc' dir='ltr'><strong>Μὰ),</strong></span> <span class='ocrx_word' id='word_1_281' title='bbox 404 4011 661 4066; x_wconf 70' lang='lat' dir='ltr'><strong>Obrecht·</strong></span> <span class='ocrx_word' id='word_1_282' title='bbox 1287 4012 1338 4063; x_wconf 84' lang='grc' dir='ltr'><strong>Ιι.</strong></span> <span class='ocrx_word' id='word_1_283' title='bbox 1373 4011 1865 4085; x_wconf 77' lang='lat' dir='ltr'><strong>pronunciationem</strong></span> <span class='ocrx_word' id='word_1_284' title='bbox 1885 4029 1900 4058; x_wconf 91' lang='lat'><strong>.·</strong></span> <span class='ocrx_word' id='word_1_285' title='bbox 1937 4007 2132 4058; x_wconf 71' lang='lat' dir='ltr'><strong>dinem</strong></span> <span class='ocrx_word' id='word_1_286' title='bbox 2163 4021 2290 4056; x_wconf 82' lang='lat' dir='ltr'><strong>vero</strong></span> 
     </span>
    </p>

    <p class='ocr_par' dir='ltr' id='par_1_4' title="bbox 203 4086 2292 4244">
     <span class='ocr_line' id='line_1_35' title="bbox 270 4086 2292 4164; baseline -0.003 -23"><span class='ocrx_word' id='word_1_287' title='bbox 270 4107 317 4140; x_wconf 66' lang='grc' dir='ltr'><strong>π.</strong></span> <span class='ocrx_word' id='word_1_288' title='bbox 340 4091 667 4143; x_wconf 75' lang='lat' dir='ltr'><strong>Sententiam</strong></span> <span class='ocrx_word' id='word_1_289' title='bbox 695 4094 792 4164; x_wconf 75' lang='lat' dir='ltr'><strong>ipsi</strong></span> <span class='ocrx_word' id='word_1_290' title='bbox 816 4093 1044 4164; x_wconf 75' lang='lat' dir='ltr'><strong>reliquit.</strong></span> <span class='ocrx_word' id='word_1_291' title='bbox 1074 4093 1205 4145; x_wconf 83' lang='lat' dir='ltr'><strong>Sen-</strong></span> <span class='ocrx_word' id='word_1_292' title='bbox 1284 4089 1371 4142; x_wconf 86' lang='lat' dir='ltr'><strong>hic</strong></span> <span class='ocrx_word' id='word_1_293' title='bbox 1391 4104 1497 4156; x_wconf 81' lang='lat' dir='ltr'><strong>est,</strong></span> <span class='ocrx_word' id='word_1_294' title='bbox 1518 4103 1679 4141; x_wconf 78' lang='lat' dir='ltr'><strong>eei-ta.</strong></span> <span class='ocrx_word' id='word_1_295' title='bbox 1700 4090 1918 4142; x_wconf 76' lang='lat' dir='ltr'><strong>Senut&#39;r.</strong></span> <span class='ocrx_word' id='word_1_296' title='bbox 1931 4086 2186 4136; x_wconf 84' lang='lat' dir='ltr'><strong>—Nemo</strong></span> <span class='ocrx_word' id='word_1_297' title='bbox 2205 4103 2292 4136; x_wconf 81' lang='lat' dir='ltr'><strong>vo-</strong></span> 
     </span>
     <span class='ocr_line' id='line_1_36' title="bbox 203 4165 2145 4244; baseline 0.001 -28"><span class='ocrx_word' id='word_1_298' title='bbox 203 4171 417 4222; x_wconf 69' lang='lat' dir='ltr'><strong>lentiam</strong></span> <span class='ocrx_word' id='word_1_299' title='bbox 451 4171 550 4243; x_wconf 73' lang='lat' dir='ltr'><strong>ipsi</strong></span> <span class='ocrx_word' id='word_1_300' title='bbox 586 4191 691 4224; x_wconf 84' lang='lat' dir='ltr'><strong>non</strong></span> <span class='ocrx_word' id='word_1_301' title='bbox 726 4171 985 4244; x_wconf 74' lang='lat' dir='ltr'><strong>relinquit.</strong></span> <span class='ocrx_word' id='word_1_302' title='bbox 1022 4175 1201 4224; x_wconf 78' lang='lat' dir='ltr'><strong>AEnon.</strong></span> <span class='ocrx_word' id='word_1_303' title='bbox 1287 4171 1402 4222; x_wconf 79' lang='lat' dir='ltr'><strong>luit.</strong></span> <span class='ocrx_word' id='word_1_304' title='bbox 1431 4171 1680 4221; x_wconf 77' lang='lat' dir='ltr'><strong>Francius</strong></span> <span class='ocrx_word' id='word_1_305' title='bbox 1705 4167 1940 4238; x_wconf 78' lang='lat' dir='ltr'><strong>legebat,</strong></span> <span class='ocrx_word' id='word_1_306' title='bbox 1963 4165 2145 4218; x_wconf 76' lang='lat' dir='ltr'><strong>valuit.</strong></span> 
     </span>
    </p>
   </div>
  </div>
 </body>
</html>
