2855 4871
542 424 628 489 90
1051 400 1143 463 M.
1193 382 1445 463 mim
1492 395 2130 480 QUINTILIANI

543 521 824 595 feminae
871 521 1128 593 nimias
1173 548 1339 619 opes
1382 520 1854 620 possiderent,
1902 548 1993 593 ne
2038 522 2348 621 potentia
2392 538 2650 597 earum'

544 639 778 712 civitas
816 659 1286 739 premeretur:
1323 639 1455 710 hoe
1490 664 1651 737 ergo
1684 639 2007 711 adversus
2042 639 2357 739 singulas
2388 642 2649 715 consti-

547 755 716 845 tuit,
750 776 818 827 et
839 754 929 827 ad
957 753 1312 829 evitandas
1342 780 1507 854 opes
1539 754 1963 829 feminarum
1982 812 2001 845 ,
2039 754 2199 827 satis
2226 754 2359 829 hoc
2390 758 2651 855 quaesi-

541 891 695 944 tum
717 886 766 961 ¹,
800 898 889 942 ne
917 870 1044 943 uni
1078 868 1453 969 plusquam
1482 869 1782 942 dimidia
1810 896 1967 968 pars
1994 871 2401 971 patrimonii
2426 872 2649 945 relin-

543 1008 888 1086 queretur.
919 989 1270 1060 Caeterum
1315 987 1606 1087 quidem
1648 987 1823 1060 illud
1866 1015 2009 1061 non
2050 1009 2380 1062 caverunt
2413 990 2647 1088 leges,

541 1130 628 1175 ne
660 1102 888 1203 plures
917 1103 1200 1175 feminae
1235 1102 1485 1175 eodem
1518 1124 1929 1179 testamento
1958 1105 2463 1195 scriberentur3
2494 1133 2647 1179 non

543 1219 824 1291 hercule
848 1220 1070 1319 magis
1096 1246 1309 1317 quam
1337 1218 1511 1291 illud
1527 1278 1547 1311 ‚
1577 1246 1666 1295 ne
1695 1219 1931 1320 plures
1953 1221 2369 1295 hereditates
2391 1220 2647 1294 iisdem

541 1334 822 1408 feminis
855 1336 1434 1435 relinquerentur.

542 1614 1805 1637 ffmmmssmmmm
1810 1616 2391 1639 mmmmm
2398 1616 2639 1637 mmv

1363 1820 1813 1897 CCLXV.

985 2060 1439 2155 anominiosi
1464 2056 1778 2157 pulsator
1809 2062 1879 2127 ἰη
1914 2058 2186 2157 templo,

539 2267 600 2325 Si
647 2284 788 2339 oms
831 2284 899 2325 nt
939 2282 1181 2325 murno
1225 2284 1529 2325 nnumin
1569 2284 1857 2340 recum-r,
1900 2286 1937 2325 x
1982 2283 2201 2327 ainzu
2238 2284 2357 2323 :tr-1¹1·
2396 2282 2493 2339 ιιι,
2537 2282 2651 2325 cm

621 2381 924 2424 imminu
963 2380 1250 2435 taceam
1289 2381 1489 2421 nmen
1528 2382 1745 2423 unua
1776 2380 2071 2423 ervi-rur.
2110 2362 2521 2421 lonoummso
2566 2380 2653 2425 ΝΒ

617 2481 712 2522 srr
751 2477 931 2524 acrio
975 2479 1381 2522 utrumnum.
1426 2459 1699 2537 Quidam
1742 2459 2227 2544 ignominiosum
2271 2457 2539 2541 pulsavit
2578 2459 2651 2520 in

621 2555 882 2640 templo:
909 2556 1118 2617 decem
1145 2555 1342 2616 millia
1367 2559 1518 2640 petit
1540 2556 1966 2638 magistram,
1992 2557 2247 2616 nomine
2270 2555 2555 2616 civitatis.

1231 2765 1936 2832 DECLAMATIO.

637 2927 708 3000 Si
735 2927 960 3026 pudor
979 2927 1589 3004 commendandus
1618 2950 1753 3020 est,
1788 2929 1989 3030 cujus
2019 2926 2437 3003 difficillima
2466 2927 2653 3002 ratio

539 3064 638 3119 est
669 3043 740 3115 in
779 3043 894 3116 lite
930 3045 1375 3141 pecuniaria,
1416 3073 1562 3118 non
1597 3045 1799 3121 nobis
1828 3043 2224 3143 litigatum,
2263 3069 2341 3117 ac
2380 3068 2471 3116 ne
2500 3043 2653 3114 rei-

541 3159 836 3260 publicae
856 3159 1146 3259 quidem
1167 3183 1237 3238 et
1253 3163 1545 3240 civitatis
1570 3163 1863 3238 nomine
1880 3161 2063 3236 avari
2081 3187 2327 3234 sumus
2349 3187 2363 3231 :
2402 3180 2472 3232 et
2494 3159 2655 3234 haec

541 3275 772 3352 omnis
807 3275 986 3350 actio
1025 3302 1170 3351 non
1205 3298 1349 3351 tam
1377 3278 1552 3352 lucri
1580 3277 1835 3377 gratia,
1870 3298 1940 3350 et
1964 3275 2402 3373 acquirendae
2428 3275 2656 3375 hujus

541 3391 859 3492 pecuniae
887 3391 1258 3468 constituta
1280 3413 1413 3483 est,
1444 3420 1661 3492 quam
1692 3392 1768 3466 in
1798 3392 2141 3466 ultionem
2175 3390 2467 3464 deorum
2499 3388 2655 3462 im·-

541 3505 970 3600 mortalium‚
993 3529 1064 3582 et
1081 3508 1355 3609 templi,
1386 3531 1467 3584 ut
1490 3511 1764 3608 proprie
1789 3508 2119 3599 dixerim,
2146 3506 2651 3606 expiationem.

538 3623 682 3696 Nec
715 3622 957 3696 minus
993 3625 1441 3700 manifestum
1473 3625 1592 3726 jus
1634 3647 1766 3716 est,
1812 3651 2031 3723 quam
2063 3622 2337 3722 integer
2368 3621 2653 3721 pudor:

540 3735 648 3810 lex
689 3735 881 3810 enim
914 3734 1150 3835 palam
1183 3737 1433 3836 scripta
1460 3757 1597 3828 est,
1633 3760 1709 3811 ut
1742 3737 1837 3829 iz,
1878 3737 2003 3836 qui
2039 3739 2113 3808 in
2147 3735 2407 3834 templo
2442 3733 2657 3835 inju-

542 3853 714 3926 riam
747 3853 1017 3944 fecerit‚
1060 3853 1304 3927 decem
1345 3853 1573 3928 millia
1612 3853 1729 3926 det
1756 3853 2007 3930 civitati
2042 3881 2055 3925 :
2092 3852 2273 3928 mihi
2316 3851 2447 3926 hoc
2482 3854 2655 3930 satis

621 4066 662 4099 r.
687 4049 822 4102 Satis
841 4047 938 4102 hoc
955 4051 1242 4122 quoest'tum.
1265 4050 1343 4104 cl.
1365 4049 1549 4104 Schul-
1634 4051 2019 4122 Qua-sitisst'mas
2041 4067 2188 4122 opes,
2218 4062 2271 4100 et
2298 4048 2365 4101 de
2395 4067 2503 4120 quo
2534 4050 2651 4102 vid.

543 4132 739 4199 tingius
757 4131 958 4184 dictum
971 4146 1124 4202 purat
1139 4144 1198 4184 ut
1215 4129 1361 4203 apud
1375 4133 1545 4184 Tacit.
1628 4127 1698 4182 ad
1722 4133 1931 4182 Peri-on.
1958 4147 2077 4201 cap.
2103 4127 2287 4181 cxlx.
