2855 4871
620 414 1468 481 DECLAMATIONES.
1513 415 1849 481 CCCXV.
2159 418 2283 507 275

182 546 403 623 virtus
422 560 483 616 ¹:
518 542 1075 617 adolescentulus
1106 542 1391 615 interim
1424 541 1618 613 rudis
1644 542 1720 617 in
1752 542 1873 617 illa
1905 542 2094 617 nube
2130 545 2291 645 pul-

181 665 399 753 veris,
440 662 515 733 in
555 660 679 732 illa
719 660 1127 732 confusione
1176 658 1678 757 permixtarum
1717 659 2040 759 utrinque
2078 660 2292 761 legio-

182 805 409 868 num,
442 776 677 847 virum
718 776 969 848 fortem
1008 774 1205 873 sequi
1246 800 1390 846 non
1433 774 1678 873 potuit.
1723 776 1814 847 At
1849 775 1976 873 ego
2016 775 2292 867 infelix,

184 893 403 967 etiam
449 889 785 964 invidiam
818 889 965 962 filio
1005 889 1177 979 feci,
1223 910 1295 961 et
1332 888 1556 987 spolia
1596 888 1836 980 retuli,
1881 915 2021 988 quo
2056 890 2294 965 minus

182 1009 293 1082 illi
335 1010 820 1107 ignosceretur.
847 1007 1013 1096 Quo
1038 1031 1153 1078 me
1180 1006 1375 1077 ducis
1392 1063 1411 1097 ‚
1435 1004 1718 1078 anime?
1742 1033 1881 1102 quo
1905 1032 2021 1079 me
2045 1007 2292 1099 trahiS,

184 1122 531 1199 affectus?
552 1124 776 1223 placet
798 1150 999 1195 causa
1026 1150 1041 1193 ε
1073 1122 1191 1195 sed
1213 1122 1409 1195 aliud
1433 1121 1662 1222 optavi
1695 1150 1710 1192 :
1736 1121 1913 1193 nihil
1945 1143 2072 1215 est,
2105 1123 2294 1221 quod

186 1268 270 1314 ex
314 1267 481 1313 meo
523 1241 755 1313 favore
784 1265 1072 1339 spera,
1107 1239 1389 1341 juvenis
1439 1238 1911 1312 infelicissime
1954 1267 1969 1310 :
2018 1239 2292 1312 nullam

184 1358 533 1431 fiduciam
567 1383 649 1429 ex
680 1356 807 1429 hac
836 1355 1454 1455 quantulacunque
1488 1382 1713 1457 operae
1744 1383 1916 1428 meae
1947 1356 2164 1456 gratia
2191 1384 2296 1429 ca-

187 1474 383 1573 pias:
416 1470 865 1543 moriendum
895 1489 1035 1542 est:
1074 1469 1365 1544 debetur
1391 1471 1526 1543 hoc
1556 1497 1720 1543 sane
1751 1469 2132 1570 disciplinae
2160 1472 2299 1544 mi-

186 1587 423 1679 litari,
456 1586 756 1660 debetur
787 1606 1173 1659 castrorum
1208 1585 1572 1661 severitati.
1610 1585 1862 1659 Infelix
1895 1587 2297 1663 exeuntium

188 1728 409 1775 omen
429 1758 451 1792 ,
480 1700 885 1798 miseraeque
910 1699 1271 1800 primitiae!
1301 1701 1359 1771 si
1384 1698 1682 1773 alterum
1709 1701 1953 1799 utique
1978 1728 2058 1773 ex
2083 1702 2298 1774 domo

188 1837 433 1890 nostra
486 1814 929 1887 destinabatis
954 1873 973 1905 ‚
1027 1842 1151 1887 cur
1200 1841 1347 1888 non
1400 1842 1642 1887 senem
1690 1814 1918 1914 potius
1960 1816 2301 1888 traxistis?

190 1930 393 2023 Quid
438 1955 633 1999 nunc
676 1926 806 2000 tibi
844 1926 1185 2027 proderit,
1220 1928 1608 1999 miserrime
1642 1927 2076 2015 adolescens»,
2109 1930 2300 2026 quod

191 2046 556 2120 modestus
580 2044 657 2116 in
682 2071 849 2145 pace
870 2100 891 2131 ‚
920 2044 1111 2141 quod
1138 2042 1343 2143 pius?
1368 2062 1435 2117 et
1451 2044 1510 2117 si
1536 2032 1926 2145 contigisset
1953 2044 2320 2119 ²felicitati.

186 2162 467 2237 felicior
484 2160 685 2261 quies
698 2217 719 2251 ‚
740 2160 1055 2260 optimus
1076 2161 1263 2233 filius
1280 2184 1432 2235 eras
1451 2188 1466 2233 :
1487 2161 1940 2239 moriendum
1961 2182 2094 2235 est:
2123 2160 2303 2261 quid

188 2279 319 2353 tibi
344 2298 663 2379 praestare
692 2274 934 2349 infelix
954 2296 1141 2375 pater
1164 2274 1492 2375 possum?
1515 2304 1740 2375 quum
1768 2275 2068 2366 duceris,
2089 2275 2300 2367 flebo,

190 2393 561 2494 plangam.
600 2392 784 2482 Hos,
816 2416 993 2491 quos
1026 2416 1464 2491 sumpseram
1497 2391 1710 2465 modo
1739 2418 1822 2464 ex
1851 2392 2136 2465 victoria
2173 2418 2306 2493 pu·-

188 2507 381 2580 blica
414 2507 603 2580 laetos
632 2504 945 2594 habitus,
974 2505 1297 2578 abducite
1325 2533 1340 2578 :
1378 2509 1606 2580 merui
1642 2507 2055 2580 ambitiosus
2078 2529 2300 2607 pater,

192 2623 491 2714 scilicet,
534 2647 625 2694 ne
658 2620 833 2720 quid
868 2620 953 2692 de
993 2619 1274 2692 militari
1312 2623 1662 2694 severitate
1703 2622 2172 2711 detraherem,
2211 2647 2300 2692 ne

191 2736 474 2809 viderer
492 2735 595 2809 vir
620 2735 814 2809 fortis
846 2733 1174 2808 desertori
1202 2735 1592 2834 ignoscere:
1623 2755 1986 2807 contentus
2015 2733 2120 2806 fui
2148 2753 2305 2833 post

192 2873 303 2925 tot
338 2853 621 2938 merita,
664 2853 936 2922 favente
981 2871 1123 2922 tota
1163 2849 1472 2940 civitate,
1522 2871 1600 2921 ut
1639 2868 1916 2922 tantum
1967 2849 2303 2930 innocens

194 2997 449 3043 essem.
482 2971 573 3040 Et
602 2995 759 3040 ecce
778 3026 797 3060 ‚
823 2968 973 3070 jam
1006 2967 1411 3039 miserantes
1439 2966 1639 3039 video
1660 2963 1990 3069 judicum
2021 2967 2256 3040 vultus
2286 2995 2300 3039 :

194 3083 679 3186 quorumdam
713 3079 1335 3182 deprehenduntur
1363 3082 1708 3182 lacrymae.
1742 3082 1946 3156 Potui
1978 3081 2136 3182 plus
2171 3110 2304 3182 op-

198 3224 387 3294 tare,
420 3199 653 3300 potui:
691 3200 787 3271 sic
823 3225 1103 3299 quoque
1136 3225 1264 3298 ego
1293 3219 1395 3288 te,
1424 3197 1571 3290 fili,
1605 3197 1852 3296 occidi.
1889 3201 1979 3270 At
2009 3217 2085 3268 tu
2122 3200 2305 3298 quis·

194 3317 361 3417 quis
394 3342 501 3406 es,
542 3315 617 3386 iu
648 3341 863 3414 quem
891 3315 1330 3388 transferetur
1357 3314 1489 3388 hoc
1519 3314 1762 3388 infelix
1797 3312 2303 3404 ministerium,

274 3527 324 3562 ι.
368 3507 496 3562 Sola
527 3509 701 3562 virtus.
737 3508 812 3560 Et
840 3505 993 3562 solita
1024 3509 1213 3576 virtus,
1290 3528 1450 3581 paee,
1481 3512 1628 3583 quod
1650 3511 1798 3582 pius,
1831 3519 1910 3576 et,
1942 3510 1986 3561 ei
2017 3507 2306 3580 contigisset

194 3589 407 3644 schah.
439 3591 663 3642 Franeio
692 3589 778 3642 hic
806 3589 1006 3662 aliquid
1028 3590 1215 3646 deesse
1294 3588 1496 3642 civitati
1501 3589 1877 3661 felicior-quies
1885 3627 1902 3654 ,
1920 3587 2143 3659 optimus
2148 3583 2307 3658 filius

196 3669 500 3724 videbatur.
528 3667 781 3734 Percussit
797 3669 961 3741 patris
978 3669 1091 3722 sola.
1114 3671 1218 3722 vir·-
1295 3686 1420 3720 eras.
1450 3670 1616 3722 Gnou.
1639 3670 1718 3720 Ita
1744 3681 1796 3720 et
1823 3665 2198 3736 Schultingius.
2219 3665 2306 3734 *Et

198 3759 301 3802 tus.
346 3749 635 3813 Praeterea,
679 3757 741 3800 ut
774 3748 1009 3821 primam
1052 3759 1216 3802 tunam
1295 3744 1341 3796 si
1376 3745 1668 3816 contiqisset
1702 3743 1801 3798 tali
1835 3743 1978 3796 oetati
2003 3741 2222 3814 felicior
2250 3761 2302 3814 q.

194 3827 479 3891 anismam,
502 3837 605 3876 etc.
632 3824 755 3876 edit.
782 3825 851 3878 al.
874 3839 927 3877 et
950 3827 1061 3897 Bip.
1086 3827 1183 3878 Eu.
1292 3825 1426 3880 obr.
1453 3855 1526 3866 —-
1551 3827 1722 3896 Quum
1750 3825 1962 3878 duceris.
1993 3823 2078 3876 Ad
2105 3821 2307 3892 suppli·—

272 3922 325 3956 2.
356 3904 417 3956 Si
438 3903 731 3976 contigisset
736 3903 1013 3976 felicitati.
1034 3901 1217 3957 Thad-
1296 3906 1465 3970 cium,
1480 3919 1540 3958 ut
1553 3908 1747 3978 passim
1764 3906 2046 3959 Suetonius
2059 3939 2076 3970 ,
2089 3903 2304 3968 Seneca,

196 3982 352 4038 daeus
378 3996 431 4036 et
456 3981 705 4035 AErodius
722 3982 1000 4055 felicitate.
1034 3983 1217 4036 Corri-
1294 3987 1502 4054 Livius,
1525 3987 1712 4040 Florus
1735 4000 1787 4040 et
1807 3986 1913 4038 alii.
1932 4013 2000 4026 -
2019 3983 2158 4050 Hos,
2182 4001 2308 4054 quos

192 4085 266 4136 ge
282 4086 299 4116 z
324 4063 471 4134 Quid
488 4083 632 4116 nunc
654 4065 749 4118 tibi
767 4064 1028 4136 proderit,
1048 4065 1220 4118 misen-
1297 4082 1630 4138 sumpseram.
1663 4065 1718 4120 V
1712 4083 1767 4118 os
1788 4083 1841 4136 q.
1869 4083 1906 4116 s.
1937 4062 2206 4114 Francius.
2237 4087 2308 4100 —-

198 4149 337 4198 n'me
360 4144 687 4213 adolescens,
714 4146 858 4218 quod
881 4144 1135 4200 modestus
1162 4144 1218 4198 in
1300 4147 1495 4199 Merui.
1523 4145 1712 4200 Metui.
1737 4145 1955 4198 Senum.

1982 4233 2060 4289 18.
2149 4205 2158 4218 ⁸
