2855 4871
611 473 1448 542 DECLAMATIONES.
1497 475 1877 543 CCXLVI.
2213 501 2236 541 ι
2259 501 2280 540 1

186 599 473 672 utinam
520 626 813 672 noverca
853 599 1030 672 illud
1072 599 1303 672 statim
1348 624 1703 671 venenum
1754 600 2045 673 dedisset
2074 657 2093 690 ‚
2147 628 2292 700 quo

186 717 335 788 vita
360 715 772 787 auferretur!
806 714 923 787 illa
947 713 1231 813 potione
1257 735 1756 814 consumptum
1789 735 1928 788 tota
1949 716 2178 789 civitas
2203 715 2291 789 ad

196 857 453 930 rogum
488 829 791 920 tulisset,
827 829 1230 902 celebrasset
1260 828 1533 920 laudes3
1567 829 1775 904 etiam
1808 833 2134 930 temporis
2168 831 2295 904 dis-

196 947 469 1018 crimen
517 945 821 1016 multum
876 945 1206 1017 attulisset
1244 943 1771 1019 admirationis:
1817 945 1939 1018 illa
1987 945 2296 1019 dicerent

198 1060 557 1148 homines,
582 1086 727 1132 non
759 1059 1152 1132 tulissemus
1177 1059 1323 1132 haec
1344 1075 1391 1150 ¹,
1418 1061 1475 1132 si
1499 1035 1788 1133 vixisset.
1813 1063 1962 1159 Ego
1981 1117 2000 1150 ,
2031 1061 2293 1160 inquit,

194 1195 475 1246 tantum
504 1174 743 1246 animo
776 1175 966 1247 bono
1005 1174 1158 1247 feci.
1205 1175 1611 1248 Erubescite
1645 1195 1926 1266 matres,
1957 1203 2110 1276 quae
2142 1201 2300 1247 am·-

196 1289 417 1388 plexae
448 1309 747 1362 armatos
768 1286 917 1389 jam
951 1287 1235 1380 liberos,
1268 1288 1502 1389 impiae
1531 1311 1766 1362 tamen
1787 1290 1942 1392 jam
1975 1291 2126 1362 estis
2157 1290 2296 1362 mei

198 1405 524 1505 exemplo
558 1433 573 1477 :
610 1405 896 1478 inventa
936 1425 1037 1476 est
1070 1425 1209 1478 tota
1241 1404 1512 1477 civitate
1552 1405 1772 1506 magis
1809 1420 2111 1479 amaret²
2156 1432 2298 1478 una

198 1547 358 1620 quae
396 1541 711 1622 parceret
758 1547 1073 1594 noverca.
1128 1521 1286 1592 Non
1338 1519 1493 1593 dico
1541 1521 1625 1594 de
1672 1520 1780 1594 his
1829 1520 2095 1612 adhuc,
2142 1546 2297 1619 quae

198 1659 446 1710 secuta
482 1659 695 1710 sunt:
742 1664 887 1711 non
919 1637 1110 1710 illam
1145 1636 1401 1738 judicii
1445 1637 1965 1711 contumeliam.
2007 1637 2298 1710 Interim

202 1775 477 1842 tamen,
518 1751 691 1851 quid
734 1751 913 1824 mihi
950 1752 1179 1851 potuit
1204 1753 1482 1851 gravius
1515 1754 1860 1827 accidere?
1891 1782 2103 1855 quam
2137 1781 2296 1853 ego,

201 1867 303 1939 dii
336 1865 659 1966 deaeque!
690 1866 959 1966 perdidi
988 1866 1466 1944 occasionem?
1503 1869 1872 1944 obtulerat
1909 1869 2088 1942 deus
2125 1891 2304 1942 tem-

204 2009 341 2082 pus
362 1985 617 2056 merita
638 1984 1083 2084 geminandi:
1117 2007 1395 2059 venerat
1420 1985 1570 2060 dies
1593 1986 2072 2088 approbandi,
2110 1985 2301 2086 quod

204 2098 475 2172 fortiter
512 2098 851 2190 feceram,
888 2100 961 2173 id
990 2127 1134 2172 non
1169 2103 1526 2176 fortunam
1557 2102 1792 2176 fuisse.
1833 2103 2090 2176 Felices
2111 2127 2305 2174 eom-

204 2213 567 2286 militones
618 2215 760 2287 mei
776 2273 795 2306 ,
849 2216 1155 2289 hostium
1196 2239 1385 2318 terga
1412 2218 1713 2310 vidistis,
1753 2217 2054 2292 calcastis
2093 2216 2303 2290 cada-

202 2353 386 2418 vera,
400 2329 759 2402 victoriam
781 2331 1140 2429 publicam
1163 2333 1467 2408 elamore
1489 2334 1623 2408 laeti
1645 2333 2001 2408 retulistis:
2025 2355 2093 2405 at
2117 2331 2302 2431 3ego,

204 2444 495 2543 quando
520 2444 983 2545 pugnandum
1010 2469 1141 2540 est,
1176 2449 1626 2551 interrogavi3
1657 2451 2079 2551 longamque
2111 2447 2304 2519 illam

204 2584 523 2633 novercae
570 2584 845 2635 noctem
894 2565 1180 2638 tandem
1234 2592 1557 2639 emensus
1612 2594 1757 2639 non
1815 2588 2050 2638 mente
2081 2620 2104 2652 ‚
2159 2588 2305 2633 non

202 2676 435 2775 gradu
484 2678 805 2769 constiti,
862 2706 941 2750 ac
986 2678 1165 2752 mihi
1215 2682 1452 2754 vicisse
1498 2682 1672 2753 cives
1717 2708 1910 2753 meos
1955 2697 2309 2750 accusator

206 2792 567 2865 indicavit.
616 2793 881 2867 Videor
926 2822 1009 2867 ex
1048 2822 1309 2895 mag-na
1359 2820 1552 2899 parte
1569 2856 1588 2889 ,
1639 2798 1854 2869 etiam
1897 2794 2307 2895 approbasse

206 2930 498 2979 causam
546 2908 863 3007 proximo
897 2907 1171 3010 judicio
1208 2936 1222 2980 :
1272 2937 1411 3007 quo
1459 2912 1652 2983 enim
1697 2910 1909 2981 modo
1951 2909 2308 2983 absolutus

204 3048 371 3095 sum
384 3078 405 3111 ,
426 3022 563 3095 nisi
582 3022 699 3096 illa
722 3026 1099 3099 accusatori
1126 3025 1432 3099 dicerem
1449 3084 1469 3115 ‚
1486 3027 1610 3099 Vis
1631 3026 1885 3116 tenuit,
1917 3047 1983 3098 et
2003 3012 2308 3098 4devicta

203 3136 457 3209 mens?
1014 3112 1032 3132 ⁰

286 3324 334 3359 ι.
360 3308 487 3360 Non
527 3306 813 3362 adissemus
844 3310 967 3363 ἠως.
1010 3310 1219 3377 Scilicet
1300 3326 1463 3365 matre
1479 3312 1984 3384 parcerethouov.
2005 3312 2133 3383 Quoe
2145 3314 2310 3383 naa-qis

204 3389 373 3442 dubia
410 3386 553 3442 bella
572 3426 589 3455 .,
622 3392 841 3461 injurias
876 3390 1141 3459 hostium,
1177 3392 1222 3445 si
1298 3402 1503 3443 amaret
1517 3411 1652 3460 una,
1674 3408 1791 3466 quoe
1806 3402 2052 3464 parceret.
2079 3390 2213 3443 Obr.

204 3472 425 3525 vixisset
448 3468 543 3523 me
564 3472 803 3543 egregius
823 3469 973 3525 miles
988 3510 1005 3539 ‚
1024 3474 1105 3526 vel
1122 3492 1221 3547 po·
1372 3473 1422 3527 3.
1439 3475 1513 3529 At
1533 3493 1644 3549 ego.
1667 3474 1834 3547 Lege,
1857 3486 1912 3526 at
1934 3492 2029 3547 eqo
2047 3472 2192 3542 (scil.
2217 3492 2307 3524 ex-

206 3552 319 3603 tius
344 3551 389 3603 si
411 3566 523 3603 non
544 3568 791 3623 soporem
808 3550 1046 3605 bibisset.
1302 3556 1582 3626 perr-ectus)
1615 3552 1824 3627 quando
1843 3550 2186 3627 puqnandum
2206 3550 2314 3604 est?

282 3646 332 3681 ο.
358 3629 494 3681 Tota
528 3630 742 3682 civitate
770 3642 984 3683 amaret.
1010 3630 1221 3684 Scribe:
1306 3632 1635 3705 intenoqavi.
1664 3630 1884 3684 Scnmm
1909 3631 2107 3703 recepit
2127 3631 2240 3702 Bip.

206 3709 435 3762 Inventa
448 3718 527 3763 est
542 3717 654 3759 tota
670 3707 913 3774 civitate,
930 3709 1097 3782 maqis
1110 3728 1223 3761 ma·
1374 3710 1426 3777 4.
1469 3710 1524 3765 V
1521 3708 1562 3764 1⁹5
1599 3711 1764 3764 tenuit
1811 3722 1863 3762 et
1901 3709 2102 3761 devicta
2147 3726 2306 3760 mens.

210 3800 315 3856 tre,
354 3808 494 3857 una,
532 3808 653 3863 qua·
684 3800 944 3861 parcent,
984 3806 1220 3843 noverca.
1301 3786 1470 3862 Lege,
1504 3790 1760 3842 devincta.
1786 3790 2026 3843 Gaonov.
2056 3789 2310 3841 Devincta

206 3866 312 3921 hoc
338 3882 446 3939 est,
482 3886 599 3921 una
631 3884 890 3933 noverca,
916 3886 1031 3941 quae
1056 3870 1221 3939 magis
1301 3870 1459 3921 etiam
1481 3866 1843 3939 Schultingius
1870 3870 2186 3938 conjecerat.
