2855 4871
633 427 1472 528 DEcLsMATIONES.
1520 433 1824 498 CCCLI.
2150 439 2276 520 445

165 553 345 620 nihil
383 555 554 620 scire
594 554 887 620 exsulem
907 579 964 636 ις
1006 577 1418 644 supervacuo
1458 561 1776 624 revocari.
1824 562 2113 627 Caeteros
2160 587 2278 628 au-

167 677 347 742 tem,
385 662 500 750 qui
529 662 788 726 attoniti
823 677 1042 741 erant,
1077 661 1484 744 decrevisse,
1522 665 1687 730 tanti
1722 689 1857 730 non
1898 689 2043 732 esse
2082 670 2279 736 unius

167 769 422 834 exsulis
457 767 784 848 reditum,
825 787 898 834 ut
939 769 1188 836 diutius
1231 771 1344 835 tali
1386 789 1575 837 metu
1617 773 1895 841 sollicita
1942 791 2282 841 teneretur

170 873 427 938 civitas.
455 875 601 938 Hoc
627 873 970 938 decretum
995 889 1262 939 senatus
1285 898 1423 939 non
1444 875 1755 942 omnibus
1780 877 1982 944 fuisse
2006 897 2278 945 notum:

171 983 428 1046 etenim
455 981 876 1046 festinatione
900 1003 1172 1072 quoque
1197 982 1267 1045 in
1293 981 1623 1072 ejusmodi
1646 1000 1829 1049 metu
1845 1035 1861 1065 ,
1888 989 2282 1076 praecipitari

172 1087 395 1154 solere
422 1089 642 1152 omnia
667 1111 681 1150 :
711 1087 929 1176 legem
957 1087 1136 1153 illam
1155 1138 1172 1168 ‚
1199 1111 1350 1178 quae
1382 1090 1677 1154 exsulem
1706 1090 1878 1156 intra
1904 1091 2070 1158 fines
2086 1093 2283 1184 jube-

173 1211 281 1260 ret
310 1193 560 1275 occidi,
587 1195 838 1259 nemini
863 1196 1066 1260 fuisse
1093 1197 1427 1284 ignotam:
1456 1219 1613 1260 eum
1640 1197 1868 1285 igitur,
1902 1200 2016 1288 qui
2040 1201 2283 1266 multos

173 1302 482 1367 inimicos
507 1300 782 1366 haberet
798 1349 815 1380 ,
843 1325 979 1366 non
1005 1301 1316 1367 omnibus
1341 1301 1613 1368 decreto
1646 1320 1913 1370 senatus
1932 1355 1949 1384 ‚
1976 1307 2283 1373 omnibus

165 1409 326 1499 jure
367 1408 608 1472 exsulis
646 1423 840 1486 noto,
883 1408 1054 1473 intra
1091 1409 1259 1474 fines
1303 1410 1631 1490 occisum,
1676 1432 1810 1475 non
1855 1434 1998 1477 esse
2041 1415 2285 1479 miran-

178 1513 368 1578 dum.
411 1512 705 1600 Multum
744 1511 1014 1602 adjuvat
1058 1515 1128 1576 in
1171 1513 1562 1578 defensione
1612 1537 1917 1603 personae
1970 1515 2283 1599 divitem,

179 1617 368 1709 quod
413 1634 514 1682 est
551 1619 844 1706 integer:
889 1619 958 1680 in
997 1640 1128 1708 qua
1169 1634 1356 1704 parte
1397 1619 1593 1683 etiam
1630 1621 1894 1708 gloriari
1924 1637 2178 1709 potest,
2215 1641 2287 1688 ut

179 1727 361 1793 dicat
387 1749 456 1790 se
482 1725 700 1791 odisse
725 1727 924 1790 etiam
945 1726 1198 1790 aliena²
1225 1727 1493 1792 scelera.

881 1911 1585 1978 DECLAMATIO.

282 2051 770 2149 Tyrannidem
799 2079 1004 2152 paro:
1032 2051 1224 2124 vides
1257 2054 1449 2124 enim
1477 2080 1491 2122 :
1531 2079 1697 2124 cum
1730 2052 2071 2126 sceleratis
2110 2052 2291 2124 mihi

183 2168 548 2238 convenit:
575 2169 870 2240 revocari
893 2167 1156 2240 exsules
1171 2168 1354 2256 volo,
1373 2195 1520 2242 non
1542 2167 1758 2240 etiam
1782 2166 1983 2240 ficta³
2005 2167 2289 2239 illorum

189 2283 480 2356 consilia
513 2283 982 2383 deprehendo.
1018 2288 1130 2356 An
1169 2311 1337 2383 ego,
1383 2285 1441 2356 si
1488 2285 1621 2356 hoc
1657 2284 2063 2383 cogitassem
2086 2342 2104 2373 ,
2146 2306 2290 2355 tam

188 2419 424 2499 aperte
461 2400 700 2473 omnia
732 2399 1068 2501 egissem?
1099 2421 1170 2473 et
1197 2401 1346 2501 ipse
1379 2401 1826 2501 potissimum
1862 2399 1951 2473 ad
1985 2399 2290 2473 exsulem

191 2512 530 2587 misissem
550 2514 628 2585 4?
654 2517 972 2615 protinus
1006 2543 1122 2589 me
1153 2543 1231 2588 ac
1265 2516 1703 2617 propositum
1742 2542 1983 2587 meum
2015 2514 2291 2587 nocenti

269 2665 310 2698 ι.
335 2645 494 2699 Nihil
512 2648 636 2700 scire
657 2648 900 2701 exsulem.
926 2648 1087 2701 Nihil
1106 2649 1199 2701 sci-

191 2746 274 2793 re,
299 2727 528 2780 exsulem
549 2747 665 2801 sup.
689 2748 824 2782 revo.
849 2727 1034 2780 AErod.

1279 2648 1361 2699 nis
1385 2666 1585 2718 genus,
1611 2644 1759 2718 qnod
1792 2664 1953 2716 snpra
1986 2663 2095 2695 non
2129 2642 2294 2695 semel

1281 2725 1497 2797 quidem
1518 2762 1535 2791 ‚
1574 2739 1630 2777 at
1668 2726 1864 2795 passim
1896 2743 1996 2777 nos
2036 2722 2295 2789 offendit,

267 2824 314 2858 2.
341 2806 536 2858 Aliena
565 2807 772 2860 scetem.
808 2810 962 2859 Hunc
997 2807 1087 2879 qni
1118 2808 1202 2857 in-

191 2886 443 2940 scribitur
469 2906 763 2940 ser-monem
791 2907 821 2939 a
844 2888 1200 2939 Declamatio-

193 2986 324 3021 num
362 2986 556 3037 genere
591 2986 702 3018 non
735 2968 964 3019 multum
1005 2967 1205 3019 distare

189 3046 390 3119 liquet,
416 3060 468 3098 et
486 3046 856 3099 tantummodo
877 3064 941 3097 ex
961 3048 1202 3098 oratione

197 3126 416 3197 obliqua
440 3123 684 3189 differre3
709 3127 762 3177 in
783 3144 890 3195 quo
911 3125 1050 3175 enim
1071 3136 1131 3174 ut
1150 3124 1202 3174 in

195 3206 394 3257 eoeteris
429 3222 538 3255 non
572 3218 740 3256 status
776 3204 1076 3275 quaestionis
1107 3200 1205 3253 ha-

195 3283 404 3337 bendus
425 3286 612 3355 agitur,
633 3298 723 3336 aut
747 3297 1008 3356 pracepta
1035 3282 1103 3335 de
1128 3302 1206 3335 ra-

197 3366 348 3416 tione
365 3362 577 3415 dicendi
589 3402 606 3427 ‚
627 3377 720 3415 aut
739 3362 1005 3415 dividendi
1025 3380 1207 3433 expro-

199 3458 434 3505 muntur,
458 3442 553 3494 sed
574 3444 689 3513 ipsa
715 3462 796 3495 res
821 3440 1122 3514 diligentius
1153 3455 1205 3494 et

199 3520 536 3593 explicatius,
561 3539 720 3591 quam
749 3522 802 3572 in
829 3521 1094 3592 plurimis,
1117 3540 1204 3572 ve-

197 3600 298 3653 luti
339 3614 748 3671 nuncupantur,
790 3599 1206 3652 Declamationi·

199 3680 320 3747 bus,
337 3693 608 3733 tractatur.
628 3681 882 3732 Caeterum
898 3679 1022 3731 iude
1037 3698 1206 3751 usque

1281 2826 1402 2859 cum
1437 2805 1673 2857 redivivo
1704 2804 1895 2856 harum
1921 2803 2291 2856 Declammatt.

1286 2884 1653 2935 Tractatoerum
1714 2881 1868 2935 titulo
1927 2882 2249 2933 conferimus
2275 2903 2291 2945 ς

1281 2965 1424 3015 forte
1456 2962 1665 3015 licuerit
1694 2962 1820 3015 hinc
1853 2961 2008 3014 nobis
2044 2963 2295 3033 effingere

1285 3042 1412 3115 quid
1432 3054 1685 3095 tractatas
1701 3041 1937 3095 Declam.
1957 3041 2153 3095 Fabius
2180 3060 2295 3096 esse

1283 3123 1544 3185 voluerit3
1572 3143 1765 3195 nempe
1795 3126 1847 3175 in
1876 3122 2066 3194 quibus
2095 3124 2295 3177 thema-

1287 3205 1350 3255 tis
1372 3216 1679 3273 argumenta
1696 3203 2005 3273 simpliciter
2020 3222 2296 3275 exponun-

1285 3296 1390 3348 tur,
1410 3301 1583 3334 causae
1599 3285 1802 3334 viscera
1822 3282 2109 3347 nudantur,
2130 3300 2296 3334 remo-

1285 3363 1352 3414 tis
1385 3361 1656 3413 coloribus
1674 3400 1693 3427 ‚
1722 3375 1773 3413 et
1802 3360 2053 3412 omnibus
2082 3378 2195 3432 quae
2227 3359 2297 3413 ad
2405 3355 2413 3366 ¹

1284 3442 1511 3495 affectus
1534 3442 1828 3495 movendos
1852 3442 2137 3513 pertinent.
2162 3440 2295 3493 Vide

1282 3522 1488 3573 Fabi-ic.
1521 3540 1583 3573 ex
1612 3521 1743 3572 Bibl.
1773 3518 1862 3570 lat.
1890 3518 2039 3589 qnod
2066 3520 2119 3570 in
2154 3532 2293 3571 nost.

1285 3598 1392 3651 vol.
1413 3603 1480 3663 V,
1506 3598 1654 3669 pref.
1683 3598 2060 3667 excerpsimus.
2088 3598 2179 3649 En.

1356 3678 1408 3730 3.
1452 3679 1576 3731 Non
1619 3678 1775 3729 etiam
1805 3676 1976 3747 facta.
2010 3678 2129 3728 Vet.
2174 3674 2293 3727 cod.

199 3761 268 3815 ad
285 3760 522 3813 Declam.
543 3762 828 3825 CCCLXV,
843 3760 1020 3811 videre
1038 3774 1116 3813 est
1135 3775 1210 3812 ta·
1275 3756 1437 3831 ficta,
1456 3757 1667 3809 rectius.
1690 3760 1837 3809 Pura.
1856 3758 1983 3809 Non
1997 3757 2134 3807 enim
2144 3756 2300 3827 facta

199 3841 276 3894 les
315 3858 584 3894 sermones
602 3880 617 3905 ,
655 3842 710 3891 in
752 3838 946 3911 quibus
983 3841 1207 3891 confun-

201 3920 402 3973 duntur
442 3921 866 3973 Declamationes
886 3958 903 3984 ‚
943 3938 1075 3990 quas
1115 3931 1208 3971 aut

199 3997 410 4063 nullas,
433 4012 494 4049 nt
523 3997 834 4070 plerumque
868 3998 958 4062 fit,
992 4011 1082 4049 aut
1115 3996 1210 4048 ad—

201 4074 424 4129 modum
448 4076 688 4146 exiguas‚
711 4078 822 4147 jam
851 4092 992 4127 nunc
1017 4075 1208 4145 depre-

202 4150 515 4209 hendemus.
540 4158 722 4229 ltaque
737 4192 756 4228 ²
781 4155 826 4207 si
847 4152 990 4210 istud
1015 4156 1213 4207 oratio-

1291 3837 1539 3901 ilhvrum,
1564 3856 1669 3888 non
1704 3834 1923 3889 consilia
1954 3834 2293 3907 deprehendo.

1287 3916 1506 3968 Senum.
1554 3916 1693 3985 Quin
1730 3915 1885 3965 etiam
1908 3910 2043 3985 ficta
2057 3952 2077 3981 ‚
2115 3914 2292 3966 AErod.

1295 3992 1429 4046 Volo
1452 4012 1593 4055 nom
1620 3994 1786 4063 Quin,
1812 4010 1975 4062 marg.

1361 4074 1414 4139 4.
1438 4073 1513 4123 Et
1533 4072 1638 4143 ipse
1656 4070 1831 4142 potius
1850 4072 1923 4121 ad
1942 4069 2167 4122 exsulem
2196 4074 2297 4124 mi-

1289 4155 1479 4208 sissem.
1504 4153 1670 4205 Immo
1687 4190 1703 4219 ‚
1732 4150 1945 4206 ivissem.
1970 4152 2032 4209 ln
2050 4152 2296 4210 Themat.
