2855 4871
707 459 1545 526 DECLAMATIONES.
1591 460 1757 526 Vll.
2150 462 2274 529 533

202 581 446 655 mentis
467 581 707 684 projici
723 582 957 683 jussit,
987 603 1067 656 ut
1082 582 1230 684 jam
1255 608 1382 655 nec
1406 604 1601 682 pater
1628 604 1853 683 posset
1882 611 2272 683 agnoscere.

200 696 591 786 Miramini,
624 698 681 769 si
729 698 815 769 ab
862 696 1177 769 hostibus
1226 697 1479 797 sepulti
1525 698 1725 771 sunt?
1771 699 1998 771 nullos
2044 701 2142 771 sic
2187 702 2274 772 ab

201 809 329 882 isto
348 836 491 884 esse
515 832 721 884 tortos
738 869 757 903 ‚
783 812 917 884 nisi
947 812 1245 911 captivos
1262 868 1281 901 ,
1309 832 1635 915 putarent
1650 826 1700 883 ¹.
1730 812 2116 887 Proditores
2138 842 2278 913 pu-

200 946 294 997 tas
312 982 329 1017 ,
365 954 538 1024 quos
560 949 704 999 tam
736 928 1019 1017 misere,
1052 948 1335 1027 tamque
1365 928 1732 1001 crudeliter
1759 930 2041 1029 punitos
2068 930 2279 1003 hostis

196 1068 338 1113 non
361 1041 748 1115 vindicavit.
779 1045 1151 1141 pauperes,
1178 1041 1442 1141 inquis,
1468 1064 1661 1116 erant
1676 1074 1695 1134 ;
1718 1065 1783 1117 et
1814 1045 1970 1117 ideo
1994 1069 2278 1145 potuere

198 1156 577 1256 corrumpi:
604 1182 727 1255 age
747 1213 766 1246 ,
795 1157 952 1255 quis
976 1156 1193 1229 nescit
1217 1157 1373 1229 illos
1398 1157 1555 1230 ideo
1579 1157 1865 1257 perisse,
1892 1159 2083 1256 quod
2107 1160 2284 1233 divi-

194 1272 313 1346 tias
333 1272 545 1345 nimis
568 1270 900 1346 oderant?
928 1274 1152 1373 Super
1177 1273 1415 1372 ignem
1449 1300 1698 1374 corpus
1729 1275 2181 1367 extenditur2,
2212 1300 2280 1351 et

191 1388 357 1461 irato
403 1388 798 1488 imperatori
834 1409 1046 1461 tortor
1080 1414 1225 1460 non
1268 1388 1557 1462 sufficit:
1598 1390 1864 1481 uritur,
1903 1411 1969 1461 et
2007 1389 2281 1490 flagella

192 1504 476 1603 ignibus
500 1504 939 1605 adjuvantur.
967 1503 1297 1595 Quaeritis
1319 1504 1626 1577 exitum?
1647 1504 2089 1605 pernegavit-³
2111 1534 2126 1579 :
2150 1527 2282 1580 tor-

190 1641 324 1713 tor,
352 1620 685 1693 inimicus
711 1639 943 1693 tamen
963 1675 982 1710 ,
1010 1621 1200 1719 quod
1226 1622 1608 1718 quaerebat,
1629 1622 1894 1695 invenit
1911 1650 2036 1695 nos
2056 1622 2283 1722 prodi-

192 1758 367 1811 tores
385 1795 406 1831 ,
438 1737 559 1836 qui
588 1764 712 1837 pro
736 1756 799 1808 te
819 1794 838 1828 ,
868 1734 1089 1835 patria
1106 1793 1126 1827 ,
1152 1737 1361 1809 etiam
1392 1738 1526 1810 sub
1551 1738 1678 1811 isto
1703 1738 2171 1812 militavimus

940 1945 1133 1992 PARS
1181 1944 1524 1993 ALTERA.

289 2070 521 2167 Negas
563 2066 865 2165 potuisse
902 2064 1303 2164 corrumpi?
1346 2091 1689 2164 pauperes
1724 2067 2045 2137 fuerunt:
2075 2091 2282 2166 negas

186 2182 487 2254 voluisse
523 2178 851 2280 prodere?
890 2178 1182 2251 inimici.
1210 2182 1373 2252 Non
1408 2206 1690 2279 possum
1721 2180 1848 2251 tibi
1879 2180 2282 2280 proditionis

186 2316 687 2396 argumentum
734 2294 981 2366 afferre
1020 2294 1453 2392 praesentius:
1485 2292 1824 2393 quamdiu
1857 2294 2117 2384 vixere,
2153 2323 2286 2394 pu-

186 2434 491 2513 gnatum
534 2432 667 2486 est:
694 2439 917 2511 quum
956 2409 1133 2483 mihi
1184 2411 1416 2484 civitas
1463 2410 1826 2484 mandaret
1863 2410 2280 2510 imperium,

184 2556 336 2628 quo
380 2527 564 2600 malo
607 2527 981 2615 laboraret,
1022 2525 1375 2598 intellexit.
1416 2529 1918 2626 Imperatorem
1959 2551 2075 2597 me
2118 2525 2284 2596 fecit

184 2669 553 2716 mimicus.

266 2829 451 2881 1.Nisi
462 2828 710 2900 captivos,
718 2836 978 2899 putarent.
993 2826 1197 2880 Scribe:
1282 2826 1425 2879 tione
1463 2825 1609 2878 Decl.
1648 2825 1795 2878 xu1=
1842 2847 1864 2872 ι
1885 2822 2025 2877 Ultio
2069 2822 2282 2894 quidem

180 2909 376 2965 nullos
412 2909 485 2962 sic
520 2909 583 2960 ab
618 2909 711 2961 isto
746 2927 846 2961 em
882 2917 1061 2974 tor-tos,
1100 2907 1203 2960 nin·
1287 2906 1444 2970 «ina,
1465 2923 1574 2957 non
1595 2905 2118 2976 quatimTyr-annus
2133 2921 2286 2956 vene·

179 2989 457 3060 captivos,
482 2998 749 3059 putarunt.
776 2990 979 3057 Nempe
1000 2983 1199 3040 hostes.
1284 3007 1307 3030 ι
1330 3002 1456 3037 num
1473 2982 1886 3055 quaesivitssege,
1903 3001 2012 3034 non
2028 2982 2285 3055 quesivit)

182 3066 391 3120 Reddit
412 3067 696 3132 rationem,
719 3081 883 3136 quare
907 3063 975 3114 ab
998 3062 1101 3114 illis
1126 3079 1201 3114 se·
1284 3085 1306 3110 ι
1327 3063 1419 3117 sed
1445 3063 1742 3116 vindicavit.
1765 3087 1788 3110 n
1819 3063 2036 3116 Senum.

182 3147 334 3222 pulti
373 3148 505 3198 sint:
544 3163 734 3217 nempe
766 3163 891 3198 suos
924 3155 1195 3216 putarunt.
1348 3145 1398 3197 3.
1430 3145 1758 3218 Pemeqavit.
1777 3146 1918 3196 Fort.
1936 3143 2108 3214 legere
2122 3162 2282 3216 pres·

184 3231 365 3282 Grion.
389 3227 667 3290 Francius,
688 3237 949 3298 putassent
968 3223 1194 3296 legebat.
1276 3239 1410 3280 taret
1447 3237 1799 3299 perneqanmt
1832 3227 1968 3278 torti.
2011 3227 2278 3278 Pmoeus.

262 3325 317 3360 2.
336 3307 507 3376 Super
518 3305 689 3378 iqnem
704 3321 885 3378 corpus
896 3305 1197 3357 extenditur.
1281 3308 1461 3362 Scribe
1489 3329 1502 3360 ε
1527 3309 1924 3382 perneqavimus
1943 3330 1958 3358 .·
1990 3317 2152 3357 tortor
2177 3305 2284 3358 int'-
2353 3333 2362 3341 ·

184 3385 620 3458 Mallem,Super
637 3383 1201 3458 eqmdeum.Gnotc.1ta
1282 3387 1447 3441 micus
1477 3399 1682 3454 tamen,
1717 3383 1854 3456 quod
1880 3383 2164 3456 querebat,
2197 3383 2282 3434 in-

186 3481 243 3522 et
268 3466 633 3537 Schultingius
658 3470 971 3537 conjecerat.
994 3495 1063 3506 -·
1085 3465 1201 3519 Uri-
1282 3467 1425 3518 vem‘t
1461 3483 1552 3517 nos
1582 3463 1879 3536 proditores.
1913 3463 2052 3512 Nam
2075 3461 2130 3511 in
2159 3477 2282 3531 per-

188 3559 295 3611 tur,
331 3543 623 3622 etflaqella
651 3546 847 3616 {quibus
870 3545 1199 3616 adjuvantur.
1280 3561 1412 3597 sona
1453 3555 1784 3595 mortuorum
1822 3539 2073 3610 loquitur.
2113 3538 2276 3591 onon.

186 3632 387 3681 Forte:
420 3627 565 3694 Urit,
588 3623 871 3702 etflaqella
892 3625 1093 3699 ignibus
1109 3626 1204 3685 ad-
1279 3625 1436 3676 Forte
1457 3623 1676 3686 rectius,
1696 3639 1823 3672 num
1842 3620 2041 3674 invenit
2058 3638 2150 3672 nos
2160 3637 2282 3691 pvo-

178 3700 365 3779 Ῐῒιυατ.
389 3705 550 3762 Grion.
575 3706 731 3756 Iterat
757 3701 913 3755 dicta.
940 3703 1103 3756 Simili
1126 3721 1204 3755 ra-
1282 3701 1499 3754 dt‘tores?
1525 3699 1740 3752 Senum.
