2855 4871
599 419 1441 489 DECLAMATIONES.
1491 423 1909 513 CCCXLII.
2180 427 2307 514 409

203 550 409 622 cessit
439 547 654 620 ultra:
699 547 1015 619 dicebam
1039 559 1086 633 ¹3
1115 544 1457 617 Habitum
1500 567 1831 620 matronae
1854 605 1871 637 ,
1905 566 1971 618 te
2002 545 2271 618 volente
2289 603 2308 635 ,

202 666 538 764 sumpsit;
571 665 697 738 iter
717 684 1082 760 tamquam
1110 681 1425 733 matrona
1454 662 1761 761 ingressa
1788 683 1921 751 est3
1946 683 2011 735 te
2035 661 2309 734 volente

204 780 296 851 ad
322 779 578 879 piratas
604 800 968 874 tamquam
995 774 1136 846 filia
1160 776 1351 847 venit
1385 798 1547 866 tua;
1581 799 1646 849 te
1676 779 1947 850 volente
1973 776 2313 877 approba-

203 895 307 964 vit
339 920 410 966 se
440 893 733 966 liberam
763 913 830 966 et
861 891 1242 989 ingenuam
1270 922 1288 979 ;
1325 911 1387 963 te
1423 893 1633 966 etiam
1664 893 1937 967 volente
1973 893 2045 964 in
2076 893 2311 965 matri-

205 1008 450 1080 monio
493 1008 666 1097 fuit,
707 1029 1070 1105 tamquam
1121 1006 1385 1096 libera;
1436 1007 1632 1080 heres
1680 1007 1915 1080 relicta
1957 1029 2089 1098 est,
2132 1027 2311 1079 tam-
2384 1025 2393 1036 ·

204 1148 426 1220 quam
459 1121 696 1193 libera.
727 1121 1003 1191 Horum
1034 1119 1360 1193 omnium
1383 1120 1504 1222 jus
1538 1149 1579 1192 a
1613 1140 1735 1193 tua
1764 1121 2121 1194 voluntate
2154 1148 2313 1220 pro·

202 1238 474 1309 fectum
509 1263 783 1309 necesse
814 1255 949 1327 est,
999 1235 1122 1333 qui
1154 1235 1427 1308 voluisti
1460 1236 1843 1328 dimittere,
1879 1238 2000 1337 qui
2034 1236 2309 1308 voluisti

205 1373 575 1452 tamquam
635 1352 921 1426 liberam
979 1351 1346 1425 dimittere.
1414 1355 1581 1425 Haec
1639 1354 1938 1426 dicerem
1964 1411 1985 1445 ‚
2047 1353 2312 1426 etiamsi

205 1469 448 1568 piratae
499 1489 772 1542 tantum
821 1469 1152 1541 vicariam
1203 1469 1596 1568 petiissent:
1644 1497 1833 1543 nunc
1884 1498 2045 1543 vero
2088 1496 2313 1566 quum

207 1584 628 1686 adjecerint,
659 1606 737 1656 ut
759 1612 915 1656 eam
940 1582 1270 1656 vicariam
1297 1585 1638 1675 mittereS,
1670 1612 1821 1684 quae
1858 1585 1931 1656 in
1963 1584 2314 1658 matrimo-

205 1697 334 1770 nio
362 1697 788 1797 archipiratae
818 1719 1026 1789 esset,
1054 1698 1358 1770 dubitari
1390 1725 1535 1770 non
1565 1720 1818 1798 potest,
1851 1701 2025 1798 quin
2058 1721 2135 1771 tu
2160 1725 2315 1770 eam

207 1814 514 1902 miseris,
539 1833 904 1911 tamquam
927 1812 1224 1885 liberam
1255 1813 1608 1886 futuram?
1638 1817 1804 1887 Haec
1834 1813 2023 1914 quod
2051 1814 2139 1886 ad
2158 1814 2311 1914 jus:

207 1929 334 2000 illa
366 1928 558 2028 quod
585 1929 675 2000 ad
711 1927 1290 2026 merita².’Digna
1318 1948 1455 2017 est,
1486 1955 1639 2026 quae
1672 1929 1757 2002 sit
1788 1928 2010 2001 libera
2030 1986 2048 2019 ,
2086 1929 2313 2000 filium

209 2044 341 2117 tibi
367 2046 702 2118 restituit:
736 2044 792 2117 si
822 2065 1096 2118 tantum
1131 2043 1256 2116 filii
1287 2045 1389 2116 tui
1411 2045 1723 2143 ,pretium
1754 2046 2022 2136 fuisset,
2051 2044 2317 2116 videre-

210 2179 331 2231 tur
363 2181 600 2232 tamen
627 2159 811 2232 bene
844 2159 1201 2232 meruisse.
1241 2161 1450 2232 Nunc
1489 2187 1706 2259 quam
1741 2160 1969 2233 multa
2006 2159 2198 2231 addit
2230 2159 2318 2230 ad

211 2273 475 2346 fidem?
513 2294 778 2373 poterat
817 2294 885 2344 et
925 2301 1288 2346 remanere
1331 2273 1521 2373 apud
1565 2275 1859 2373 pirataS‚
1904 2296 1971 2348 et
2015 2274 2317 2374 obligare

209 2390 372 2464 illos
403 2389 534 2465 hoc
569 2389 812 2463 indicii
841 2389 949 2463 sui
985 2389 1350 2463 beneficio.
1388 2389 1524 2464 Sed
1548 2417 1694 2464 non
1725 2391 2153 2465 confessione
2175 2413 2319 2465 tan-

209 2530 368 2579 tum
394 2506 724 2580 effectum
746 2526 847 2578 est
863 2562 882 2596 ,
905 2526 982 2577 ut
1003 2507 1145 2579 filia
1162 2527 1283 2579 tua
1305 2506 1650 2579 videretur
1670 2535 1685 2578 :
1696 2507 2317 2615 0quemadmodum

211 2622 577 2723 complexa
613 2643 713 2696 est
750 2622 869 2693 illa
912 2621 1357 2695 catenatum?
1391 2622 1663 2721 quoties
1698 2624 1979 2693 fratrem
2012 2620 2319 2693 vocavit?

212 2764 432 2835 quam
461 2734 690 2809 veras³
724 2737 1060 2834 lacrymas
1084 2736 1429 2837 profudit?
1452 2735 1711 2836 optime
1732 2755 2079 2807 meruerat
2108 2735 2193 2806 de
2218 2754 2315 2822 te,

214 2874 282 2925 et
313 2852 450 2925 hoc
475 2854 660 2953 ipsc,
694 2852 1176 2955 quod‘reversa
1209 2875 1330 2927 est.

1074 3066 1442 3131 SERMO.

307 3224 435 3287 Hic
467 3246 664 3311 parce
699 3224 968 3315 quidem
1005 3224 1431 3315 stringendus
1464 3226 1588 3290 erit
1616 3220 1837 3313 pudor
1862 3222 2092 3312 patris,
2124 3222 2318 3286 strin-

215 3327 476 3419 gendus
512 3330 637 3395 erit
659 3348 882 3397 tamen
901 3382 916 3412 ,
951 3348 1292 3423 tamquam
1316 3331 1543 3422 cupidi
1569 3347 1635 3397 et
1656 3329 1833 3395 avari
1852 3378 1869 3410 ,
1901 3345 1968 3394 et
1995 3325 2320 3393 heredita-

293 3526 339 3559 ι.
373 3508 527 3560 Ultra
550 3508 798 3562 dicebam.
833 3510 981 3563 Ultra
1007 3523 1068 3563 ut
1092 3510 1229 3565 dice·-
1379 3512 1430 3564 3.
1470 3512 1638 3579 Quam
1672 3528 1831 3561 veras.
1868 3508 1985 3572 Au,
2020 3524 2179 3579 quam
2214 3522 2319 3556 cre·

217 3590 367 3654 bam,
393 3588 598 3641 Schult.
1307 3592 1455 3645 bras?
1485 3590 1601 3642 Sca.
1640 3588 1741 3641 Sed
1775 3590 1850 3639 uic
1869 3585 2019 3658 falsa
2056 3584 2319 3656 lacrymu-

291 3686 340 3719 2.
363 3667 652 3739 Hoecquod
667 3666 861 3740 adjus,
885 3668 983 3721 illa
1001 3670 1145 3743 quod
1158 3670 1230 3721 ad
1310 3670 1364 3723 Ia
1377 3674 1499 3722 Ter.
1518 3670 1651 3721 Eun.
1671 3669 1723 3735 1,
1746 3685 1790 3735 t,
1814 3684 1876 3718 22
1897 3688 1909 3717 :
1938 3680 1991 3718 ct
2014 3664 2319 3736 soepefalsoe

217 3749 423 3799 merita.
449 3748 580 3799 Sunt
610 3761 662 3800 et
690 3750 788 3801 ista
815 3750 994 3818 potius
1018 3748 1227 3802 Sermo·
1310 3748 1589 3819 lacrymae,
1636 3760 1690 3799 et
1732 3762 1861 3797 veroe
1904 3755 2206 3795 occurrunt.
2248 3744 2318 3793 Ut

215 3827 333 3891 nis,
371 3838 425 3877 et
457 3826 607 3899 quod
645 3830 885 3898 sequitur
919 3830 1112 3899 pagina
1143 3847 1229 3882 se-
1307 3826 1653 3901 persuaderet
1676 3844 1733 3877 se
1756 3844 1869 3877 esse
1889 3837 2210 3887 matronam,
2231 3818 2318 3873 de-

215 3920 436 3977 quente.
463 3908 632 3977 Quam
652 3927 856 3961 causam
871 3948 890 3975 ,
914 3922 1014 3961 etc.
1040 3906 1229 3961 Decla—
1309 3906 1427 3960 buit
1446 3925 1594 3959 veras
1614 3902 1963 3977 profundere;
1982 3901 2065 3953 vel
2086 3918 2201 3970 quae
2220 3899 2319 3950 sal-

219 3985 468 4036 marionis
493 3984 714 4037 videtur.
742 3986 886 4038 Prru.
912 3984 1022 4039 Illa
1039 4007 1144 4059 quo
1163 3987 1235 4039 ad
1312 4000 1418 4039 tem
1433 3984 1735 4037 viderentur
1748 4000 1900 4034 verae.
1920 3980 2155 4031 Bunu.—
2170 3977 2322 4048 Quod

219 4062 740 4133 oequitaoem‚merita
753 4074 825 4117 est
836 4083 950 4135 quoe
969 4065 1034 4117 sit
1052 4064 1228 4132 libem,
1311 4084 1509 4119 reversa
1539 4074 1628 4116 est.
1658 4064 1728 4113 Ut
1765 4060 1862 4113 tibi
1888 4062 1977 4130 jue
2006 4069 2318 4131 patronatus

223 4141 486 4193 AErodius.
1316 4158 1455 4197 esset
1477 4146 1755 4213 integrum.
1783 4140 2004 4193 Senum.
