2855 4871
576 445 708 534 450
1104 441 1200 517 M.
1248 439 1499 512 FABn
1543 439 2181 522 QUINTILIANI

573 715 826 743 νινννννι
2218 733 2227 740 ,
2292 709 2669 737 mmm

1420 913 1845 990 CCCLV.

1247 1146 1465 1215 Tutor
1486 1142 1810 1215 lenocinii
1842 1168 2014 1215 reus.

579 1346 862 1431 Pupillus
893 1365 1036 1404 cum
1067 1355 1272 1402 tutore
1305 1341 1529 1422 agebat
1560 1340 1803 1416 tutelae3
1842 1353 2009 1404 tutor
2037 1363 2181 1402 cum
2206 1342 2482 1426 pupillo,
2500 1344 2667 1404 adul.

660 1447 795 1506 terii
816 1468 828 1502 :
849 1443 1212 1503 remiserunt
1231 1441 1495 1501 invicem
1512 1441 1795 1501 actiones.
1812 1442 2139 1502 Lenocinii
2152 1455 2321 1503 tutor
2334 1464 2469 1504 reus
2486 1459 2591 1504 est.

1444 1639 1810 1705 SERMO.

669 1806 893 1871 Fuisse
929 1803 1253 1896 quosdam
1282 1805 1584 1896 utrisque
1609 1803 1951 1884 inimicos,
1974 1801 2084 1875 hic
2116 1819 2299 1874 tutor
2321 1801 2529 1886 dicet,
2561 1808 2663 1894 qui

577 1915 659 1982 ab
697 1916 886 1988 initio
925 1915 1206 1982 moleste
1241 1913 1516 1982 tulerint
1535 1935 1575 1994 ι,
1614 1936 1747 1978 non
1778 1913 1937 2003 ipsis
1962 1913 2187 2002 potius
2214 1913 2511 1984 relictam
2536 1935 2665 1978 esse

579 2025 885 2098 tutelam:
914 2039 981 2088 et
1003 2022 1320 2112 quoniam
1341 2019 1426 2089 ab
1450 2017 1577 2087 hac
1596 2019 1821 2109 praeda
1846 2021 2093 2090 exclusi
2122 2020 2281 2098 sint,
2308 2019 2667 2088 distulerint

576 2156 726 2220 spes
752 2131 992 2200 suasio
1018 2129 1198 2196 diem
1225 2127 1535 2194 ultimum
1559 2128 1821 2208 tutelae,
1852 2145 1927 2192 ut
1954 2127 2191 2193 rudem
2216 2147 2284 2194 et
2305 2129 2667 2219 imperitam

575 2239 812 2330 pupilli
839 2254 1098 2302 aetatem
1128 2234 1477 2300 fraudibus
1510 2235 1645 2300 suis
1676 2235 2311 2301 circumscriberent.
2346 2237 2432 2301 Se
2460 2253 2665 2301 autem

576 2345 802 2411 tutelae
821 2345 1140 2424 rationes,
1168 2359 1241 2407 ut
1262 2341 1579 2425 debebat,
1604 2341 2010 2408 reddidisse:
2043 2359 2355 2408 caeterum
2381 2359 2667 2410 metuen-

575 2470 746 2531 tem,
778 2473 864 2515 ne
894 2449 1202 2515 dimissus
1225 2473 1265 2513 a
1292 2474 1362 2515 se
1393 2450 1688 2538 pupillus
1724 2449 2069 2516 fraudibus
2102 2469 2168 2516 et
2190 2450 2451 2517 insidiis
2474 2450 2667 2516 inimi-

579 2583 810 2628 corum
845 2557 1518 2638 circumscriberetur,
1545 2558 1731 2623 velut
1766 2559 2039 2623 alteram
2072 2558 2215 2649 ejus
2243 2559 2519 2624 tutelam
2542 2582 2667 2649 ges-

579 2686 804 2736 turum
821 2716 838 2745 ‚
866 2666 933 2730 in
959 2664 1162 2735 domo
1187 2664 1559 2731 retinuisse.
1586 2666 1781 2733 Tunc
1804 2688 1964 2730 vero
1988 2666 2483 2735 consurrexisse
2496 2667 2665 2741 illos,

582 2773 699 2861 qui
746 2770 1020 2842 tutelam
1065 2770 1225 2857 ipsis
1271 2792 1406 2843 nou
1456 2770 1877 2843 commissam
1924 2770 2202 2837 moleste
2246 2772 2569 2851 tulerant,
2610 2786 2667 2837 et

582 2878 868 2969 graviter
893 2876 1323 2951 excanduisse
1338 2925 1359 2956 ,
1391 2899 1479 2943 ne
1502 2892 1770 2963 peracto
1800 2874 2075 2965 quidem
2096 2875 2321 2943 tutelae
2346 2895 2665 2965 tempore,

579 3010 618 3054 a
656 2983 858 3050 domo
895 2985 1132 3053 tutoris
1168 2984 1501 3073 pupillum
1542 2984 1821 3055 dimitti:
1866 2984 2113 3053 nullam
2147 2985 2561 3053 occasionem
2591 2980 2665 3049 ad

584 3090 1092 3182 despoliandum
1135 3093 1517 3181 imperitum
1539 3092 1861 3183 juvenem
1892 3092 2053 3159 dari.
2087 3094 2427 3183 Cogitasse
2462 3095 2664 3183 igitur,

584 3196 1152 3291 quemadmodum
1191 3200 1557 3291 pupillum,
1596 3224 1675 3271 ac
1708 3217 1995 3269 tutorem
2040 3217 2276 3269 mutuo
2312 3200 2545 3269 dolore
2578 3200 2667 3267 di·

583 3308 990 3377 straherent:
1025 3330 1182 3375 nam
1215 3308 1268 3377 si
1300 3310 1587 3377 rationes
1618 3326 1879 3377 tantum
1900 3310 2343 3390 infirmarent,
2370 3310 2669 3377 videbant

581 3416 882 3481 futurum
903 3466 916 3493 ,
967 3430 1040 3480 ut
1085 3414 1375 3501 optima²
1419 3417 1825 3485 conscientia
1870 3433 2049 3483 tutor
2092 3440 2230 3483 non
2272 3432 2665 3507 exspectaret

585 3518 884 3584 ultimam
906 3519 1402 3584 contentionem
1419 3518 1686 3610 judicii,
1709 3519 1826 3587 sed
1850 3544 1973 3610 per
1990 3544 2381 3588 communes
2404 3524 2662 3613 amicoS,

584 3626 1134 3715 propinquosque
1169 3626 1441 3716 pupilli,
1474 3629 1893 3693 satisfaceret.
1937 3629 2275 3694 invenisse
2308 3629 2460 3695 illos
2490 3628 2666 3695 ratio-

587 3756 778 3811 nem,
820 3753 952 3823 qua
996 3748 1234 3801 mutuo
1272 3731 1505 3802 dolore
1552 3732 2030 3803 distraherent:
2075 3734 2519 3815 summisisse,
2564 3730 2663 3827 qui

660 3944 704 3979 1.
747 3926 966 3983 Moleste
1017 3927 1249 3983 tulerim.
1297 3928 1591 3996 Tulei-unt,
1672 3946 1815 3983 mam
1830 3931 2425 4003 contentionem.Quam
2442 3930 2663 4003 sequitur

587 4002 762 4055 AErod.
789 4006 920 4060 nihil
943 4006 1008 4059 ad
1037 4026 1264 4063 sensum.
1291 4010 1386 4063 Eo.
1672 4010 1958 4076 sententia,
1982 4024 2039 4065 ut
2060 4009 2309 4063 ultimum
2333 4012 2658 4084 applicem,

657 4099 704 4132 2.
730 4082 796 4134 Ut
811 4087 1027 4155 optima.
1043 4086 1124 4137 An
1137 4127 1154 4154 ,
1181 4088 1250 4141 Ut
1267 4106 1369 4142 non
1391 4087 1591 4161 optima
1671 4086 1819 4159 quod
1841 4090 2082 4161 sequitur
2104 4108 2264 4143 mors.
2290 4090 2375 4143 Sic
2394 4088 2542 4145 Decl.
2562 4102 2657 4155 soq-

581 4160 891 4238 conscientia
904 4200 922 4231 ‚
949 4178 1048 4221 ete.
1065 4168 1089 4216 ἓ
1110 4166 1328 4221 Senot-r.
1353 4196 1426 4211 --
1447 4164 1590 4223 Ulti-
1676 4188 1701 4215 ι
1718 4168 1904 4226 ultima
1926 4168 2079 4225 ultio.
2098 4194 2122 4219 n
2152 4170 2379 4227 Senot-r.
