2855 4871
436 442 1272 510 DECLAMATIONES.
1322 443 1915 509 CCCXXXVUI.
1963 457 1970 474 ’
2097 447 2217 533 39¹

154 589 379 642 amant
418 593 571 667 quae
612 566 1038 666 pepererint3
1078 593 1230 664 quae
1276 567 1692 640 memoriam
1739 569 1978 640 decem
2019 593 2229 642 men-

155 685 203 757 si
212 711 359 775 um,
384 709 534 783 quae
557 703 659 754 tot
680 682 1151 781 periculorum
1169 739 1188 770 ,
1210 701 1308 754 tot
1330 681 1884 754 sollicitudinum
1911 683 2232 756 recorda-

154 801 363 874 tiones
390 799 477 871 ad
504 826 651 889 vos,
668 798 948 897 judices
965 856 985 887 ,
1010 799 1317 870 afferunt
1334 812 1384 869 ¹.
1408 801 1790 871 Numerate
1826 797 2038 898 hujus
2065 801 2232 872 ado-

156 917 453 989 lescentis
508 941 727 987 annos
752 969 773 1003 ,
828 915 1033 988 breve
1088 913 1392 985 nimium
1443 913 1802 987 videatur:
1861 937 2230 989 numerate

156 1059 383 1107 omnes
412 1034 595 1120 dies,
625 1031 903 1130 singula
934 1053 1330 1129 temporum
1360 1051 1758 1104 momenta:
1794 1025 2062 1104 'tamdiu
2089 1059 2232 1104 ma-

154 1169 247 1220 ter
277 1147 751 1220 testimonium
794 1146 994 1218 dicit:
1030 1145 1227 1219 nulla
1265 1165 1484 1245 potest
1517 1171 1662 1218 esse
1711 1167 1854 1218 tam
1894 1147 2102 1245 longa
2133 1147 2234 1219 si-

158 1261 453 1336 mulatio.
488 1262 559 1336 Si
586 1261 769 1360 leges
792 1261 1052 1352 sinant,
1079 1261 1631 1360 permittatisque
1653 1289 1806 1352 vos,
1831 1289 1902 1334 se
1927 1264 2232 1362 torqueri

152 1376 354 1467 volet,
388 1403 461 1449 se
492 1375 763 1476 imponi
794 1375 1109 1474 ignibus,
1143 1403 1213 1449 se
1245 1375 1646 1448 verberibus
1673 1375 1954 1448 lacerari
1989 1399 2234 1476 postu-

156 1489 258 1563 let.
310 1492 505 1583 Quid
546 1491 739 1590 agis,
790 1489 1091 1564 mulier?
1142 1512 1398 1563 temere
1449 1491 1664 1564 facis:
1711 1491 1978 1563 femina
2013 1517 2120 1582 es,
2170 1513 2236 1563 et

154 1633 345 1696 anus3
380 1607 613 1706 prima
642 1605 927 1678 forsitan
974 1625 1321 1678 tormenta
1342 1605 1726 1694 sustineas3
1751 1605 1982 1678 vincet
2012 1605 2232 1696 dolor,

156 1741 217 1793 et
254 1724 336 1795 ad
376 1749 709 1822 suprema
748 1722 1049 1794 deficies.
1094 1723 1163 1795 O
1204 1722 1730 1813 admirabilem,
1765 1721 2079 1824 judices,
2111 1749 2236 1794 vo·-
2327 1709 2332 1714 ⁵

156 1836 335 1908 cem!
386 1858 753 1935 torqueat,
810 1835 1077 1936 inquit,
1126 1836 1339 1908 modo
1390 1857 1610 1908 mater
1653 1836 1838 1908 sim:
1891 1835 2086 1910 aliud
2137 1857 2237 1909 est

158 1956 401 2045 nutrix,
436 1975 511 2027 et
536 1953 781 2027 ancilla
803 2011 824 2045 ,
853 1974 921 2025 et
950 1975 1315 2053 torquente
1350 1953 1663 2026 domino.
1692 1957 1876 2052 Age,
1906 1979 2132 2053 quum
2160 1953 2234 2024 in

156 2068 267 2140 hac
300 2095 459 2142 voce
504 2095 915 2168 supremum
958 2070 1271 2168 posueris
1316 2070 1690 2169 spiritum,
1738 2070 1852 2142 cui
1895 2069 2232 2169 juvenem

158 2183 471 2258 reddituri
491 2185 773 2257 sumus?
798 2185 1099 2258 Volesne
1118 2183 1327 2259 illum
1350 2186 1441 2260 ad
1461 2186 1650 2260 huuc
1669 2206 1940 2286 patrem
1961 2185 2233 2274 reverti,

158 2320 216 2370 et
236 2301 317 2372 ad
344 2301 545 2374 illam
573 2299 987 2373 novercam?

156 2567 2225 2603 mmmmmfflmmmmmw

840 2726 1527 2852 cccxxxix.

781 3006 1073 3103 Roqatio
1100 2952 1591 3077 Demosthenis.

154 3208 551 3291 Rogationem
578 3206 697 3269 fert
723 3203 1201 3283 Demosthenes,
1234 3224 1315 3265 ne
1348 3203 1438 3264 illi
1455 3248 1474 3279 ‚
1498 3204 1606 3285 qni
1637 3202 1804 3286 apud
1833 3200 2234 3265 Chaeroneam

222 3308 376 3389 capti
410 3318 593 3367 erant
628 3328 663 3365 a
687 3302 1015 3388 Philippo,
1052 3316 1112 3364 et
1146 3302 1335 3387 gratis
1369 3302 1641 3378 remissi,
1663 3298 1939 3362 consiliis
1969 3298 2233 3383 publicis

222 3402 521 3465 intersint.
552 3404 621 3463 C.
646 3402 724 3463 D.

828 3552 1531 3621 DECLAMATIO.

234 3714 651 3815 Priusquam
686 3742 925 3789 causas
964 3716 1333 3816 rogationis
1372 3740 1542 3787 meae
1579 3739 1984 3815 persequar,
2021 3708 2235 3783 Athe-

150 3828 449 3922 nienses,
486 3830 815 3903 succurrit
852 3829 1030 3903 mihi
1058 3830 1341 3903 laudare
1373 3856 1526 3921 vos,
1565 3850 1633 3901 et
1663 3827 2228 3927 ’adcognoscere

216 4024 257 4060 ι.
316 4009 520 4083 Affers.
584 4008 859 4083 Asson-unt.
921 4010 1141 4063 Scumr.
1224 4008 1363 4083 quod
1382 4010 1538 4081 post?
1559 4009 1776 4061 Senum-r.
1958 4016 2233 4077 eognosce-

213 4104 258 4139 α.
284 4092 353 4141 Et
368 4091 756 4164 adcoqnoscere.
783 4092 948 4163 Lege,
966 4110 1147 4164 aynos-
1223 4104 1303 4156 νε,
1324 4086 1502 4139 AErotl.
1529 4086 1604 4137 E!
1619 4100 1904 4157 aquiescere.
1927 4081 2080 4148 Post,
2099 4078 2230 4133 Ohr.

150 4182 265 4221 cere.
288 4168 455 4224 Geor.
484 4172 567 4223 An
582 4208 601 4237 ‚
622 4181 675 4222 et
694 4170 825 4224 adeo
846 4186 1144 4244 agnoscere,
1225 4164 1385 4237 Apud
1406 4165 1614 4217 Petu-on.
1641 4180 1760 4234 cap.
1784 4160 1979 4214 Lm:
2011 4176 2036 4207 ο
2055 4156 2231 4211 Adeo-
