2855 4871
605 435 731 515 408
1105 435 1198 496 M.
1247 431 1499 495 FABII
1544 429 2185 513 QUINTILIANI

602 558 792 630 esse?
816 584 958 628 non
989 576 1085 629 est
1115 555 1246 627 hoc
1285 579 1483 653 porro
1516 551 1745 624 simile
1767 567 1816 641 ¹,
1857 579 2023 624 nam
2054 553 2201 651 ipsa
2234 552 2461 623 statim
2494 577 2699 622 scena

601 699 748 744 rem
779 674 1012 745 fictam
1049 697 1190 743 esse
1217 690 1529 742 testatur.
1562 667 1754 740 Stola
1793 668 1909 739 illa
1942 669 2147 740 mimi
2182 669 2347 758 erit,
2380 695 2531 738 non
2560 667 2699 738 ho·-

598 788 814 861 minis
837 817 860 860 r
891 809 961 860 at
993 787 1237 861 eadem
1276 785 1332 856 si
1371 784 1503 855 hoc
1538 782 1783 855 habitu
1819 804 2000 855 extra
2031 809 2309 855 scenam
2340 781 2593 868 fuerit,
2630 801 2699 852 et

597 902 674 974 in
700 901 964 976 civitate
985 901 1425 1000 processerit3
1454 898 1695 970 eadem
1722 899 1843 970 illa
1854 925 2052 998 ,quae
2076 898 2247 970 solet
2266 897 2493 968 mima
2516 922 2693 982 esse,

594 1017 1060 1089 nihilominus
1089 1015 1218 1087 erit
1245 1014 1489 1114 injure
1509 1013 1890 1086 libertatis:
1920 1039 2081 1112 ergo
2109 1013 2354 1084 habitu
2389 1010 2549 1086 satis
2571 1031 2695 1081 tes-

591 1151 732 1203 tata
751 1152 850 1202 est
868 1131 1280 1202 libertatem.
1299 1127 1607 1219 QuidP's1
1627 1127 1787 1199 fecit
1806 1128 2045 1226 aliqua
2058 1149 2423 1226 tamquam
2438 1105 2694 1198 libera?

592 1247 894 1346 profecta
939 1266 1075 1338 est,
1125 1272 1374 1345 parum
1417 1265 1519 1318 est
1558 1243 1823 1334 dicere,
1867 1243 2064 1343 quasi
2110 1245 2461 1342 ingenua,
2496 1239 2691 1340 quasi

594 1361 918 1450 honesta,
956 1360 1156 1458 quasi
1195 1359 1340 1430 filia
1380 1379 1522 1431 tua.
1570 1359 1705 1430 Sed
1746 1359 1890 1429 haec
1934 1357 2213 1448 omnia,
2256 1357 2526 1456 inquit,
2566 1355 2691 1427 feci

591 1503 737 1547 non
769 1476 925 1548 ideo
945 1533 963 1566 ,
991 1475 1329 1575 quoniam
1361 1501 1518 1546 eam
1550 1474 1625 1544 in
1659 1472 1971 1546 libertate
1996 1499 2141 1544 esse
2168 1473 2515 1544 volebam.
2560 1475 2691 1542 Lex

593 1617 738 1662 non
766 1590 853 1662 ad
881 1616 1160 1663 causam
1190 1617 1314 1662 nos
1337 1589 1710 1662 voluntatis
1732 1609 1867 1660 tuae
1892 1589 2137 1680 mittit,
2167 1587 2287 1660 sed
2312 1586 2403 1660 ad
2431 1587 2688 1685 ipsam:

589 1705 662 1775 in
697 1703 1010 1776 libertate
1041 1731 1182 1776 esse
1211 1704 1527 1793 voluisti3
1564 1731 1775 1802 quare
1802 1703 2138 1794 volueriS,
2174 1702 2349 1775 nihil
2377 1703 2471 1773 ad
2498 1702 2693 1803 judi-

591 1845 743 1890 cem
767 1877 786 1908 ,
821 1818 997 1891 nihil
1035 1819 1125 1891 ad
1158 1821 1587 1893 voluntatem
1621 1819 1936 1917 pertinet.
1964 1819 2078 1889 Tu
2112 1837 2351 1888 tamen
2386 1816 2589 1887 illam
2622 1817 2691 1887 in

589 1934 904 2008 libertate
931 1961 1076 2008 esse
1107 1934 1434 2006 noluisti²
1462 1962 1475 2004 :
1512 1953 1591 2006 ut
1622 1934 2022 2032 parcissime
2051 1935 2318 2020 dicam,
2354 1931 2689 2029 maligne.

590 2051 787 2142 Quid
837 2052 895 2124 si
947 2050 1280 2123 credibile
1333 2069 1433 2121 est
1458 2104 1477 2137 ,
1525 2050 1707 2121 hanc
1758 2050 1967 2121 etiam
2020 2048 2451 2121 voluntatem
2504 2068 2689 2120 tuam

588 2168 800 2240 fuisse
818 2226 837 2257 ,
869 2188 945 2239 ut
973 2167 1092 2238 illa
1121 2167 1194 2237 in
1223 2165 1534 2237 libertate
1566 2165 1693 2236 sit?
1720 2163 1894 2261 quid
1922 2163 2158 2235 enim?
2185 2189 2329 2234 esse
2358 2162 2559 2234 illam
2584 2189 2693 2234 vo-

588 2280 775 2352 luisti
809 2280 1161 2351 ancillam.
1199 2277 1466 2380 Cujus?
1494 2305 1639 2350 non
1679 2277 1980 2350 dubium
2007 2298 2105 2350 est
2119 2276 2173 2368 ³,
2204 2279 2381 2376 quin
2412 2278 2551 2351 hoc
2573 2305 2695 2350 vo-

589 2416 745 2469 tum
786 2414 990 2466 tuum
1025 2394 1272 2485 fuerit,
1313 2415 1392 2465 ut
1429 2415 1823 2467 matronam
1861 2394 2311 2494 approbaret,
2360 2415 2441 2466 ut
2480 2393 2689 2466 filiam

590 2532 789 2583 tuam
815 2511 1248 2609 approbaret.
1273 2509 1577 2581 Noluisti
1610 2536 1763 2581 eam
1794 2509 1867 2581 in
1894 2508 2203 2588 libertate
2232 2534 2410 2597 esse,
2442 2508 2533 2581 de
2560 2536 2695 2608 qua

593 2626 775 2698 nihil
813 2628 1031 2725 magis
1066 2628 1395 2717 timebas,
1436 2653 1651 2723 quam
1689 2653 1779 2697 ne
1817 2626 1937 2698 illa
1965 2626 2129 2715 tibi,
2162 2646 2535 2724 tamquam
2564 2652 2693 2697 an-

593 2743 793 2835 cilla,
835 2744 1340 2817 remitteretur?
1377 2770 1813 2842 quamquam
1855 2743 2124 2815 etiamsi
2160 2742 2451 2814 remissa
2491 2764 2691 2829 esset,

585 2859 740 2959 jam
777 2880 1014 2931 tamen
1047 2880 1168 2930 tua
1195 2858 1550 2931 voluntate
1589 2857 1665 2930 in
1707 2857 2019 2931 libertate
2057 2857 2318 2929 fuisset.
2362 2856 2503 2928 Sed
2537 2883 2693 2956 pro-

605 3066 627 3089 ·
645 3056 980 3115 potestatem.
1005 3068 1026 3091 n
1055 3044 1223 3096 Plaut.
1247 3046 1440 3117 Amph.
1465 3048 1518 3112 1,
1551 3063 1569 3096 1
1586 3084 1606 3112 ‚

603 3122 710 3174 25:
757 3123 921 3173 «Non
958 3142 1082 3174 vero
1119 3124 1249 3177 mihi
1283 3127 1338 3175 in
1377 3138 1607 3177 mentem

606 3223 629 3248 ι
649 3202 772 3253 fuit.
795 3226 817 3249 n
851 3202 984 3254 Vide
1009 3204 1254 3257 Gellium.
1285 3208 1465 3259 AEnon.

683 3300 700 3332 1
715 3321 725 3332 .
747 3282 865 3334 Hoc
883 3300 1039 3354 porro
1062 3285 1248 3337 simite.
1273 3287 1390 3339 Hoc
1408 3288 1605 3359 posito,

597 3359 682 3413 vel
710 3361 972 3433 proposito
992 3401 1008 3427 ,
1041 3363 1122 3415 vel
1152 3367 1392 3435 protinus
1419 3366 1605 3418 simile.

599 3442 817 3493 Senum.
833 3444 1064 3496 -Stola
1085 3443 1180 3496 illa
1200 3447 1349 3497 mimi
1361 3448 1482 3509 erit,
1500 3465 1606 3497 non

603 3522 846 3574 hominis.
896 3524 1002 3575 Cur
1050 3542 1162 3576 non
1212 3527 1385 3577 mimoe
1403 3526 1429 3575 ?
1472 3528 1607 3577 Nam

602 3602 750 3673 quod
770 3603 1042 3674 praecedit,
1063 3606 1218 3655 mimi
1231 3605 1487 3676 par-tibus,
1512 3622 1609 3675 po-

603 3694 705 3733 test
731 3682 940 3735 tolerari
957 3724 971 3747 ‚
991 3694 1050 3733 ut
1075 3682 1266 3735 mimus‘
1293 3684 1359 3735 sit
1385 3684 1499 3753 ipsa
1530 3684 1609 3735 fa-

600 3760 746 3813 bula.
769 3763 932 3815 Gnou.
955 3763 1138 3813 Mimoe
1155 3763 1355 3833 recepit
1373 3760 1610 3815 Obrech-

601 3854 705 3893 tus.
731 3842 891 3892 Minu·
913 3851 1052 3903 erat,
1077 3840 1257 3891 AErod.

676 3938 724 3972 2.
765 3920 846 3970 Tu
884 3931 1057 3971 tamen
1095 3918 1246 3969 illam
1285 3919 1339 3969 ἰη
1379 3918 1611 3971 libertate

604 4015 705 4048 csse
723 3997 950 4049 noluisti.
969 3996 1240 4062 AErodius,
1262 3996 1485 4048 voluisti.
1507 3998 1613 4049 Me—

601 4074 707 4124 lius
731 4074 993 4127 Pithoeus:
1021 4074 1114 4128 sed
1138 4077 1495 4147 interpunctio
1516 4075 1610 4127 ob-

607 4168 784 4205 scurat
818 4155 1012 4207 locum.
1037 4156 1118 4207 Tu
1157 4166 1330 4207 tamen
1367 4154 1519 4207 illam
1553 4156 1609 4207 in

1690 3046 1922 3099 libertate
1947 3064 2047 3100 esse
2074 3046 2302 3098 noluisti.
2333 3046 2455 3097 Hoc
2484 3058 2594 3109 est,
2616 3046 2689 3095 Tu

1690 3125 1819 3178 dicis
1859 3139 1911 3179 te
1946 3127 2213 3178 noluisse:
2250 3144 2371 3177 nam
2414 3125 2693 3196 occupatio

1690 3218 1784 3259 est.
1820 3206 2153 3279 Respondet:
2192 3206 2261 3257 Ut
2287 3206 2592 3275 parcissime
2618 3205 2693 3255 di-

1688 3302 1836 3348 cam,
1870 3284 2139 3356 malique:
2176 3302 2367 3354 nempe
2406 3286 2594 3355 egisti,
2622 3282 2693 3333 vel

1686 3322 1919 3417 voluisti.
1932 3366 2098 3417 Gnou.
2112 3364 2265 3417 Delet
2280 3378 2333 3414 et
2348 3362 2503 3415 illam
2522 3362 2691 3416 AErod.

1688 3476 1761 3485 -
1788 3442 2010 3499 V01mst2
2036 3456 2095 3497 ut
2112 3446 2426 3517 parcissime.
2455 3442 2690 3498 Voluisti.

1688 3522 1805 3574 Hoc
1830 3522 1925 3591 (ut
1940 3541 2057 3595 par.
2082 3523 2131 3575 d.
2149 3522 2171 3593 )
2194 3522 2446 3595 malique.
2478 3524 2690 3575 Senum.

1762 3603 1809 3653 3.
1840 3600 2109 3653 Ancillam
2126 3605 2319 3673 ,cujus
2344 3620 2449 3653 non
2483 3604 2691 3654 dubium

1690 3690 1777 3733 est.
1798 3682 1863 3730 Et
1887 3680 1990 3731 hoc
2016 3698 2121 3731 non
2148 3680 2461 3751 intelligitur
2484 3684 2601 3735 sine
2626 3680 2695 3731 di-

1692 3760 1986 3811 stinctionis
2036 3760 2228 3811 facula.
2286 3759 2471 3811 Scribe
2494 3783 2507 3811 ε
2568 3758 2694 3833 Quid

1691 3842 1867 3891 enim?
1888 3858 1988 3891 esee
2011 3836 2159 3891 illam
2184 3840 2390 3893 voluisti
2407 3841 2693 3894 ancillam?

1694 3922 1887 3992 Cujus?
1914 3919 2037 3971 Non
2068 3920 2285 3971 dubium
2314 3932 2417 3985 est,
2445 3922 2575 3993 quin
2606 3920 2691 3972 hoc

1692 4010 1865 4053 votum
1902 4008 2053 4049 tuum
2077 3998 2282 4069 fuerit,
2310 4010 2370 4050 ut
2400 4012 2687 4053 matronam

1690 4076 2021 4148 approbaret,
2054 4074 2309 4147 utfilt'am
2336 4085 2503 4129 tuam.
2528 4077 2683 4129 Gnos-

1689 4156 1833 4209 Nam
1850 4154 2064 4205 dubium
2084 4164 2170 4207 est.
2192 4154 2411 4209 Senon.
