2855 4871
588 438 715 519 404
1089 435 1181 498 M.
1231 431 1483 497 FABH
1529 427 2171 514 QmN'rlLlANr

580 559 717 630 lata
747 558 820 628 in
855 556 1068 628 aliam
1099 556 1525 656 provinciam
1552 557 1773 642 furta,
1810 555 1990 626 inter
2014 555 2287 653 ignotos
2313 553 2645 626 homines
2662 611 2679 642 ,

577 673 764 746 inter
789 673 1070 744 alienoS.
1107 674 1188 743 In
1223 697 1505 745 summa
1534 690 1722 768 parte
1742 728 1759 760 ,
1791 670 1961 768 quia
1990 669 2099 740 lex
2128 668 2523 742 secundum
2552 695 2681 740 nos

583 802 736 880 est',
760 787 1039 886 aequitas
1058 783 1450 858 secundum
1474 811 1600 856 nos
1622 804 1758 874 est,
1779 783 1967 855 illud
1990 809 2273 882 quoque
2298 782 2679 855 dicendum

580 923 746 1001 puto
774 962 793 994 ,
838 930 978 1002 qua
1020 902 1358 974 sententia
1412 899 1681 1001 possitis
1734 901 1910 999 parti
1960 900 2242 999 utrique
2290 899 2677 972 consulere.

580 1017 779 1109 Quid
831 1039 932 1090 est
981 1018 1246 1117 aequius
1268 1076 1288 1109 ,
1343 1044 1557 1116 quam
1610 1036 1989 1114 utrumque
2040 1015 2434 1087 vindicari?
2478 1015 2678 1086 Unus

574 1133 846 1204 furtum
877 1133 1041 1224 fec-it
1067 1132 1342 1206 duobus
1369 1160 1384 1204 :
1421 1133 1636 1204 habet
1668 1158 1870 1203 suam
1904 1130 2197 1230 quisque
2234 1131 2510 1230 legem5
2545 1129 2673 1201 nisi

575 1273 704 1318 nos
743 1247 1123 1319 retinemus
1146 1304 1165 1337 ‚
1205 1248 1404 1319 nulla
1427 1248 1713 1320 actione
1740 1246 2078 1319 vindicari
2112 1271 2527 1345 possumus:
2566 1244 2675 1316 ille

577 1362 848 1434 etiamsi
873 1388 1019 1432 non
1046 1361 1272 1460 ipsam
1299 1388 1449 1434 rem
1472 1361 1839 1462 acceperit,
1865 1389 1991 1460 pro
2014 1387 2088 1432 re
2112 1383 2351 1434 tamen
2378 1361 2675 1459 accipere

577 1476 847 1575 poterit.
873 1477 1105 1548 Habet
1123 1477 1468 1551 actionem
1489 1478 1575 1550 de
1600 1476 1721 1550 illa
1737 1491 1762 1522 ²
1785 1503 1800 1548 :
1829 1503 1997 1548 nam
2023 1476 2181 1548 etin
2201 1473 2675 1575 quadruplum

577 1590 836 1688 litigat:
870 1619 1015 1664 non
1045 1592 1361 1666 irascitur
1386 1594 1569 1684 furi,
1599 1593 1723 1692 qui
1755 1619 1825 1664 re
1858 1612 2224 1665 contentus
2256 1611 2381 1663 est.
2424 1592 2677 1664 Adver-

578 1733 692 1777 sus
726 1705 1064 1780 invidiam
1098 1709 1285 1782 illius
1319 1711 1590 1808 privata
1617 1709 1726 1807 agi
1771 1709 2039 1780 actione
2073 1727 2333 1808 potest3
2369 1734 2411 1777 a
2446 1707 2671 1792 nohis,

577 1820 880 1918 publica.
918 1823 1044 1895 Ille
1075 1824 1270 1895 vohis
1303 1822 1754 1895 commendat
1786 1822 2085 1894 sarcinas
2114 1846 2310 1894 suas:
2340 1847 2473 1892 nos
2502 1847 2674 1892 com·

579 1937 999 2011 mendamus
1027 1939 1379 2038 vectigalia
1405 1959 1659 2030 vestra,
1694 1937 2274 2011 commendamus
2304 1935 2567 2010 reditus
2594 1937 2678 2007 ci-

581 2071 828 2124 vrtatls.

661 2239 703 2271 ι.
757 2221 892 2290 Quia
935 2221 1018 2273 lex
1053 2223 1334 2276 secundum
1377 2242 1471 2277 nos
1506 2235 1593 2276 est.

585 2299 794 2350 Scribe:
821 2301 887 2350 In
914 2319 1117 2351 summa
1143 2312 1295 2371 parte
1326 2303 1487 2374 (quia
1516 2301 1600 2353 lex

583 2379 869 2432 secundum
905 2399 996 2432 nos
1028 2391 1101 2434 est
1119 2421 1136 2449 ‚
1171 2383 1384 2455 oequt‘tas
1413 2400 1599 2434 secun-

586 2460 710 2511 dum
727 2477 820 2511 nos
837 2460 939 2531 est)
955 2458 1092 2511 illud
1102 2478 1312 2533 quoque
1325 2461 1599 2512 dicendum

583 2551 731 2613 puto.
761 2540 928 2592 Gnon.
953 2570 1025 2581 -—
1045 2541 1157 2593 Nos
1180 2542 1283 2593 πίει·
1305 2544 1595 2595 retinemus.

587 2622 704 2671 Hoc
731 2624 853 2692 jure
885 2634 1071 2673 nostro
1104 2621 1296 2673 falsum
1332 2633 1427 2673 est.
1462 2623 1600 2673 Nam

587 2701 870 2751 commissi·
887 2701 1186 2769 persecutio
1223 2701 1511 2771 competit,
1541 2714 1599 2752 ut

589 2777 840 2831 adversus
876 2779 1164 2850 quemlibet
1199 2798 1562 2851 possessorem
1581 2817 1601 2845 ‚

587 2858 661 2907 ita
685 2856 936 2911 adversus
959 2856 1212 2909 heredem
1231 2856 1266 2908 l.
1289 2860 1601 2925 commissa,

591 2934 652 2983 ff.
677 2932 744 2984 de
763 2934 995 3004 publiea.
1015 2938 1206 3005 vectig.
1229 2950 1283 2987 et
1301 2954 1438 2988 com.
1459 2933 1603 3004 Quid

593 3012 752 3081 igitur
771 3012 1018 3065 adversus
1038 3015 1244 3065 furem?
1259 3016 1388 3067 tanti
1405 3016 1463 3067 in
1480 3034 1603 3067 eum

594 3091 735 3142 actio
765 3090 993 3157 dabitur,
1023 3096 1208 3163 quanti
1241 3093 1304 3147 lis
1337 3096 1436 3146 erit
1466 3097 1605 3148 aesti-

593 3180 756 3221 mata.
783 3186 894 3238 arg.
921 3169 956 3219 l.
983 3170 1043 3235 4,
1070 3169 1117 3241 S.
1141 3170 1238 3222 ult.
1263 3170 1326 3223 ff.
1351 3171 1419 3225 de
1443 3192 1501 3225 re
1518 3177 1604 3245 ju·

592 3250 732 3305 dica.
761 3249 797 3301 l.
829 3252 872 3301 si
910 3250 1027 3320 quis
1055 3251 1110 3302 in
1139 3264 1340 3305 tantam
1363 3253 1424 3305 C.
1455 3253 1600 3307 unde

592 3330 661 3381 vi.
687 3328 848 3397 Quod
871 3330 1127 3400 sequitur,
1153 3342 1210 3380 ut
1233 3328 1478 3383 dominus
1502 3350 1601 3403 pro

593 3426 654 3461 re
676 3409 902 3479 pretium
927 3409 1181 3479 accipiat,
1205 3426 1322 3461 eam
1347 3428 1604 3481 quorum,-

597 3486 720 3539 ἀι-
755 3487 920 3542 fuisse
955 3488 1264 3559 opinionem
1295 3489 1368 3540 ait
1397 3490 1605 3543 Accur-

1678 2225 1785 2276 sius
1806 2223 1858 2277 d.
1879 2224 1914 2275 l.
1939 2242 1967 2276 2
1982 2261 2000 2290 ,
2024 2225 2082 2277 C.
2109 2222 2175 2275 de
2200 2221 2447 2276 navibus.
2474 2240 2583 2274 non
2602 2239 2677 2274 ex·

1680 2323 1861 2356 cusan.
1890 2322 2023 2375 qnos
2058 2305 2237 2356 movit.
2268 2304 2305 2356 l.
2340 2305 2473 2355 item
2506 2305 2551 2356 si
2574 2321 2679 2354 ver-

1678 2383 1935 2434 beratum.
1964 2381 2013 2454 §.
2048 2400 2101 2448 1,
2136 2383 2196 2434 ff.
2234 2381 2301 2435 de
2334 2384 2413 2434 rei
2440 2381 2675 2434 vindicat.

1680 2464 1784 2517 Sed
1802 2466 1975 2517 verius
1996 2479 2049 2516 et
2068 2468 2268 2535 aequius
2291 2478 2400 2529 est,
2416 2464 2677 2516 dominum

1678 2562 1790 2595 non
1824 2540 2219 2617 delinquentem
2253 2543 2455 2595 damno
2486 2546 2560 2596 rei
2584 2560 2677 2593 sut

1679 2640 1791 2674 non
1824 2620 1997 2685 affici,
2032 2640 2134 2692 qua
2166 2620 2291 2693 pius
2326 2640 2491 2693 quam
2520 2622 2675 2693 pretio

1680 2702 1909 2754 ducitur.
1935 2702 2117 2752 AEnoo.

1754 2796 1805 2831 2.
1832 2777 2109 2831 Actionem
2136 2778 2199 2830 de
2231 2778 2347 2831 illa.
2380 2802 2404 2825 ι
2424 2782 2671 2833 Furtum·

1680 2856 1888 2928 (inquit
1918 2857 2151 2927 Paulus)
2184 2880 2205 2905 ι
2228 2871 2309 2911 est
2338 2858 2675 2913 contrectatio

1689 2961 1710 2986 ι
1730 2942 1807 2991 rei
1846 2938 2159 2991 fraudulosa
2176 2978 2193 3005 ‚
2235 2952 2337 2992 etc.
2384 2939 2533 3013 quod
2574 2938 2675 3008 lege

1688 3040 1711 3063 ι
1731 3018 1957 3069 naturali
1980 3016 2313 3089 prohibitum
2342 3032 2426 3071 est
2452 3018 2677 3071 admitte-

1688 3118 1712 3143 «
1730 3114 1806 3147 re.
1828 3118 1851 3143 n
1870 3096 2052 3148 AEnoo.
2068 3094 2405 3149 -Adversus
2420 3096 2671 3149 invidiam.

1680 3174 1933 3227 Adversus
1968 3174 2222 3227 invidiam
2258 3174 2433 3241 illius,
2452 3175 2673 3248 judices,

1678 3257 1886 3327 privata
1916 3256 2006 3330 aqi
2033 3257 2239 3309 actione
2264 3270 2435 3329 posset
2459 3276 2492 3308 a
2518 3254 2671 3317 nobis,

1680 3334 1767 3389 sed
1796 3347 1847 3387 et
1876 3336 2121 3407 publica.-
2156 3356 2283 3389 nam
2316 3352 2369 3391 et
2402 3334 2670 3408 aliquando

1682 3416 1997 3485 injuriarum
2051 3417 2191 3467 actio
2246 3414 2467 3486 publica
2514 3412 2670 3467 datur.

1682 3492 1901 3545 Senum.
