2855 4871
661 397 782 459 132
1161 392 1254 455 M.
1303 391 1551 456 mnu
1597 390 2238 473 QmNTnAAm

655 513 842 616 pacis
883 513 1182 607 videtur,
1231 514 1307 587 in
1357 540 1501 614 quo
1542 512 1708 613 jura
1756 534 2187 606 exercentur,
2238 534 2512 615 propter
2546 515 2705 615 quod

653 630 837 730 leges
878 630 1143 720 valent,
1193 630 1416 703 bustis
1464 630 1999 730 occupabimus,
2040 630 2356 704 infaustis
2398 631 2703 705 cineribus

651 746 1092 846 polluemus?
1122 766 1350 819 totum
1390 745 1669 819 hercule
1699 748 1929 846 potius
1958 748 2438 846 relinquamus
2467 750 2702 848 tyranni

645 862 960 960 sepulcro
987 891 1002 935 :
1041 883 1398 937 mutemus
1426 860 1665 933 locum
1690 860 2142 963 judiciorum.

1243 1044 1569 1200 PARS
1634 1110 2157 1200 ALTERA

1511 1326 1875 1393 SERMO.

735 1492 828 1553 Ut
867 1488 1261 1577 sepeliatur,
1310 1486 1783 1574 superstitione
1834 1485 1971 1551 sola
2018 1485 2195 1553 effici
2244 1496 2499 1577 potest‘,
2542 1504 2609 1553 ut
2646 1488 2699 1551 in

644 1595 1138 1683 comparatione
1177 1594 1402 1681 legum
1448 1589 1614 1657 illud
1666 1592 2123 1681 potentissime
2148 1614 2165 1643 ¹
2208 1592 2538 1674 dicamus,
2582 1616 2699 1659 eam

643 1704 860 1791 legem
887 1704 1092 1791 magis
1127 1724 1270 1767 esse
1309 1698 1699 1765 servandam
1718 1750 1735 1779 ‚
1770 1722 1919 1790 quae
1946 1698 2229 1766 deorum
2256 1704 2461 1791 gratia
2494 1706 2701 1790 scripta

643 1810 755 1890 sit,
779 1833 980 1900 quam
1007 1831 1158 1899 quae
1186 1807 1558 1873 hominum.
1583 1805 1919 1872 Adversus
1946 1810 2209 1899 tyranni
2232 1809 2582 1889 ultionem,
2606 1808 2699 1872 ho·

639 1916 930 1981 minibus
977 1930 1234 1981 tautum
1275 1936 1424 1980 esse
1473 1914 1819 2001 scriptam,
1868 1929 1937 1977 et
1984 1914 2297 2001 scriptam
2340 1915 2701 1982 levissimam

639 2040 898 2112 partem
925 2022 1230 2089 ultionis:
1267 2018 1398 2087 hoc
1427 2042 1624 2099 vero,
1657 2017 1840 2109 quod
1874 2021 2307 2087 constitutum
2340 2038 2469 2101 eet,
2501 2040 2569 2087 ut
2592 2042 2701 2110 quo

637 2128 924 2219 quisque
956 2127 1104 2193 loco
1139 2126 1416 2193 fulmine
1454 2126 1623 2193 ictus
1656 2141 1861 2207 esset,
1898 2124 2139 2193 eodem
2171 2127 2585 2217 sepeliretur,
2622 2148 2700 2192 re·

640 2232 902 2321 ligionis
929 2255 1090 2298 esse.

1333 2379 2036 2446 DECLAMATIO.
2140 2410 2155 2419 ·

735 2543 979 2642 Neque
1006 2539 1137 2613 hoc
1166 2562 1450 2640 propter
1476 2523 1879 2638 persenam,
1903 2567 2133 2638 neque
2156 2539 2229 2611 in
2256 2540 2590 2613 honorem
2608 2537 2701 2608 ali-

640 2657 834 2759 cujus
855 2655 1198 2758 scripsisse
1228 2641 1886 2756 potest'legumlator
1902 2655 2150 2746 videri3
2183 2655 2302 2729 sed
2334 2657 2408 2728 in
2431 2679 2701 2728 reveren-

639 2776 804 2847 tiam
829 2775 1160 2848 deorum:
1194 2773 1295 2844 fas
1318 2799 1463 2844 non
1491 2775 1592 2844 est
1620 2770 1783 2844 inde
1808 2772 2231 2844 summoveri
2252 2771 2470 2843 ictum
2495 2771 2697 2842 illum:

642 2886 995 2986 quomodo
1029 2887 1390 2959 sederant²
1427 2883 1771 2976 flammae,
1814 2885 1906 2958 ita
1943 2886 2534 2959 concremandum
2576 2910 2702 2956 cor-

639 3026 772 3101 pus
819 3001 1220 3072 universum
1268 3007 1757 3099 putaverunt?
1792 3001 2197 3073 existimatis
2245 3000 2481 3072 locum
2527 2997 2697 3071 illum

637 3115 904 3214 corpori
936 3112 1223 3186 datum?
1247 3115 1535 3186 fulmini
1566 3115 1761 3189 datus
1792 3137 1912 3188 est.
1952 3117 2041 3188 At
2072 3138 2407 3215 tyrannus
2434 3113 2699 3187 fulmine

639 3257 999 3331 percussus
1032 3251 1174 3302 est:
1213 3229 1346 3301 hoc
1377 3231 1597 3329 magis
1629 3231 1867 3302 omnia
1900 3231 2247 3332 religiose,
2283 3253 2351 3304 et
2378 3259 2537 3303 cum
2562 3251 2701 3300 cura

637 3345 929 3418 deorum
959 3345 1180 3416 facere
1219 3343 1581 3417 debemus.
1618 3347 1753 3417 Sed
1795 3346 1869 3416 in
1910 3347 2061 3418 foro
2094 3345 2465 3445 sepelietur
2496 3367 2701 3445 tyran-

636 3462 812 3533 nus?
844 3487 1056 3560 quam
1093 3462 1315 3560 magis
1351 3461 1531 3534 mihi
1563 3462 1741 3535 inter
1770 3485 2013 3536 caetera
2042 3463 2253 3538 etiam
2286 3463 2422 3537 hoc
2451 3485 2699 3561 quoque

635 3641 847 3692 munive
859 3638 1006 3704 loco,
1015 3657 1158 3692 nunc
1172 3639 1366 3692 nullius
1382 3643 1501 3704 erit,
1519 3642 1644 3713 quia
1802 3657 1821 3692 ι
1832 3679 1843 3691 .
1866 3639 2019 3693 Illud
2028 3641 2396 3712 potentissime.
2417 3637 2699 3712 Illudpota's·

633 3719 725 3772 fiet
745 3718 983 3771 illatione
1007 3720 1206 3770 mortui
1221 3719 1515 3790 religiosus.
1535 3721 1642 3774 Οε-
1723 3723 1849 3774 sime
1864 3743 1879 3772 .·
1914 3736 1973 3774 ut
1998 3741 2137 3794 soepe
2164 3724 2219 3776 in
2246 3719 2695 3776 Declamationibm

633 3811 808 3852 terum
827 3794 1238 3850 tutamine-locus
1251 3799 1326 3850 ita
1339 3799 1639 3870 legebatur:
1723 3797 1835 3852 haec
1858 3813 2175 3872 permutata.
2200 3801 2423 3854 Scitum⁸

633 3882 848 3951 tymni
873 3877 1105 3950 sepulcro
1137 3881 1396 3934 mittemus
1429 3879 1605 3932 locum
1620 3901 1637 3930 .-
1793 3899 1841 3934 a.
1882 3883 2151 3952 Quomodo
2186 3883 2435 3936 sederant.
2472 3883 2552 3934 Διι
2566 3919 2581 3946 ,
2612 3895 2693 3951 quo

635 3975 694 4016 tu
716 3965 944 4016 deomm.
971 3963 1094 4013 Pars
1119 3961 1302 4014 altera.
1334 3963 1403 4016 Ue
1421 3961 1638 4034 sepetia-
1719 3963 1875 4016 modo
1896 3983 1949 4016 se
1968 3964 2216 4017 dederam
2220 3965 2497 4042 flamme,
2520 3962 2585 4016 ibn·
2602 3977 2697 4012 con·

635 4052 740 4106 tur,
764 4053 866 4094 etc.
885 4042 1066 4094 AEnon.
1085 4043 1178 4112 qui
1199 4060 1497 4096 sermonem
1514 4043 1640 4094 iuci-
1716 4058 1818 4093 cre.
1856 4041 2077 4095 Senot-r.
2116 4045 2227 4112 Ego
2266 4043 2401 4096 nihil
2438 4055 2606 4095 muto:
2638 4041 2695 4088 ita

626 4118 724 4188 pit·
740 4118 807 4170 ab
825 4117 970 4191 effici
987 4130 1168 4190 potest.
1718 4121 1889 4176 sedere
1910 4137 2117 4178 catenas
2136 4123 2269 4178 dixit
2289 4139 2478 4179 auctor
2496 4119 2629 4177 Decl-
2644 4119 2689 4170 V·
