2855 4871
546 406 671 473 580
1116 409 1650 473 CALPURNII
1697 410 2039 475 FLACCI

531 658 535 663 '
540 656 1177 677 mmmmm

1565 657 2142 679 mvmm
2151 656 2602 679 mmmm

1368 840 1792 917 XXXIV.

998 1075 1232 1145 Mater
1260 1088 1323 1143 et
1342 1097 1648 1143 noverca
1679 1076 1964 1143 invicem
1999 1068 2148 1145 reae'.

530 1244 877 1326 Repudiata
910 1254 997 1303 est
1029 1263 1067 1301 a
1096 1242 1321 1300 marito
1342 1252 1381 1313 ¹,
1412 1260 1552 1321 quae
1579 1236 1782 1299 filium
1813 1238 2114 1299 habebat:
2149 1240 2328 1323 petiit
2349 1240 2606 1315 assidue,

598 1354 687 1399 ·ut
703 1337 1232 1399 reconciliaretur:
1262 1356 1395 1395 non
1418 1336 1800 1417 impetravit:
1827 1348 2138 1418 postremo
2159 1337 2272 1411 ait,
2289 1336 2606 1395 vindicabo

614 1458 744 1497 me:
774 1434 1133 1519 superduxit
1155 1432 1260 1493 ille
1288 1454 1486 1515 puero
1505 1453 1872 1493 novercam:
1907 1434 2064 1494 obiit
2097 1454 2252 1516 puer
2282 1434 2470 1513 signis
2493 1454 2606 1493 am-

611 1534 817 1615 biguis
848 1532 1165 1593 cruditatis
1190 1544 1249 1591 et
1280 1532 1522 1591 veneni.
1561 1532 1712 1590 Reas
1750 1552 1812 1592 se
1849 1532 2112 1592 invicem
2147 1531 2416 1605 faciunt,
2447 1552 2607 1613 repu-

610 1632 777 1691 diata
804 1644 1017 1705 mater,
1041 1643 1103 1689 et
1124 1648 1395 1689 noverca
1416 1628 1805 1711 superducta.

885 1818 1037 1863 PRO
1084 1816 1361 1863 MATRE
1410 1816 1744 1863 CONTRA
1791 1818 2272 1864 NOVERCAM.

627 1946 893 2015 Totum
928 1968 1219 2015 noverca
1252 1941 1604 2014 commisit
1623 2000 1641 2033 ,
1673 1966 1827 2039 quae
1859 1969 2002 2015 uno
2033 1964 2345 2041 tempore
2373 1962 2440 2013 et
2467 1966 2610 2012 ma-

530 2058 747 2130 ritum
774 2056 1039 2129 miserae
1066 2056 1458 2156 praeripuit,
1486 2076 1552 2126 et
1575 2055 1828 2127 filium.
1851 2059 2267 2156 Comparate
2285 2113 2304 2147 ,
2319 2056 2609 2156 judices,

531 2200 677 2245 non
730 2194 887 2244 ante
933 2200 1169 2244 rerum
1222 2192 1632 2269 argumenta
1653 2228 1672 2261 ‚
1725 2198 1940 2271 quam
1997 2174 2290 2245 nomina
2315 2186 2368 2245 ².
2427 2170 2610 2262 Quid

528 2288 733 2359 matri
764 2287 1147 2386 deliquerat
1175 2286 1403 2358 filius?
1431 2312 1660 2384 neque
1695 2287 1884 2359 enim
1899 2310 2164 2360 temere
2193 2288 2290 2359 sic
2321 2286 2510 2359 filius
2533 2286 2612 2357 dc

526 2401 661 2474 levi
711 2426 915 2474 eausa
938 2458 955 2492 ‚
1001 2400 1198 2499 quasi
1242 2400 1600 2501 privignus
1619 2459 1639 2492 ,
1686 2403 2041 2476 occiditur.
2085 2401 2480 2503 Repudiata
2513 2428 2612 2488 ες,

528 2517 793 2616 inquit:
828 2515 1053 2589 mariti
1086 2515 1228 2588 haec
1258 2515 1500 2616 culpa,
1531 2543 1673 2588 non
1709 2517 1834 2590 filii
1875 2541 2005 2591 est:
2037 2545 2165 2590 nec
2194 2517 2435 2590 matris
2459 2517 2614 2588 offi-

530 2634 720 2706 cium
746 2634 1037 2733 repudio
1063 2633 1462 2738 deponitur,
1483 2634 1603 2705 sed
1624 2635 1946 2707 uxorium
1970 2661 2232 2707 nomen
2257 2635 2612 2707 amittitur.

526 2751 744 2821 Dolor
771 2749 1079 2822 orbitatis
1108 2750 1433 2836 facinoris
1455 2758 1784 2849 arguetur
1800 2751 1827 2797 ³
1855 2779 1868 2822 :
1899 2774 1965 2825 et
1987 2751 2042 2823 si
2067 2778 2269 2850 grave
2300 2773 2402 2824 est
2424 2750 2616 2823 amit·

606 2936 625 2969 1
636 2954 650 2968 .
666 2919 957 2990 Repudiato
972 2931 1047 2973 est
1058 2941 1092 2972 a
1105 2923 1309 2974 mar-ito.
1326 2921 1532 2974 Scribe:

526 2999 815 3069 Repudium
838 3021 870 3051 a
896 3002 1083 3053 marito
1098 3040 1116 3068 ‚
1144 3021 1207 3054 ex
1230 3023 1331 3075 quo
1342 3000 1534 3075 filium

530 3076 747 3129 habebat
762 3116 779 3142 ,
800 3079 952 3148 petiit
973 3079 1205 3147 assidue,
1232 3093 1288 3134 ut
1313 3082 1535 3133 reconci-

530 3153 759 3208 liaretur.
785 3159 1020 3210 Gnouov.

608 3255 655 3288 τι.
680 3237 803 3290 Νοη
836 3247 959 3287 ante
991 3255 1159 3288 rer-um
1190 3248 1502 3310 arqumenta
1518 3277 1537 3304 ,

530 3333 691 3387 quam
709 3315 941 3366 nomina.
954 3316 1200 3384 Cogitate
1210 3314 1319 3364 vult
1329 3315 1536 3384 judices

530 3396 747 3448 alteram
790 3410 1012 3448 matrem
1032 3435 1049 3460 ,
1091 3395 1307 3447 alteram
1348 3413 1540 3446 nover-

532 3493 650 3525 cam
670 3475 942 3545 appellari.
964 3477 1023 3525 ln
1043 3473 1133 3525 illo
1153 3485 1327 3525 autem
1341 3511 1358 3538 ‚
1374 3491 1537 3544 quam

530 3553 638 3606 hoc
658 3555 901 3620 nomine,
924 3555 1139 3605 infinitis
1158 3554 1395 3624 partibus
1414 3553 1537 3625 plus

534 3647 641 3699 est,
668 3632 816 3706 quod
844 3631 1109 3684 devinciat
1135 3631 1205 3684 ad
1234 3631 1536 3683 amandum.

533 3713 611 3765 Ex
639 3713 827 3765 eodem
856 3725 1073 3764 manant
1102 3712 1249 3763 fonte
1276 3711 1367 3762 illa
1387 3711 1536 3763 Decl.

534 3795 717 3864 Quint.
754 3793 808 3858 1,
842 3791 911 3843 6:
944 3814 966 3839 α
986 3791 1141 3842 Dicas
1178 3808 1392 3842 necesse
1427 3803 1539 3858 est,

542 3895 565 3920 α
588 3871 700 3946 quie
717 3871 843 3924 huic
863 3891 983 3923 cum
1004 3885 1151 3942 patre
1171 3871 1369 3922 fuerint
1388 3869 1539 3936 odia,

544 3972 566 3994 α
588 3969 743 4020 quam
768 3950 1000 4003 violenta
1023 3950 1276 4002 dissensio
1300 3951 1440 4002 inter
1465 3968 1544 4000 sa-

544 4049 566 4072 «
588 4045 793 4079 crorum
822 4029 1023 4080 infinita
1054 4029 1326 4080 nominum
1351 4029 1542 4098 pigno-

538 4129 570 4154 ι-
592 4125 664 4160 ra.
687 4131 709 4156 ι
745 4109 816 4160 Et
846 4109 1015 4180 ejusd.
1054 4108 1346 4161 Declamat.
1371 4107 1436 4174 V,
1472 4125 1502 4178 7
1527 4127 1540 4155 :

1621 2947 1650 2978 α
1667 2925 1842 2984 Liberi
1873 2937 2118 2997 parentes
2153 2923 2318 2975 alant.
2345 2919 2518 2972 Pudet
2543 2938 2618 2972 sa·

1623 3033 1644 3058 α
1664 3027 1877 3062 crorum
1901 3005 2202 3068 nominum,
2225 2999 2392 3074 pudet
2417 2999 2621 3070 religio·

1623 3112 1645 3138 ιι
1663 3088 1744 3139 nis
1767 3085 2024 3136 humauae.
2051 3083 2174 3132 Haec
2198 3097 2324 3150 ergo
2349 3077 2428 3129 lex
2453 3077 2615 3129 erit?-

1615 3169 1693 3219 De
1723 3163 1916 3238 quibus
1943 3161 2102 3212 latius
2127 3162 2240 3230 jam
2269 3159 2354 3227 egi
2381 3155 2449 3208 ad
2479 3155 2621 3207 Decl-

1617 3250 1744 3298 istas
1765 3245 1983 3316 primas.
2009 3241 2227 3293 Senum.
2251 3267 2326 3277 —
2349 3237 2516 3288 Mani
2539 3236 2623 3287 de-

1620 3321 1859 3394 liquerat.
1893 3323 2106 3372 Dictum
2135 3331 2194 3368 ut
2221 3313 2387 3380 illud,
2413 3315 2624 3366 Terent.

1619 3399 1769 3452 Adel.
1793 3401 1844 3464 1,
1867 3417 1894 3451 2
1916 3420 1927 3448 :
1955 3421 1976 3443 a
1997 3393 2270 3465 Quidquid
2289 3407 2480 3464 peccat
2497 3390 2626 3444 mihi

1626 3503 1648 3529 α
1669 3492 1872 3552 peccat.
1894 3500 1916 3524 ιο

1689 3555 1739 3607 3.
1756 3551 1924 3606 Dolor
1933 3551 2162 3604 orbitatis
2167 3549 2430 3622 facinoris
2447 3563 2623 3619 nque-

1619 3647 1716 3689 ων.
1741 3638 1926 3688 Forte:
1950 3633 2120 3685 Dolor
2139 3631 2369 3683 orbitatis
2377 3627 2624 3698 facinore

1619 3715 1906 3788 augebitur.
1945 3711 2109 3763 Gnou.
2147 3707 2360 3772 Malim,
2401 3725 2508 3758 non
2545 3726 2626 3758 nr·

1614 3796 1809 3869 guitur.
1841 3795 1958 3844 Hoc
1984 3808 2172 3854 sensu,
2205 3786 2274 3838 ad
2301 3805 2440 3856 quos
2469 3784 2626 3836 dolor

1619 3870 1882 3925 redundat
1901 3869 2164 3934 orbitatis,
2181 3879 2238 3917 ut
2259 3877 2382 3916 suut
2401 3877 2552 3935 pater
2573 3875 2626 3914 et

1621 3962 1819 4013 mater,
1853 3947 1890 3998 ii
1925 3945 2177 3998 facinoris
2217 3943 2450 4014 suspecti
2481 3961 2626 4006 esse,

1621 4041 1715 4081 aut
1760 4030 1908 4098 argui
1951 4045 2061 4078 non
2103 4024 2294 4076 solent.
2339 4021 2622 4092 Sequentia

1623 4107 1755 4173 sint,
1783 4129 1806 4152 ι
1829 4107 1925 4168 At,
1950 4105 1994 4155 si
2014 4119 2169 4173 grave
2192 4113 2272 4154 est
2287 4138 2305 4167 ‚
2331 4111 2430 4150 etc.
2453 4121 2476 4144 a·
2504 4097 2620 4150 Scn.
