2855 4871
587 411 1426 480 DECLAMATIONES.
1476 413 1918 484 CCCXLIV.

2174 422 2300 500 415

901 605 1603 672 DECLAMATIO.

293 763 716 864 Inscriptum
747 793 888 839 esse
921 767 1029 859 id,
1065 767 1254 866 quod
1289 767 1583 868 objicio,
1616 795 1763 840 non
1790 789 2104 867 negatur.
2140 769 2303 858 Qua

194 973 218 996 ι
239 964 359 1001 tum
373 969 512 1016 esse,
533 951 680 1022 quod
701 953 948 1023 objicio.»
969 957 1036 1005 Et
1055 955 1110 1005 in
1127 955 1211 1006 In-

1291 953 1402 1006 dati
1425 974 1525 1028 pro
1554 958 1734 1023 socio,
1764 957 1965 1026 injuriae
1981 994 1997 1022 ,
2028 955 2159 1006 loesae
2186 973 2302 1008 ma-

187 1029 561 1082 stitutionibus
591 1049 658 1083 eo
691 1030 848 1098 loco,
874 1051 1032 1102 quem
1064 1045 1208 1084 attu-
1279 1035 1773 1106 jestatis,n0nipea
1786 1034 2030 1104 fingitur:
2052 1047 2107 1086 at
2120 1034 2303 1086 fictum

185 1109 382 1176 limus,
403 1132 425 1156 αι
447 1123 538 1162 aut
550 1110 656 1162 hoc
671 1114 941 1183 queritur,
955 1131 1023 1164 an
1039 1115 1210 1184 scrip-

193 1209 218 1233 ·
239 1202 359 1239 tum
401 1189 483 1241 sit.
508 1212 530 1236 n
573 1191 729 1240 Nunc
769 1189 1073 1261 copulative
1093 1227 1111 1256 ,
1153 1205 1208 1243 et

188 1267 463 1338 adjectum
511 1271 662 1339 quasi
708 1269 1040 1322 substantivo
1059 1308 1076 1336 ,
1121 1271 1242 1321 in-‘

185 1350 440 1420 scriptum
477 1362 570 1400 aut
603 1352 848 1421 scriptum
883 1347 1206 1421 maleficium

187 1429 483 1500 appellari:
514 1429 747 1504 inscripti
769 1429 1020 1502 maleficii
1041 1432 1106 1484 sit
1121 1449 1206 1482 ac-

189 1509 264 1559 tio
275 1545 296 1574 ‚
327 1507 414 1560 hic
430 1545 447 1573 ,
477 1521 530 1560 et
552 1509 698 1580 apud
720 1511 1002 1575 Senecam,
1025 1507 1119 1561 lib.
1142 1513 1206 1576 V,

186 1586 488 1638 Declamat.
516 1605 559 1639 1.
599 1589 664 1639 Et
697 1605 886 1658 supra,
910 1587 1202 1640 Declamat.

191 1665 315 1717 252.
334 1686 357 1710 ι
373 1667 538 1735 Igitur
551 1678 605 1717 et
617 1668 874 1737 scriptum
886 1665 1206 1719 maleficium

191 1771 216 1794 ι
237 1760 323 1799 est
346 1747 598 1802 adversus
624 1767 746 1800 eum
762 1787 779 1814 ,
805 1768 928 1801 cum
953 1768 1060 1820 quo
1091 1753 1206 1820 agi-

193 1851 216 1872 ·
237 1840 358 1879 tur:
410 1841 462 1880 et
510 1829 828 1881 maleficium
873 1847 984 1880 non
1031 1829 1205 1882 solum

191 1929 216 1951 ο
237 1907 550 1959 confessum
563 1945 579 1973 ,
596 1920 698 1960 etc.
723 1929 746 1954 ιο
766 1907 998 1958 Necesse
1015 1920 1094 1960 est
1109 1909 1204 1977 igi-

185 1999 277 2038 tur
289 2005 402 2037 uno
423 2005 550 2038 casu
569 1987 885 2039 maleficium
906 1987 1204 2056 generalius

187 2067 396 2137 accipi,
421 2065 566 2136 quod
591 2080 770 2118 tamen
794 2068 1049 2138 scriptum
1067 2103 1084 2131 ,
1113 2079 1206 2117 aut

186 2144 508 2215 inscriptum
533 2163 642 2196 non
667 2145 750 2197 sit.
777 2145 842 2196 Et
861 2163 1046 2196 rursus
1066 2142 1202 2196 alio:

189 2246 215 2270 α
234 2226 560 2294 Inscriptum
572 2223 869 2294 ,quoddam
885 2223 1204 2276 maleficium

189 2329 216 2350 ιι
235 2323 384 2370 esse,
408 2304 513 2356 hoc
539 2318 618 2356 est
643 2303 922 2370 damnum,
947 2302 1095 2374 quod
1125 2317 1204 2356 ta-

189 2408 214 2432 «
237 2405 364 2439 men
397 2385 716 2439 maleficium
737 2404 850 2438 non
874 2387 974 2438 sit:
1009 2403 1203 2459 nempe

191 2489 214 2512 ι
231 2485 337 2519 nec
358 2466 699 2532 sceleratum,
719 2484 819 2519 nec
839 2468 1087 2539 impium,
1107 2484 1205 2518 ne-

190 2570 214 2593 ·
234 2546 496 2612 fandum,
533 2560 624 2598 aut
659 2546 892 2619 denique
925 2546 1204 2599 vindican-

190 2648 214 2673 κ
235 2626 369 2678 dum
402 2626 642 2697 legibus,
671 2625 767 2679 sed
793 2626 1048 2678 damnum
1080 2626 1204 2678 abs-

189 2727 214 2751 «
235 2724 345 2777 que
381 2708 604 2775 injuria,
636 2704 861 2771 fraude,
901 2718 954 2758 et
988 2706 1202 2757 inimico

189 2809 214 2831 ιι
235 2788 437 2838 animo.
462 2808 485 2833 ιι
525 2788 594 2837 At
631 2786 737 2839 hoc
777 2786 1102 2839 cuicuimodi
1135 2790 1202 2839 sit

185 2868 559 2919 controversi&
582 2884 778 2936 genus,
798 2868 1009 2937 scripti,
1029 2866 1112 2918 vel
1129 2869 1206 2919 in-

185 2948 373 3017 scripti
395 2947 640 3000 maleficii
655 2988 672 3013 ,
703 2966 966 3019 nusquam
991 2951 1204 3001 memini

183 3026 292 3079 hnc
309 3024 540 3079 formula
566 3027 681 3099 lege
703 3030 786 3099 agi
807 3028 1050 3094 solitum,
1069 3043 1129 3079 ut
1149 3029 1204 3080 id

187 3124 351 3157 omne
386 3124 568 3158 revera
609 3108 900 3159 existimem
929 3124 1204 3157 commen-

185 3198 300 3237 tum
343 3186 508 3238 fuisse
551 3184 964 3237 declamatorum
983 3224 999 3252 ,
1041 3185 1204 3236 ducta

184 3263 534 3317 nihilominus
581 3282 612 3315 a
637 3263 852 3333 judiciis
897 3262 1202 3316 forensibus

186 3342 368 3415 aliqua
402 3342 774 3408 similitudine,
800 3356 862 3393 ut
889 3342 956 3393 de
985 3341 1202 3394 abdica-

184 3424 337 3474 tione
369 3436 424 3475 et
457 3421 898 3488 exheredatione,
928 3421 1202 3473 dementiae

187 3514 240 3552 et
268 3500 448 3552 tutelae
475 3502 852 3552 controversiis
882 3512 1034 3551 antea
1066 3498 1202 3551 dixi-

187 3600 327 3635 mus.
353 3606 378 3629 ι
393 3584 528 3634 Nam
547 3596 743 3653 praeter
759 3580 870 3632 hoec
885 3580 1160 3653 finguntur
1174 3606 1196 3630 ιι

187 3658 554 3726 Quintilianus
591 3662 762 3730 inquit
793 3681 805 3708 =
860 3682 882 3705 α
913 3662 966 3710 in
1006 3660 1203 3713 scholis

195 3760 218 3784 α
240 3751 294 3789 et
336 3740 522 3809 scripti
563 3738 824 3790 maleficii.
849 3762 870 3784 ιι
915 3738 1030 3791 Nec
1076 3739 1204 3791 mihi

183 3833 476 3893 propterea
503 3820 705 3889 objice,
727 3822 782 3871 in
809 3818 1006 3872 scholis
1027 3823 1204 3873 omnia

187 3899 335 3969 fingi.
363 3899 427 3951 ld
450 3900 590 3950 enim
608 3916 789 3951 verum
809 3898 1024 3971 quidem
1049 3902 1116 3951 sit
1136 3898 1202 3953 de

183 3984 314 4051 ipsis
339 3984 820 4033 controversiarum
848 3980 1202 4049 thematibus»,

189 4062 410 4112 summis
431 4074 483 4111 et
501 4062 843 4131 argumentis.
865 4060 968 4113 Sed
987 4063 1100 4132 ipsa
1121 4080 1204 4112 ac·

187 4142 296 4207 tie,
315 4144 362 4195 si
379 4142 610 4213 legitima
631 4156 738 4207 est,
753 4154 811 4194 ut
831 4142 1035 4207 tutelae,
1055 4160 1202 4195 man-

1288 1112 1358 1180 nd
1375 1131 1491 1164 eam
1510 1131 1682 1184 genus
1700 1115 1829 1166 facti
1848 1112 2301 1165 accommodatur.

1287 1193 1485 1244 Verum
1509 1195 1564 1244 in
1588 1193 1785 1245 scholis
1806 1193 2045 1264 quaedam
2066 1206 2192 1245 sunt
2214 1211 2305 1244 ac-

1287 1275 1489 1343 tiones„
1514 1295 1741 1348 quarum
1762 1279 1891 1347 ipeae
1911 1273 2155 1327 formulae
2180 1293 2305 1326 nus—

1287 1375 1447 1427 quam
1469 1376 1499 1409 a
1522 1369 1775 1428 pretore,
1797 1370 1889 1408 aut
1906 1357 2021 1428 lege
2041 1356 2149 1408 ulla
2172 1375 2303 1429 pro-

1285 1438 1473 1508 positae
1504 1451 1660 1505 sunt,
1694 1452 1753 1490 ut
1788 1437 2173 1504 abdicationis,
2211 1438 2307 1490 de-

1287 1519 1521 1582 mantiae,
1538 1521 1723 1570 mortis
1736 1517 1861 1570 volu
1868 1521 2047 1570 nturioe
2061 1557 2077 1585 ,
2094 1520 2304 1589 ingrati,

1285 1597 1528 1667 inscripti
1546 1597 1789 1650 maleficii
1802 1636 1819 1664 ,
1834 1599 1891 1649 in
1908 1597 2102 1668 quibus
2124 1599 2303 1648 omnia

1284 1676 1441 1748 fingi,
1466 1692 1519 1729 et
1544 1678 1665 1729 ficta
1689 1697 1801 1730 non
1826 1679 1965 1730 facta
1990 1691 2135 1730 recte
2160 1678 2303 1730 affir-

1283 1757 1418 1806 mari
1438 1757 1635 1825 possit,
1655 1773 1979 1826 quamquam
2004 1775 2067 1808 ex
2090 1757 2305 1808 Graeco-

1286 1852 1404 1884 rum
1430 1847 1521 1885 aut
1541 1835 1764 1886 aliarum.
1778 1837 2017 1904 gentium
2038 1835 2302 1901 mot-ibus,

1284 1910 1482 1961 bonam
1512 1925 1718 1981 partem
1744 1929 1928 1962 earum
1962 1912 2119 1964 liceat
2148 1931 2303 1966 ussu—

1285 2006 1449 2043 mere.
1479 1993 1647 2062 Igitur
1664 1991 1938 2044 videamus
1964 1991 2095 2064 quid
2126 1995 2193 2046 sit
2220 1997 2303 2046 in-

1284 2072 1547 2141 scriptum
1574 2071 1912 2123 maleficium.
1942 2072 2081 2124 Sane
2106 2075 2181 2124 sic
2216 2091 2303 2124 ac-

1285 2149 1392 2221 cipi
1414 2163 1595 2220 potest
1616 2168 1717 2221 pro
1746 2169 1811 2202 eo
1838 2150 2099 2202 maleficio
2116 2189 2133 2216 ,
2158 2151 2305 2224 quod

1284 2230 1543 2299 scriptum
1568 2247 1678 2280 non
1704 2242 1810 2295 est,
1836 2227 2074 2299 ἔγραφον,
2100 2249 2209 2282 uon
2230 2229 2304 2283 le-

1282 2309 1527 2380 gitimum
1548 2346 1563 2374 ,
1608 2307 1754 2360 nulla
1792 2308 1907 2379 lege
1946 2309 2304 2381 comprehen-

1285 2409 1434 2458 sum,
1472 2404 1532 2443 ut
1564 2390 1925 2459 Quintilianus
1960 2394 2035 2445 ait
2070 2391 2165 2445 lib.
2200 2395 2303 2460 111,

1285 2488 1331 2520 c.
1361 2470 1423 2536 6,
1447 2472 1494 2537 S.
1522 2470 1620 2537 36,
1646 2470 1750 2521 alia
1774 2490 1891 2523 esse
1928 2473 2157 2543 scripta,
2199 2471 2302 2523 alia

1283 2553 1571 2622 inscripta3
1604 2563 1655 2602 et
1682 2556 1851 2603 Varro
1876 2552 1943 2603 de
1970 2554 2043 2603 Re
2066 2555 2267 2605 rustica
2284 2592 2300 2620 ,

1290 2652 1312 2676 u
1333 2632 1655 2700 {ascriptum
1689 2648 1854 2701 pecus
1890 2630 2195 2701 professum
2232 2630 2302 2683 ad

1291 2732 1312 2755 a
1332 2708 1682 2779 publicanos:
1707 2732 1729 2755 a·
1754 2721 1815 2759 ut
1837 2710 1904 2760 sit
1924 2711 1977 2759 in
2000 2708 2197 2760 scholis
2223 2708 2300 2759 in-

1283 2788 1535 2859 scriptum
1560 2788 1640 2853 (si
1666 2786 1879 2857 quidem
1906 2800 2115 2838 constet
2138 2786 2303 2839 male-

1283 2866 1464 2916 ficium
1497 2864 1647 2936 esse)
1676 2863 1823 2936 quod
1858 2866 1913 2915 in
1943 2865 2067 2915 foro
2101 2867 2301 2918 crim-en

1284 2942 1649 3006 stellionatus,
1670 2961 1836 3013 quum
1860 2941 2045 2994 titulus
2070 2943 2299 2994 criminis

1284 3021 1464 3074 deficit
1484 3058 1503 3087 ,
1550 3021 1863 3093 nullumque
1909 3020 2057 3073 aliud
2102 3023 2301 3075 crimen

1283 3116 1553 3168 occurrat,
1567 3104 1656 3154 cui
1670 3102 1904 3172 legitimo
1920 3104 2127 3154 crimini
2140 3121 2299 3175 poena

1284 3184 1352 3235 sit
1390 3183 1625 3253 legitima
1644 3220 1662 3248 ,
1700 3198 1758 3235 ut
1793 3184 2053 3255 Ulpianus
2092 3188 2301 3257 scripsit

1281 3262 1375 3313 lib.
1427 3265 1545 3315 vm
1593 3263 1660 3314 de
1711 3262 1889 3315 officio
1941 3264 2296 3334 proconsulis.

1283 3340 1753 3408 Quemadmodum
1782 3345 1837 3394 in
1868 3344 2143 3421 proposita
2170 3343 2299 3395 facti

1285 3424 1489 3492 specie,
1516 3422 1811 3473 numeratio
1831 3424 2069 3493 pecuniae
2088 3440 2118 3473 a
2140 3421 2301 3477 divite

1281 3500 1533 3571 pauperis
1565 3499 1675 3550 filio
1710 3499 1884 3565 faeta,
1918 3512 1978 3551 ut
2015 3499 2301 3553 redimeret

1282 3584 1521 3653 perituro
1540 3584 1867 3634 meretricem
1880 3620 1897 3647 ,
1920 3584 1975 3633 in
2000 3581 2205 3635 nullam
2224 3584 2298 3635 le-

1283 3678 1404 3731 gem
1427 3659 1598 3726 cadit,
1622 3673 1681 3712 ut
1706 3660 1862 3726 huic,
1883 3660 1965 3713 vel
1989 3661 2065 3713 illi
2093 3660 2300 3732 obliga-

1283 3752 1370 3791 tus
1395 3739 1503 3791 dici
1525 3742 1712 3811 possit.
1737 3740 1801 3791 Et
1824 3742 1951 3791 item
1976 3739 2127 3812 apud
2177 3758 2299 3793 eue-

1285 3840 1400 3873 cam
1417 3858 1437 3889 ,
1461 3820 1759 3891 praecidisse
1794 3821 2045 3894 laqueum
2072 3840 2297 3893 suspen-

1285 3900 1429 3952 denti
1445 3920 1500 3952 se
1512 3938 1528 3967 ,
1540 3914 1744 3953 certum
1762 3914 1843 3953 est
1858 3900 2173 3953 maleficium
2186 3921 2296 3955 non

1284 3998 1435 4034 esse:
1472 3994 1564 4033 aut
1598 3985 1643 4034 si
1676 3984 1772 4046 sit,
1808 3996 1947 4033 certe
1979 4000 2091 4033 non
2120 3982 2296 4054 legiti-

1283 4080 1429 4112 mum
1447 4099 1464 4127 ,
1492 4078 1605 4112 non
1632 4058 1905 4111 definitum
1932 4059 2041 4112 ulla
2066 4061 2135 4112 ad
2156 4062 2293 4115 hanc

1283 4162 1396 4195 rem
1436 4142 1554 4213 lege
1586 4141 1793 4195 lata-ac
1828 4143 2121 4213 proposita.
2157 4146 2295 4199 Huic
