2855 4871
602 440 729 505 270
1102 414 1197 476 M.
1246 411 1494 477 FABn
1541 410 2172 494 QUINTlLlAM

598 542 677 611 in
704 537 942 611 obvios
970 555 1353 608 occurreret
1370 591 1388 623 ‚
1426 535 1766 624 dicerem;
1791 535 2100 607 Ultionis
2125 537 2454 635 quaeritur
2479 562 2684 613 mate-

600 654 719 725 ria.
754 653 961 723 Nunc
983 677 1111 723 vox
1140 676 1281 721 una
1298 707 1317 739 ,
1342 674 1471 720 vox
1495 649 1740 721 eadem
1772 649 1862 720 ad
1885 649 2160 750 judiees
2177 708 2197 742 ,
2235 670 2302 723 et
2325 680 2454 751 per
2482 674 2684 727 totam

598 768 947 841 civitatem
990 795 1004 837 :
1054 768 1218 838 EGO
1266 784 1400 852 TE,
1445 784 1715 854 PATER,
1764 783 2034 837 OCCIDI.
2085 768 2406 840 Invenire
2448 769 2682 861 liceat,

600 882 776 982 quid
814 882 1079 954 factum
1120 878 1247 951 sit:
1294 903 1441 948 non
1479 898 1578 948 est
1619 877 2008 951 dementia:
2054 881 2216 953 EGO
2247 900 2379 971 TE,
2421 903 2683 971 PATER,

596 1017 871 1072 occlm.
916 998 1071 1067 Hoc
1111 994 1168 1064 si
1190 1006 1209 1037 ¹
1246 1018 1365 1065 vos
1406 994 1716 1065 furorem
1755 993 2048 1085 vocatiS,
2093 992 2284 1066 idem
2326 1024 2490 1096 pars
2527 998 2684 1071 dixit

586 1112 921 1215 judicum
950 1138 965 1181 ε
997 1107 1179 1182 nihil
1204 1108 1581 1199 variatum,
1616 1108 1798 1180 nihil
1835 1136 1914 1181 ex
1946 1134 2138 1181 more
2174 1112 2484 1185 aliorum
2515 1113 2684 1186 insa-

600 1229 958 1303 nientium
998 1244 1349 1331 mutatum
1387 1246 1486 1295 est
1523 1253 1537 1295 ε
1573 1227 1721 1323 Ego
1761 1246 1865 1318 te,
1909 1248 2130 1325 pater,
2171 1228 2390 1301 occidi
2427 1258 2443 1300 :
2491 1228 2680 1329 longa

602 1341 937 1416 confessio
970 1359 1107 1411 est:
1144 1338 1430 1438 repetita
1465 1338 1668 1409 toties
1701 1340 2038 1413 confessio
2069 1360 2189 1413 est.
2224 1344 2508 1443 Ecquid
2535 1371 2682 1417 con-

603 1459 825 1558 cipitis
856 1455 1109 1527 animis
1137 1454 1522 1554 imaginem
1555 1454 1752 1527 illam
1771 1514 1790 1549 ‚
1823 1484 1976 1556 quae
2007 1458 2142 1530 hoc
2170 1460 2440 1558 coegit?
2475 1462 2684 1533 stabat

603 1573 911 1672 profecto
954 1590 1117 1659 ante
1157 1568 1393 1642 oculos
1429 1568 1801 1661 laceratus,
1848 1593 1915 1643 et
1945 1570 2176 1643 adhuc
2203 1595 2538 1648 eruentus
2566 1602 2682 1674 pa-

600 1709 737 1761 ter:
762 1686 1171 1760 ostendebat
1192 1686 1413 1759 effusa
1425 1686 1684 1777 vitalia,
1708 1708 1894 1761 totus
1915 1687 2030 1759 ille
2049 1710 2208 1761 ante
2227 1690 2470 1764 oculos
2483 1690 2678 1779 loom,

602 1824 832 1877 totum
866 1804 1091 1876 scelus
1120 1823 1356 1875 mente
1394 1824 1467 1875 et
1495 1804 1912 1901 cogitatione
1949 1804 2355 1904 perflexum.
2387 1808 2548 1879 Non
2575 1832 2679 1905 po·

600 1939 735 1995 test
771 1918 924 1991 fieri
943 1975 964 2009 ‚
1007 1940 1089 1991 ut
1124 1946 1250 2019 per
1279 1919 1710 1990 dementiam
1737 1920 2055 1993 videatur
2085 1921 2284 1993 toties
2307 1924 2677 2009 confessus,

606 2035 729 2135 qui
760 2062 1131 2135 nunquam
1160 2035 1473 2135 negavit:
1509 2035 1606 2108 ite
1631 2059 1853 2127 nunc,
1882 2057 1949 2110 et
1969 2036 2252 2137 paribus
2271 2038 2615 2112 absolvite.

605 2324 989 2346 mmm-vm
1046 2346 1057 2354 ‚
1076 2346 1084 2355 ‚
1378 2325 1570 2347 νυνννι

1868 2328 2678 2351 mmm-D

1426 2537 1868 2612 CCCXV.

1226 2773 1449 2845 Fortis
1475 2789 1675 2873 pater
1698 2775 2064 2846 desertoris,

606 2981 727 3044 Vin
752 3001 964 3044 towns
990 3001 1389 3046 nnsEnTomm
1408 3006 1522 3045 stu
1547 3007 1724 3048 mnu
1748 3007 2020 3047 oocmA-r.
2045 2987 2282 3048 Eodem
2303 2989 2546 3070 praelio,
2565 3006 2674 3068 quo

683 3093 857 3162 pater
876 3079 1125 3141 fortiter
1146 3081 1320 3159 fecit,
1345 3083 1616 3164 ejusdem
1641 3082 1807 3144 filius
1825 3085 2108 3146 deseruit.
2140 3087 2300 3146 Petit
2321 3087 2558 3167 praemii
2581 3104 2678 3144 no-

686 3179 880 3253 mine,
903 3193 975 3238 ut
1000 3199 1144 3238 eum
1167 3201 1301 3240 non
1326 3183 1454 3263 ipse
1479 3182 1739 3242 occidat.

1298 3379 1994 3450 DECLAMATIO.

706 3532 923 3606 Fortis
951 3538 1315 3636 praemium
1345 3539 1542 3638 petit.

684 3753 727 3790 1.
753 3735 870 3790 Hoc
896 3739 952 3792 si.
982 3741 1101 3793 Hoc
1121 3739 1190 3794 sic
1214 3761 1301 3796 vos
1314 3744 1369 3815 f.
1399 3766 1446 3796 v.
1474 3745 1608 3796 idem
1689 3747 1835 3800 Leid.
1879 3717 2188 3821 Per-peiusum
2210 3785 2228 3815 ,
2270 3749 2519 3800 Latinius.
2561 3745 2677 3796 Per-

606 3817 763 3883 dixit,
783 3819 1181 3889 perjudicium,
1206 3821 1382 3874 AErod.
1408 3853 1480 3864 —
1505 3820 1612 3875 To·
1690 3840 1937 3898 spectum,
1950 3825 2674 3899 Schultingius.Complexum,

608 3911 717 3950 tum
738 3897 898 3952 scelus
915 3913 1086 3952 mente
1103 3913 1154 3953 et
1168 3904 1481 3977 cogitatione
1500 3923 1613 3976 per-
1689 3909 1957 3959 Francius.
1997 3909 2259 3985 qulexum
2282 3945 2300 3972 ,
2338 3903 2584 3982 Obrecht.
2617 3927 2676 3938 -

603 3978 835 4051 plenam.
872 3977 974 4032 Alii
1006 3980 1153 4052 apud
1183 3981 1456 4034 AErodium
1489 4001 1612 4055 per-
1689 3985 1923 4037 Par-ibus.
1949 3987 2030 4038 An
2061 3988 2218 4057 pars?
2245 3986 2298 4036 in
2331 3983 2492 4035 dubio
2522 3997 2584 4031 ea
2603 3975 2673 4026 di-

586 4055 791 4128 fixum.
825 4061 1014 4125 Forte,
1048 4063 1333 4134 repetitum.
1369 4061 1608 4116 Gnonov.
1690 4062 1849 4115 midia
1883 4065 2164 4137 accipitur:
2201 4077 2259 4114 ut
2285 4081 2478 4135 supra,
2509 4081 2530 4105 κ
2550 4055 2672 4107 idem

608 4137 898 4212 Perflexum
915 4177 931 4204 ,
960 4139 1093 4191 Pith.
1122 4142 1417 4216 Perfluat-um
1437 4182 1452 4208 ‚
1483 4141 1605 4194 edit.
1697 4165 1718 4186 α
1739 4159 1860 4212 pars
1878 4141 2118 4211 judicum
2143 4141 2288 4193 dixit.
2311 4165 2332 4189 a
2363 4141 2576 4192 Senum.
