2855 4871
675 436 1513 504 DECLAMATIONES.
1563 438 1892 505 XXXIV.
2203 440 2319 508 581

241 581 381 633 tere
430 557 652 647 filios,
699 556 906 657 longe
950 558 1219 656 gravius
1266 558 1592 630 occidere.
1641 561 1894 631 Nonne
1940 561 2072 633 hoc
2119 562 2324 651 dicit,

242 676 390 749 sola
423 674 875 763 dominabor,
912 700 1136 772 quum
1173 694 1240 745 et
1275 674 1390 747 hic
1420 700 1882 747 venenomeo
1917 677 2231 775 perierit,
2263 700 2332 750 et

244 792 367 864 illa
394 789 799 863 mendacio?
831 789 1169 862 Judicasti
1203 810 1427 889 pater,
1455 790 1576 888 qui
1613 812 1678 863 et
1711 792 2147 890 repudiatam
2181 819 2324 865 non

242 890 633 979 accusando
656 902 1005 979 absolvisti
1022 960 1041 995 ‚
1069 925 1135 977 et
1158 930 1442 979 uxorem
1464 931 1606 978 non
1628 906 2068 979 defendendo
2092 920 2108 951 ¹
2140 908 2330 980 dam-

241 1042 449 1094 nasu.

236 1298 2226 1325 mmmmm
2231 1302 2328 1322 m

1098 1498 1468 1573 XXXV.

936 1729 1283 1825 Speciosus
1314 1728 1624 1800 desertor.

236 1932 563 1991 Dnsmrron
592 1950 737 1991 nuci
765 1948 1039 1991 senvur.
1061 1930 1223 1991 Vino
1251 1950 1434 1991 ron-rr
1459 1950 1782 1991 refluxum.
1809 1932 2056 2013 Pauper
2078 1944 2138 1991 et
2161 1932 2328 1995 dives

322 2027 593 2086 inimici:
634 2026 803 2087 dives
835 2041 1069 2087 creatus
1107 2040 1195 2087 est
1229 2028 1584 2108 imperator.
1615 2028 1860 2109 Pauper
1889 2027 2002 2087 sub
2041 2027 2151 2087 illo
2189 2050 2330 2089 cum

321 2120 451 2182 filio
489 2126 760 2207 specioso
806 2124 1187 2184 adolescente
1227 2124 1537 2182 militavit.
1585 2124 1828 2205 Pauper
1867 2122 2109 2183 fortiter
2145 2123 2327 2199 fecit,

319 2219 672 2283 adolescens
696 2222 979 2283 deseruit.
1002 2222 1187 2283 Dives
1205 2219 1344 2302 jure
1370 2221 1565 2301 agit²z
1595 2242 1830 2305 pauper
1857 2222 2119 2303 praemio
2149 2222 2328 2305 petit,

318 2332 391 2378 ut
412 2320 748 2381 occidatur.

1048 2485 1201 2530 PRO
1248 2485 1518 2530 PATER.

336 2620 599 2693 Filium
628 2648 871 2693 meum
902 2622 957 2693 si
986 2620 1277 2693 liberare
1311 2646 1457 2691 non
1486 2619 1682 2710 licet,
1717 2620 1955 2691 saltem
1990 2619 2191 2690 liceat
2217 2645 2331 2690 oc-

236 2737 493 2808 cidere.
526 2737 849 2827 Creditis,
870 2736 1145 2838 judices
1164 2794 1182 2824 ,
1212 2734 1577 2833 quodfilio
1607 2761 1766 2805 meo
1790 2734 1967 2805 bene
1999 2733 2331 2805 inimicus

234 2849 433 2938 velit,
474 2871 663 2949 pater
694 2851 911 2924 nolit?
945 2851 1305 2951 profiteor,
1339 2870 1639 2922 mortem
1679 2876 1791 2921 me
1830 2847 1958 2920 filii
2003 2849 2142 2922 mei
2184 2876 2329 2922 non

237 2963 530 3062 quidem
548 2965 756 3054 velle,
781 2966 900 3038 sed
919 2965 1150 3037 malle.
1172 2969 1316 3036 Vos
1340 2965 1630 3062 cogitate
1648 3020 1667 3052 ,
1695 2983 1960 3062 quanto
1986 2963 2123 3035 sint
2147 2965 2332 3037 mala

238 3076 360 3151 illa
392 3079 732 3178 graviora,
770 3107 1072 3179 quorum
1106 3102 1268 3153 sunt
1299 3080 1513 3152 etiam
1548 3079 1856 3152 remedia
1889 3080 2218 3153 crudelia.
2260 3081 2330 3151 Ο
2439 3106 2448 3114 ·

190 3189 203 3204 ’
242 3193 385 3265 fili!
441 3223 706 3267 morere
757 3217 1180 3286 constanter3
1222 3195 1331 3268 fac
1376 3193 1509 3267 hoc
1559 3195 1844 3286 saltem,
1889 3197 2084 3294 quasi
2134 3223 2330 3267 meus

242 3309 445 3384 filius.

236 3513 539 3569 Obrechtus
580 3517 705 3587 legit
739 3537 837 3590 per
874 3520 1244 3590 interrogatio-
1330 3543 1352 3566 α
1373 3519 1598 3581 diceret,
1623 3515 1892 3568 consuluit
1915 3529 2186 3580 senatum,
2205 3515 2332 3587 quid

236 3611 389 3660 nem,
421 3596 573 3650 dolor
610 3599 839 3651 orbitatis
858 3599 1119 3670 facinoris
1154 3617 1243 3652 ar·
1330 3620 1351 3645 α
1373 3599 1536 3649 officii
1556 3599 1638 3662 sui
1659 3609 1902 3668 putaret:
1930 3598 2170 3648 cunctari
2195 3597 2333 3648 enim

232 3679 631 3748 ςιωωνΡ-Εε
648 3682 693 3732 εἰ
709 3697 883 3753 yrave.
904 3679 1003 3748 At,
1022 3681 1068 3734 si
1085 3699 1245 3755 qmve
1329 3699 1353 3725 a·
1374 3697 1459 3744 se,
1482 3697 1578 3744 ne,
1601 3678 1644 3730 si
1672 3691 2000 3750 superesset,
2029 3680 2230 3748 eripere
2259 3675 2334 3728 le·

236 3758 499 3823 amittere,
525 3759 779 3813 Obrecht.
1331 3779 1353 3805 ιι
1373 3756 1529 3827 gibus
1567 3775 1714 3808 reum
1731 3795 1748 3822 ‚
1785 3757 1864 3808 sin
1903 3755 2142 3820 deesset,
2176 3753 2333 3806 desti-

316 3851 361 3886 ι.
388 3837 611 3889 Uxorem
632 3858 741 3890 non
756 3838 1082 3910 defendendo
1098 3840 1243 3904 damf
1331 3856 1352 3881 α
1370 3849 1518 3886 tuere
1571 3853 1634 3886 se
1686 3833 2052 3906 predamnare
2107 3834 2334 3885 amicum

236 3916 389 3968 nosti.
412 3917 627 3970 Sueten.
654 3919 721 3970 de
738 3920 1007 3989 Augusto,
1026 3937 1144 3990 cap.
1172 3919 1241 3972 56
1326 3939 1349 3963 a·
1370 3917 1774 3969 existimaretur.
1797 3939 1818 3962 ιι
1850 3915 2070 3967 Senum.

236 3990 377 4044 illius
424 3996 479 4046 in
522 3996 629 4048 vita
648 4017 662 4045 =
712 4019 735 4042 ιι
754 3997 937 4062 Quum
976 3997 1241 4065 Asprenas
1394 4013 1444 4047 2.
1467 3997 1594 4048 lure
1615 3996 1736 4069 eqt‘t.
1769 3997 1942 4066 Lego,
1967 3996 2109 4067 agit.-
2138 4010 2328 4064 nempe

244 4093 267 4116 ι
286 4072 495 4125 Nonius
512 4076 705 4126 arctius
720 4076 771 4127 ei
776 4076 1013 4146 junctus,
1026 4093 1241 4127 causam
1322 4090 1381 4128 ut
1404 4076 1504 4130 sibi
1527 4075 1652 4128 duci
1675 4077 1870 4130 serviat
1891 4095 1954 4128 ex
1979 4075 2094 4145 lege
2117 4075 2328 4146 specio-

246 4173 269 4196 ·-
289 4153 529 4206 veneficii
548 4169 829 4210 accusante
849 4156 1033 4210 Cassio
1050 4155 1242 4208 Severo
1323 4175 1411 4209 sus
1435 4155 1744 4209 adolescens
1767 4154 2024 4209 desertor.
2051 4155 2196 4207 Pura.
