2855 4871
613 397 734 467 258
1110 398 1204 461 Μ.
1253 398 1505 462 FABII
1552 399 2194 482 QUINTILIANI

605 522 843 621 aliqua
869 547 984 593 vos
1027 520 1283 619 positos
1324 522 1603 621 specula
1645 543 1880 621 putate
1912 524 2068 615 illa,
2108 552 2259 624 quae
2288 528 2665 618 factasunt,

602 639 858 711 videre.
907 637 1289 711 Abdicatus
1323 638 1399 709 in
1432 638 1813 711 solitudine
1855 661 1995 713 est:
2034 640 2225 715 locus
2268 665 2666 743 opportunus

605 754 908 827 insidiis:
948 752 1160 826 habet
1190 753 1547 853 gladium,
1584 754 2134 829 instrumentum
2167 760 2547 857 parricidii:
2578 788 2670 832 ac·

607 868 788 942 cedit
811 868 899 941 ad
929 890 1202 967 patrem
1222 924 1241 956 ,
1269 894 1630 967 manuque
1654 870 1956 963 sublata,
1987 900 2185 971 rogo,
2217 873 2667 965 dicit¹,im1no

595 984 843 1088 jubet:
881 1011 1026 1056 non
1050 1004 1214 1057 sunt
1240 984 1433 1056 enim
1461 1011 1694 1083 preces
1713 1042 1732 1075 ,
1769 986 1893 1057 ubi
1918 986 2223 1085 negandi
2256 988 2527 1061 libertas
2552 1016 2667 1061 non

607 1122 724 1173 est.
747 1100 1126 1198 Utriusque
1157 1099 1537 1172 intuemini
1572 1101 1932 1192 animum,
1968 1122 2066 1193 et,
2100 1104 2155 1175 si
2186 1104 2482 1195 videtur,
2514 1106 2669 1204 prius

605 1242 870 1287 meum.
907 1214 1330 1286 Occisurum
1361 1235 1429 1287 te
1463 1241 1607 1289 non
1638 1214 1985 1289 dubitavi:
2024 1216 2323 1316 ideoque
2359 1218 2477 1290 ille
2510 1246 2668 1291 seve-

605 1357 754 1421 rus,
777 1356 1032 1429 negare
1056 1356 1200 1401 non
1221 1328 1453 1429 potui:
1477 1329 1745 1431 reliqua
1772 1358 1813 1403 a
1840 1333 2073 1406 vestris
2101 1334 2395 1405 animis²
2421 1334 2671 1406 interro·

605 1465 760 1545 gate
794 1471 808 1516 :
855 1443 910 1515 is
951 1444 1071 1543 qui
1114 1465 1424 1517 armatus
1461 1465 1690 1544 rogat,
1736 1446 1909 1545 quid
1950 1446 2256 1519 facturus
2294 1447 2418 1540 sit,
2461 1448 2514 1519 si
2554 1474 2669 1519 non

607 1559 1115 1659 impetraverit?
1149 1560 1290 1633 duo
1323 1581 1522 1651 sunt,
1558 1561 1829 1660 opinor,
1874 1562 2051 1635 inter
2086 1590 2241 1661 quae
2274 1564 2557 1663 quaestio
2584 1564 2672 1634 in-

603 1676 930 1775 terposita
949 1675 1281 1767 videatur,
1315 1676 1431 1748 hic
1459 1678 1516 1749 si
1540 1704 1687 1750 non
1714 1677 2177 1779 impetrasset,
2206 1701 2330 1750 aut
2358 1680 2671 1753 occisurus

607 1794 832 1864 fuerat
849 1848 868 1881 ,
894 1814 1016 1863 aut
1044 1792 1461 1865 moriturus:
1502 1819 1646 1866 non
1669 1793 1858 1882 dico,
1886 1815 2122 1866 utrum
2153 1795 2545 1868 credibilius
2572 1796 2669 1881 sit,

607 1931 844 1982 utrum
883 1910 1170 1982 facilius.
1207 1912 1503 1983 Exorare
1542 1936 1657 1982 me
1685 1912 1993 1984 volueras
2022 1938 2039 1983 :
2074 1932 2336 2010 quanto
2371 1932 2671 2011 opportu-

610 2025 766 2097 nius
795 2023 962 2096 alibi
991 2024 1338 2124 rogasses?
1369 2024 1512 2097 alio
1536 2026 1891 2124 tempore?
1918 2052 2141 2125 quum
2167 2026 2482 2125 primum
2509 2026 2674 2098 abdi-

608 2162 802 2214 catus
831 2168 899 2214 es
919 2200 937 2233 ,
971 2141 1302 2215 adhibitis
1333 2141 1878 2242 propinquis,tet
1904 2142 2169 2217 amicis.
2198 2144 2394 2234 Quid
2424 2143 2577 2216 facit
2601 2141 2672 2214 ad

611 2282 846 2353 preces
871 2255 1170 2329 solitudo
1190 2313 1209 2346 ,
1246 2256 1373 2328 ista
1408 2256 1915 2330 instrumenta³
1949 2280 2113 2330 sunt
2143 2257 2527 2357 parricidii,
2556 2258 2672 2329 haec

613 2370 878 2443 occasio
897 2428 915 2461 ,
950 2370 1062 2443 hic
1087 2371 1315 2464 locus,
1340 2370 1472 2444 hoc
1499 2394 1799 2473 tempus.
1830 2373 1904 2448 Si
1933 2374 2331 2448 abdicarem
2361 2395 2427 2447 te
2446 2430 2465 2464 ,
2499 2373 2673 2446 mori·

611 2508 808 2560 turus
837 2488 1030 2560 fuisti
1061 2516 1074 2559 :
1113 2516 1309 2561 reum
1341 2490 1691 2588 parricidii
1722 2518 1872 2590 ago.
1905 2493 2103 2582 Quid
2134 2515 2447 2591 superest
2476 2492 2669 2590 igitur,

611 2604 743 2676 nisi
777 2625 856 2676 ut
884 2605 1357 2678 vindicaturus
1395 2606 1606 2680 fueris
1650 2633 1806 2679 eam
1827 2663 1846 2695 ,
1882 2633 2098 2706 quam
2133 2607 2467 2708 injuriam
2496 2631 2673 2677 voca-

609 2719 771 2791 bas?
801 2722 994 2811 Non,
1031 2721 1298 2820 inquit,
1331 2720 1551 2793 occidi
1578 2749 1591 2792 :
1619 2721 1753 2794 hoc
1784 2722 2071 2821 quidem
2102 2723 2175 2794 in
2208 2749 2459 2821 genere
2494 2745 2670 2792 nemo

615 2861 754 2904 non
803 2835 1085 2908 defendi
1116 2836 1398 2936 ¹potest,
1448 2836 1560 2907 cui
1602 2836 1919 2910 voluntas
1966 2835 2316 2937 parricidii
2356 2835 2667 2937 objicitur.

611 2949 810 3039 Non,
851 2949 1115 3050 inquit,
1165 2951 1431 3024 occidi:
1481 2951 1538 3022 si
1581 2950 1919 3044 dicerem,
1966 2952 2323 3024 difficilius
2362 2947 2669 3051 “putastiz

689 3167 734 3205 1.
773 3155 916 3226 2090
952 3155 1095 3207 dicit.
1139 3157 1340 3229 Rogat,
1383 3159 1515 3212 dico.
1546 3159 1619 3212 Ut
1768 3159 1817 3212 3.
1834 3161 1943 3212 Ista
1956 3161 2317 3212 {nstv-amenta.
2333 3159 2675 3210 Etsstaiastm·

611 3233 794 3306 paullo
813 3249 958 3308 post,
970 3249 1200 3290 armatus
1215 3235 1380 3312 roq'at,
1397 3252 1474 3302 et,
1493 3240 1620 3294 alibi
1696 3249 1878 3290 menta
1894 3239 2095 3310 sumpti
2112 3239 2421 3310 parrim‘dii?
2442 3236 2544 3290 haec
2560 3251 2673 3288 oeca-

608 3307 843 3385 'roqasses
891 3315 1106 3368 Senum.
1151 3315 1254 3368 Sed
1295 3315 1505 3386 vulgata
1546 3319 1619 3370 ita
1696 3320 1804 3372 sio?
1824 3319 1873 3370 h.
1899 3317 2070 3372 locus?
2086 3319 2137 3370 Ιι.
2160 3320 2494 3392 tempus?1ta
2510 3330 2675 3370 sumet?

611 3393 903 3464 capiendum
929 3395 1088 3460 dicit,
1115 3415 1246 3466 rogo
1263 3436 1280 3461 ,
1305 3411 1364 3450 ut
1387 3399 1620 3451 remittas
1698 3399 1891 3452 bellum
1908 3439 1925 3465 ,
1955 3401 2366 3474 conjurationem
2382 3440 2401 3468 ,
2434 3414 2485 3452 et
2518 3395 2671 3452 similit

611 3471 1028 3540 abdicationem,
1048 3494 1148 3530 nec
1167 3474 1320 3542 dicit,
1335 3474 1429 3528 sed
1436 3475 1619 3550 jubet,
1697 3481 1841 3553 apud
1870 3481 2091 3534 sueton.
2116 3495 2170 3535 et
2193 3482 2359 3536 alios=
2390 3481 2617 3555 quamvis
2636 3487 2673 3528 Εἴ

611 3553 718 3604 vim
741 3552 1070 3606 intentanda
1693 3559 1905 3632 vulgata
1924 3563 2093 3634 possit
2112 3563 2356 3626 retineri,
2374 3560 2467 3612 sed
2482 3573 2675 3630 sequen·

685 3647 733 3680 2.
768 3629 820 3680 A
851 3631 1024 3684 vestr-fs
1054 3632 1260 3684 animis.
1292 3633 1407 3699 An,
1438 3643 1625 3688 vestm
1696 3640 1797 3702 tia,
1816 3639 1860 3691 si
1876 3639 2171 3692 abdicarem
2190 3653 2243 3691 et
2264 3657 2369 3713 ayo
2390 3635 2675 3708 tmnspositss

610 3709 814 3767 ωιίοιοε
829 3712 1258 3785 ιἠεεποςατίεῆιε
1270 3715 1482 3769 Patron.
1500 3715 1615 3770 Cu:
1697 3717 1963 3786 videntur,
1992 3731 2046 3772 et
2072 3717 2301 3772 locanda
2327 3731 2455 3790 post
2478 3714 2673 3770 ooo-bd-

619 3812 644 3836 ιι
663 3789 992 3859 Interrogare
1019 3789 1298 3843 audaciam
1325 3808 1567 3845 vestram.
1589 3819 1612 3842 ι
1700 3797 1917 3849 Senum.

613 3867 832 3918 Serum.
858 3867 1020 3920 Recte
1035 3906 1052 3934 ,
1076 3882 1136 3920 ut
1162 3883 1313 3943 puto.
1349 3871 1496 3923 Idem
1525 3875 1619 3925 Pe-
1768 3875 1818 3942 4.
1844 3877 1903 3929 Si
1922 3877 2171 3942 dicerem,
2198 3875 2473 3950 difficilius
2492 3869 2673 3948 putasti-

618 3959 755 3998 που.
779 3947 1066 4002 cxxvmz
1096 3949 1477 4020 «Interrogare
1505 3955 1621 4006 ani-
1696 3956 1869 4010 Immo
1887 3957 2128 4028 facilius.
2163 3961 2429 4024 Eventus,
2466 3960 2567 4022 ait,
2588 3969 2674 4005 ³⁰1¹

621 4046 644 4070 κ
665 4045 808 4078 mum
831 4046 1007 4080 meum
1031 4033 1188 4102 coepi.
1209 4055 1234 4079 a
1263 4031 1396 4084 Vide
1425 4031 1495 4085 ad
1515 4034 1622 4086 De-
1698 4054 1889 4109 purgat
1944 4041 2177 4104 animum
2231 4054 2401 4092 tuum.
2459 4031 2675 4090 invenisti

612 4105 766 4159 clam.
789 4111 844 4173 1,
869 4128 914 4162 2.
942 4112 1112 4164 hun.
1700 4119 1842 4170 enim
1866 4117 2115 4185 difficile,
2138 4137 2309 4191 quun
2334 4117 2589 4189 agendum
2614 4129 2675 4164 ὅ·
