2855 4871
626 459 1472 532 DECLAMATIONES.
1518 461 1838 527 CCCLV.
2154 469 2273 548 451

206 596 517 672 dicerent,
543 591 714 657 male
735 605 1038 656 tractatas
1055 613 1092 653 a
1115 605 1332 653 tutore
1353 587 1669 652 rationes:
1694 609 1828 664 non
1847 591 2069 654 omnia
2090 613 2285 656 nosse

203 699 554 790 pupillum,
591 698 704 786 qui
745 711 1035 761 taceat¹z
1077 695 1130 759 si
1167 693 1422 782 litigare
1455 690 1647 773 velit,
1684 694 2020 774 futurum,
2059 712 2135 760 ut
2172 719 2289 762 sua
2380 735 2385 745 ·

203 810 483 898 recipiat.
525 810 648 871 Per
683 807 846 873 alios
885 803 1040 869 inde
1085 802 1538 868 internuncios
1578 801 1998 868 sollicitatum
2034 806 2317 871 marita-·

205 915 324 979 lem
362 914 691 991 animum,
720 914 834 1000 qui
870 909 1200 1000 pupillum
1235 909 1400 973 falso
1436 907 1713 974 crimine
1744 908 2045 974 adulterii
2082 913 2297 1002 inqui-

205 1037 446 1087 narent.
474 1021 586 1099 Se,
621 1019 852 1109 utique
883 1017 1190 1082 maritum
1215 1014 1590 1095 credulum,
1618 1012 1784 1078 nihil
1812 1017 1971 1080 tanti
1995 1033 2292 1106 putasse,

205 1147 274 1193 ut
309 1128 666 1217 suspicioni
709 1148 844 1190 suae
882 1123 1289 1190 satisfaceret
1305 1131 1350 1184 ².
1393 1122 1525 1186 Diu
1564 1121 1687 1186 hac
1720 1121 1950 1187 fraude
1992 1125 2296 1191 inimico-

201 1260 382 1316 rum,
431 1233 760 1324 pupillum
804 1247 1230 1319 tutoremque
1278 1227 1643 1318 deceptos:
1693 1228 1810 1295 sed
1863 1246 2293 1323 posteaquam

202 1345 488 1408 veriores
511 1340 701 1404 amici
737 1335 1248 1414 intervenerint,
1286 1353 1356 1400 et
1379 1359 1449 1401 se
1474 1335 2055 1425 interrogaverint,
2098 1363 2299 1428 quam

202 1448 470 1514 actionis
506 1445 783 1509 haberet
823 1441 1166 1522 fiduciam3
1203 1440 1537 1528 pupillum
1574 1442 1735 1505 item
1772 1439 2194 1524 seduxerint,
2234 1462 2301 1512 et

205 1554 486 1644 querelae
525 1571 753 1616 causas
789 1547 1210 1638 quaesierint:
1251 1562 1392 1612 tum
1432 1545 1705 1611 demum
1740 1549 2121 1636 apparuisse
2150 1573 2300 1613 mu-

203 1677 386 1725 tuum
415 1681 743 1728 errorem:
778 1671 844 1720 et
867 1678 936 1720 se
963 1653 1268 1744 quaedam
1295 1655 1539 1719 certius
1565 1655 1758 1720 etiam
1785 1653 1869 1719 ab
1894 1678 2098 1720 uxore
2125 1679 2303 1746 quae-

203 1769 376 1832 sisse.
420 1767 694 1829 Detecta
733 1761 934 1849 igitur
969 1759 1204 1824 fraude
1243 1759 1665 1824 inimicorum
1703 1760 1895 1825 facile
1932 1762 2303 1850 depositaS,

204 1893 344 1962 quae
369 1871 568 1935 nullis
591 1867 1040 1934 fundamentis
1061 1867 1456 1945 niterentur,
1481 1865 1803 1944 actioneS,
1832 1883 1899 1929 et
1917 1866 2205 1934 reditum
2232 1871 2299 1934 iu

201 1979 513 2066 gratiam:
550 1973 666 2041 sed
694 1991 915 2038 tamen
950 1970 1252 2036 nondum
1286 1971 1589 2036 inimicos
1618 1972 1964 2061 effugisse,
1999 1997 2034 2038 a
2062 1975 2302 2064 quibus

202 2107 348 2149 reus
397 2085 611 2148 factus
659 2081 759 2145 sit.
803 2083 1162 2144 Accusator
1201 2095 1426 2144 autem
1475 2102 1609 2142 non
1653 2078 2085 2160 committet3,
2134 2083 2184 2146 si
2234 2084 2303 2148 in

203 2188 530 2278 pupillum
568 2186 839 2251 dixerit:
882 2183 952 2248 id
991 2185 1170 2249 enim
1209 2185 1459 2248 crimen
1501 2185 1592 2249 illi
1633 2184 1931 2277 objiciet,
1972 2187 2152 2276 quod
2194 2187 2303 2253 ille

203 2294 492 2359 noluerit
521 2289 838 2356 diluet-04.
879 2291 1071 2355 Dicet
1109 2313 1301 2380 ergo,
1339 2306 1614 2380 propter
1652 2315 1946 2357 amorem
1984 2293 2303 2360 adulterae

202 2399 389 2464 illum
416 2399 486 2463 in
511 2396 712 2463 domo
738 2397 972 2462 tutoris
997 2399 1423 2464 remansisse:
1452 2422 1603 2464 nam
1625 2416 1778 2465 ante
1799 2400 2304 2491 quatuordecim

199 2530 410 2573 annos
429 2558 446 2587 ,
476 2506 864 2573 incredibile
889 2523 988 2570 est
1011 2508 1296 2587 crimem
1327 2510 1718 2573 remansisse
1750 2532 1909 2597 ergo
1935 2510 2264 2575 ⁵amorem
2284 2524 2315 2591 ,'

201 2638 322 2679 nec
344 2612 526 2678 illam
552 2610 1028 2699 indulgentiam
1055 2614 1123 2677 in
1147 2614 1501 2678 retinendo
1524 2614 1779 2702 pupillo
1805 2614 2009 2679 fuisse
2038 2618 2299 2695 tutori5‚

199 2719 314 2784 sed
355 2718 860 2795 conscientiam,
897 2741 1104 2806 quum
1145 2720 1341 2783 sciret
1374 2720 1545 2783 male
1584 2718 1861 2785 redditis
1900 2721 2299 2803 rationibuS‚

197 2848 334 2891 non
390 2846 538 2889 esse
583 2822 1064 2889 offendendum
1107 2827 1434 2913 pupillum
1452 2828 1475 2888 ’τ
1524 2826 1784 2890 mulieri
1826 2842 2047 2891 autem
2096 2831 2305 2895 multa

200 2932 487 3011 donata;
513 2950 930 3020 quaecunque
966 2930 1471 3013 desideraverit,
1512 2954 1839 2997 concessa.
1883 2934 2003 2999 His
2036 2936 2301 3000 sceleri-

273 3092 319 3127 1.
358 3074 468 3145 Qui
495 3086 675 3125 taceat.
713 3074 818 3143 Qui
845 3084 1007 3141 tacet,
1035 3072 1212 3126 AErod.

270 3170 319 3205 ιι.
356 3150 520 3205 Nilia
551 3152 687 3203 tanti
713 3164 941 3224 putasse,
964 3166 1024 3205 ut
1051 3154 1214 3219 suspi-

203 3233 343 3287 cioni
373 3252 486 3287 suoe
515 3234 844 3306 satisfaceret.
874 3234 928 3287 si
951 3220 1006 3287 *ri
1037 3252 1140 3287 suoe
1160 3236 1216 3287 in

202 3310 391 3365 codice
411 3330 511 3363 suo
533 3313 728 3383 reperit
752 3312 1008 3379 Pithoeus,
1029 3312 1215 3367 admit-

203 3394 397 3444 timus:
452 3409 576 3443 nam
619 3390 916 3445 Thaddaeus
961 3395 1173 3464 ignorat
1200 3416 1212 3445 z

201 3471 460 3525 „Bi-odius
479 3475 634 3543 quasi
653 3472 720 3523 ab
741 3490 852 3525 sese
871 3475 1216 3545 interposuit,

203 3552 276 3603 sie
299 3564 515 3605 tamen:
553 3561 613 3603 ut
641 3548 812 3623 [suoe]
837 3552 1112 3622 suspicioni
1133 3570 1218 3605 sa-

205 3630 485 3700 tisfaceret.
499 3630 602 3682 Sed
614 3630 715 3682 alia
731 3630 816 3683 hic
831 3632 992 3683 fraus.
1007 3632 1059 3685 Si
1077 3633 1218 3683 enim

203 3710 591 3761 intelletissent
611 3706 768 3775 illud,
787 3709 878 3761 Est
899 3710 1031 3761 tanti
1042 3749 1058 3774 ,
1075 3707 1220 3781 quod

204 3790 334 3844 alibi
359 3810 582 3862 quoque
605 3790 742 3842 male
765 3804 1075 3862 perceptum
1103 3808 1220 3841 mo·

203 3874 456 3933 naiman
477 3870 733 3923 vidissent
755 3874 969 3943 utique,
993 3870 1224 3922 scriben-

205 3950 372 4015 dum,
411 3949 550 4001 nihil
589 3951 723 4001 tanti
753 3964 988 4021 putasse,
1023 3960 1080 4000 ut
1116 3968 1222 4001 non

202 4030 499 4103 suspicione*
525 4046 630 4083 suoe
658 4030 1000 4102 satisfaceret.-
1038 4027 1091 4079 id
1114 4042 1226 4096 est,

207 4108 360 4161 nulla
397 4126 456 4160 re
487 4108 740 4161 deterreri
767 4111 1004 4179 potuisse
1039 4106 1106 4158 ab
1143 4110 1226 4159 in·

211 4188 502 4261 quin-endo.
537 4190 760 4261 Vulgata
797 4192 1122 4243 contrarium
1159 4192 1228 4241 si-

1296 3074 1542 3146 gnificat,
1582 3094 1771 3147 nempe
1804 3076 1948 3128 nulla
1988 3098 2045 3129 re
2078 3079 2303 3152 perpelli

1295 3156 1565 3227 potuisse,
1607 3170 1667 3206 ut
1704 3154 1774 3207 ob
1814 3158 2167 3228 suspicionem
2207 3158 2305 3209 ali-

1297 3236 1424 3306 quid
1448 3236 1674 3301 faeeret,
1694 3250 1787 3288 aut
1812 3239 2114 3307 inquireret.
2132 3240 2298 3291 Gnou.

1367 3318 1416 3371 3.
1456 3318 1583 3371 Νοη
1620 3318 1923 3372 committet.
1962 3318 2122 3371 Nihil
2156 3338 2301 3373 com-

1295 3394 1467 3447 mittet
1477 3434 1494 3461 ,
1518 3395 1570 3446 id
1591 3409 1697 3459 est,
1718 3396 1978 3467 peccabit.
1996 3394 2213 3448 Senum.
2230 3428 2301 3439 —-

1295 3476 1354 3529 Si
1395 3476 1451 3527 in
1488 3474 1755 3550 pupillum
1798 3478 2001 3528 dixerit.
2046 3480 2151 3530 Aut
2189 3479 2299 3530 haec

1296 3568 1579 3624 corrupta,
1610 3566 1703 3607 aut
1739 3554 1941 3625 aliquot
1968 3554 2127 3607 verba
2160 3558 2303 3607 exci-

1297 3634 1505 3686 derunt.
1534 3634 1698 3684 Gnou.

1370 3712 1419 3778 4.
1447 3710 1691 3763 Noluerit
1712 3710 1921 3763 diluere.
1948 3710 2188 3764 Noluerit
2211 3714 2305 3763 cri-

1299 3810 1420 3843 men
1453 3790 1697 3843 adulterii
1732 3788 1959 3853 diluere,
1998 3788 2177 3840 AErod.
2218 3806 2305 3839 ex-

1300 3873 1565 3945 plicatiori
1588 3890 1761 3924 sensu.
1786 3872 1879 3922 En.

1375 3952 1423 4005 5.
1450 3952 1763 4004 Remansisse
1784 3970 1903 4023 erqo
1926 3969 2174 4003 amorem.
2204 3952 2307 4002 Po—

1307 4034 1435 4094 tius,
1456 4042 1670 4101 propter
1684 4048 1909 4080 amorem
1923 4068 1940 4095 ,
1967 4043 2058 4081 aut
2078 4030 2139 4082 ob
2159 4050 2307 4083 amo·-

1306 4128 1430 4160 rem.
1452 4108 1614 4159 Giton.
1640 4108 1841 4157 Amore.
1866 4108 2081 4161 Senum.
2100 4108 2215 4162 vid.
2240 4108 2308 4161 ad

1308 4187 1597 4240 Declamat.
1620 4188 1669 4253 1,
1696 4204 1745 4257 7.

1980 4296 2061 4347 29.
