2855 4871
581 420 705 489 106
1081 422 1172 485 M.
1220 422 1477 489 FABII
1520 422 2167 505 QUINTILIANI

571 672 669 691 w
673 670 1352 693 mmm

1647 673 2037 695 mmm

2333 675 2665 695 mmm

1370 854 1871 935 CCLXIX.

1042 1066 1247 1139 Dives
1276 1064 1398 1138 sub
1430 1082 1727 1166 tyranno
1754 1072 2207 1142 auctionatus.

575 1258 866 1319 Derosm
894 1276 990 1317 ενι·
1013 1276 1210 1319 tic-rto.
1243 1258 1489 1338 Pauper
1519 1268 1581 1317 et
1610 1254 1777 1317 dives
1810 1258 1993 1318 amici
2024 1270 2223 1318 erant.
2256 1260 2521 1341 Pauperi
2548 1260 2668 1319 duo

657 1352 770 1415 filii
799 1351 1228 1415 adolescentes.
1261 1352 1479 1431 Quum
1508 1366 1815 1436 tyrannus
1844 1374 1971 1419 esse
2002 1356 2277 1439 coepisset
2302 1356 2367 1417 in
2402 1357 2672 1432 civitate,

657 1452 822 1512 dives
851 1448 1012 1513 facta
1038 1452 1329 1512 auctione
1356 1451 1645 1513 discessit.
1678 1452 1919 1514 Rumor
1950 1466 2115 1529 erat,
2150 1453 2479 1537 pecuniam
2514 1451 2673 1537 apud

659 1570 992 1632 pauperem
1038 1570 1161 1609 esse
1213 1548 1575 1632 depositam.
1620 1550 1950 1632 Tyrannus
1996 1550 2263 1610 arcessiit
2304 1570 2669 1635 pauperem:

661 1646 836 1707 torsit
855 1647 1058 1727 ipsum
1071 1691 1088 1721 ,
1108 1646 1285 1706 torsit
1303 1660 1363 1706 et
1382 1644 1540 1706 filios
1559 1645 1705 1728 ejus,
1725 1646 1938 1724 Quum
1964 1646 2067 1708 ille
2085 1662 2475 1730 pernegaret,
2497 1666 2674 1729 penes

660 1764 722 1803 se
737 1764 891 1820 esse,
911 1745 1197 1805 dimissus
1215 1758 1322 1805 est.
1349 1746 1566 1807 Postea
1590 1758 1894 1828 tyrannus
1914 1748 2146 1808 occisus
2166 1760 2283 1807 est:
2310 1744 2465 1805 redit
2485 1744 2673 1819 dives,

659 1841 812 1923 petit
829 1844 1182 1925 pecuniam,
1199 1862 1392 1925 quam
1411 1862 1475 1903 se
1492 1841 1843 1924 deposuisse
1866 1844 2031 1926 apud
2061 1864 2391 1927 pauperem
2412 1843 2600 1903 dixit:
2622 1852 2677 1899 et

661 1938 822 1999 duos
839 1960 1078 2017 servos,
1097 1961 1256 2022 quos
1279 1940 1437 2003 solos
1460 1940 1653 2003 exsilii
1678 1942 1935 2003 comites
1958 1941 2265 2005 habuerat
2278 1984 2297 2017 ‚
2316 1941 2383 2003 in
2402 1938 2675 2022 questio·

663 2056 806 2095 nem
829 2036 1176 2121 pollicetur.

1276 2210 1981 2276 DECLAMATIO.

681 2350 1096 2452 Depositum
1140 2372 1344 2453 peto:
1389 2351 1533 2425 scio
1571 2350 1765 2425 hunc
1808 2378 1950 2425 esse
1985 2352 2306 2424 ordinem
2338 2350 2683 2452 probatio·

584 2466 732 2556 ηἰε,
783 2490 858 2539 ut
899 2468 1214 2568 primum
1259 2470 1619 2541 ostendam
1662 2468 1983 2542 habuisse
2017 2467 2391 2568 pecuniam
2416 2523 2436 2557 ,
2471 2491 2679 2566 quam

585 2583 1009 2686 deponerem
1045 2612 1059 2657 :
1099 2584 1184 2656 de
1217 2585 1350 2656 hoc
1386 2612 1600 2656 nemo
1631 2583 1952 2657 dubitat:
2000 2583 2187 2657 dives
2227 2584 2353 2657 fui.
2399 2581 2684 2658 Etiamsi

587 2728 698 2772 me
737 2700 1080 2802 cupiditas
1118 2701 1326 2774 amici
1360 2699 1450 2774 ad
1489 2702 1663 2774 duos
1701 2728 1927 2776 servos
1960 2701 2267 2801 redegit:
2305 2699 2682 2802 aliquando

584 2839 820 2888 tamen
855 2820 1278 2891 numerabar
1304 2819 1485 2890 inter
1514 2813 1862 2919 principes
1896 2817 2111 2921 hujus
2142 2815 2435 2892 civitatis
2464 2845 2479 2890 :
2521 2840 2593 2890 et
2615 2835 2684 2888 ut

582 2931 810 3004 sciatis
849 2932 1228 3032 pecuniam
1272 2961 1416 3006 non
1461 2933 1618 3006 satis
1652 2961 1833 3026 esse,
1880 2933 2397 3035 patrimonium
2444 2957 2684 3004 meum

588 3045 852 3118 detinet
874 3075 888 3118 :
921 3046 977 3119 si
1001 3047 1298 3120 domum
1319 3105 1337 3140 ‚
1369 3049 1424 3120 si
1454 3048 1805 3149 mancipia
1822 3105 1843 3138 ‚
1858 3027 1926 3120 'si
1946 3049 2226 3124 vendita
2244 3073 2387 3122 esse
2409 3047 2683 3134 omnia,

588 3159 643 3230 si
691 3159 764 3230 in
803 3161 1182 3262 pecuniam
1227 3162 1497 3236 redacta
1540 3163 1951 3256 constabiv,
1987 3183 2331 3262 superest,
2366 3181 2445 3234 ut
2481 3161 2687 3260 depo-

592 3274 839 3346 nendae
874 3276 1188 3375 pecuniae
1221 3275 1593 3351 habuerim
1622 3305 1930 3351 causam.
1968 3273 2204 3350 Fuisse
2238 3303 2351 3348 me
2386 3276 2465 3350 in
2500 3297 2685 3352 metu

591 3394 885 3463 fortunae
913 3391 1158 3494 hujuS,
1183 3421 1404 3493 quam
1427 3392 1675 3493 patior,
1709 3393 2165 3466 manifestum
2193 3411 2325 3463 est:
2348 3389 2532 3462 nihil
2562 3388 2685 3462 mi-

595 3533 726 3579 nus
754 3507 966 3580 fuisse
997 3507 1276 3582 rationis
1293 3565 1312 3600 ‚
1343 3536 1559 3608 quam
1586 3530 1663 3581 ut
1685 3535 1967 3581 mecum
1992 3507 2369 3612 pecuniam
2400 3505 2647 3578 ferrem
2665 3559 2685 3594 ‚

594 3675 794 3744 adhuc,
817 3695 932 3730 mea
957 3677 1158 3732 scilicet
1181 3697 1375 3751 opera,
1401 3693 1453 3730 et
1479 3678 1600 3730 ideo
1679 3681 1755 3744 11,
1772 3676 1864 3729 lib.
1880 3696 2071 3750 2‚cap.
2092 3694 2181 3748 ¹9:
2204 3677 2351 3746 :Qui
2364 3675 2687 3746 praefuerunt

593 3756 701 3808 tale
723 3767 1096 3809 testamentum
1119 3757 1344 3828 scripsit.
1375 3759 1455 3809 lta
1480 3773 1603 3828 pro-
1688 3781 1711 3804 α
1731 3755 1814 3808 his
1850 3753 2080 3808 Heraclii
2118 3753 2310 3820 bonis,
2346 3753 2511 3808 verbo
2556 3751 2687 3806 redi·

594 3837 778 3890 ducere
801 3857 960 3910 supra
982 3837 1099 3892 Del.
1125 3839 1330 3906 OELX,
1355 3849 1604 3913 pmroqat
1689 3863 1711 3884 κ
1729 3835 1950 3908 gendis,
1987 3855 2042 3890 re
2083 3833 2479 3908 dispertiendis.
2502 3859 2524 3884 ι
2579 3835 2684 3886 Liv.

592 3917 946 3989 produt-itque.
973 3919 1192 3971 Senum.
1682 3921 1974 3984 xxxvia,
2000 3917 2126 3972 ulta
2160 3943 2181 3966 ιι
2200 3921 2557 3990 Nequaquam
2582 3930 2687 3968 tan-

674 4015 716 4050 ι.
741 3997 967 4050 Reducta
984 3997 1252 4052 constabit.
1274 3997 1489 4067 Proprie
1508 3999 1607 4047 uti·
1689 4001 1847 4052 a‘tum
1861 3997 2136 4050 redactum
2148 4010 2244 4063 est,
2258 4009 2689 4068 quantaesununae

601 4093 686 4128 tur
715 4075 822 4129 hoc
853 4077 1014 4130 verbo
1050 4069 1312 4129 de'rebus
1345 4072 1605 4144 venditis,
1689 4077 2011 4131 «damnatus
2059 4077 2249 4129 fuerat.
2271 4099 2295 4121 n
2342 4075 2531 4148 Coqere
2569 4073 2689 4126 dicit

603 4157 742 4210 unde
773 4160 998 4228 pecunia
1025 4158 1320 4210 conficitur.
1353 4157 1460 4210 Cic.
1480 4157 1602 4207 Ver.
1683 4157 1894 4208 Terent.
1915 4158 2103 4208 Heaut.
2126 4157 2177 4220 1,
2204 4173 2249 4218 ι,
2268 4153 2459 4206 eodem
2484 4171 2653 4204 sensu.
