2855 4871
609 419 1449 489 DECLAMA‘rloNES.
1498 420 1876 487 ccxmx.
2204 390 2283 487 2'5
2346 376 2363 393 ⁸

208 576 394 647 agere
424 548 638 650 coepi:
677 574 908 647 neque
947 546 1137 619 enim
1165 546 1380 619 videri
1424 572 1708 646 possum
1748 574 1946 647 agere
1974 548 2287 647 coepisse,

207 666 332 736 nisi
375 666 718 764 egissem:
770 690 934 763 ergo
977 683 1523 762 quantocunque
1566 683 1876 763 tempore
1924 665 2029 763 egi
2048 720 2068 754 ,
2110 662 2291 736 nihil

211 780 389 851 obest
425 805 578 851 non
625 803 1186 867 consummasse3
1221 802 1452 876 neque
1500 776 1693 849 enim
1738 804 1935 869 eum,
1979 778 2102 877 qui
2145 804 2289 850 non

212 894 396 983 vicit,
427 894 792 996 negaveris
813 919 1196 993 pugnasse3
1225 919 1457 991 neque
1481 918 1646 964 eum
1663 950 1683 983 ,
1710 894 1833 992 qui
1858 894 2125 967 fructus
2146 920 2291 966 non

213 1012 533 1111 percepit,
569 1011 928 1110 negaveris
973 1008 1396 1110 possedisse;
1440 1029 1559 1081 aut
1590 1036 1757 1081 eum
1779 1067 1799 1100 ,
1842 1010 1965 1107 qui
2014 1012 2297 1081 naufra—

211 1128 396 1227 gium
455 1128 696 1201 fecerit
726 1186 746 1217 ,
802 1126 1156 1227 negaveris
1216 1126 1593 1225 navigasse.
1660 1127 1793 1200 Sed
1850 1126 2295 1199 abolitionem

213 1246 372 1341 petit
397 1258 412 1289 ¹
443 1272 460 1316 :
501 1244 610 1316 vel
640 1243 774 1315 hoc
813 1264 1222 1341 argumento
1249 1240 1411 1313 satis
1435 1240 1629 1342 justo
1656 1243 1945 1341 probare
1973 1268 2256 1342 possum
2278 1298 2297 1329 ,

213 1360 418 1458 egisse
441 1362 786 1432 me.Tum
810 1358 1021 1457 igitur
1036 1384 1258 1456 quum
1279 1357 1566 1431 abolitio
1589 1360 1969 1457 petebatur,
1986 1357 2154 1458 quid
2176 1384 2302 1456 ego

215 1474 436 1546 eram?
469 1494 690 1565 actor,
734 1494 814 1547 ut
855 1474 1142 1575 opinor,
1189 1494 1258 1546 et
1297 1490 1667 1547 accusator.
1706 1475 1901 1566 Quid
1950 1474 2067 1547 ille
2115 1472 2305 1545 erat?

213 1615 360 1661 reus
391 1590 648 1689 opinor
677 1618 690 1661 :
725 1590 916 1687 atqui
955 1589 1086 1662 hoc
1117 1616 1378 1661 nomen
1423 1615 1793 1688 nunquam
1840 1590 1915 1662 in
1940 1616 2135 1678 eum,
2170 1588 2303 1661 ad-

213 1732 482 1777 versum
501 1731 720 1803 quem
745 1732 888 1777 non
908 1706 1170 1805 agitur,
1196 1705 1400 1778 cadit.
1422 1708 1537 1778 Tu
1563 1707 1773 1780 hodie
1796 1706 1971 1806 quid
1994 1704 2305 1805 pugnas?

215 1848 298 1893 ne
326 1820 658 1893 adversus
687 1840 755 1893 te
787 1847 986 1920 agere
1017 1818 1399 1921 incipiam?
1430 1847 1597 1893 nam
1631 1844 1954 1912 eventus,
1985 1824 2063 1893 tit
2092 1840 2167 1892 tu
2204 1819 2307 1893 vis

216 1937 422 2009 videri
445 1996 468 2028 ,
517 1937 781 2011 dubius
809 1959 913 2011 est
940 1967 955 2010 :
1001 1960 1238 2013 contra
1279 1938 1503 2011 multa
1530 1940 1841 2013 accidere
1878 1959 2166 2039 possunt
2190 1936 2311 2010 ad-

221 2052 386 2145 huc,
437 2075 726 2154 propter
763 2081 916 2154 quae
956 2054 1314 2156 judicium
1362 2056 1597 2154 ipsum
1630 2081 1776 2127 non
1819 2075 2084 2151 agatur.
2122 2056 2309 2124 Prae-

219 2166 446 2238 scribis
479 2187 722 2239 tamen
756 2194 845 2240 ne
888 2194 1126 2267 agam,
1165 2166 1236 2239 id
1279 2187 1412 2255 est,
1462 2194 1552 2240 ne
1587 2194 1851 2240 nomen
1886 2188 2087 2239 tuum
2119 2166 2311 2239 defe-

223 2310 394 2375 ram,
419 2312 512 2358 ne
531 2306 602 2359 te
621 2283 893 2385 legibus
919 2283 1269 2385 obligem:
1302 2313 1530 2386 quum
1554 2286 1763 2386 igitur
1784 2306 2015 2358 tecum
2038 2306 2312 2357 acturus

224 2398 386 2492 sim,
431 2400 490 2474 si
533 2400 770 2474 statim
815 2428 978 2474 cum
1023 2399 1142 2474 illo
1183 2400 1336 2501 jam
1384 2400 1677 2502 egissem
1710 2458 1729 2492 ,
1792 2421 2119 2501 putemus
2165 2426 2311 2472 non

223 2515 600 2589 contineri²
647 2515 1005 2592 actionem
1033 2543 1178 2590 non
1215 2517 1410 2590 finito
1453 2516 1759 2618 judicio:
1798 2517 1853 2588 si
1886 2537 2121 2589 tamen
2156 2539 2315 2585 mea

225 2629 422 2729 culpa
467 2631 722 2704 accidit
749 2629 813 2721 3,
861 2657 1004 2731 quo
1055 2631 1294 2703 minus
1335 2630 1695 2732 judicium
1742 2630 2097 2718 finiretur,
2154 2628 2315 2700 satis

233 2741 490 2843 injuriae
534 2771 780 2846 passus
820 2771 980 2818 sum
1013 2745 1089 2817 in
1138 2745 1364 2845 priore
1400 2744 1710 2846 judici03
1754 2764 1825 2815 et
1868 2762 2087 2842 potest
2126 2742 2315 2841 apud

229 2883 448 2956 aequos
491 2858 768 2960 judices
813 2887 940 2959 pro
981 2861 1248 2933 actione
1299 2860 1603 2961 perfecta
1643 2858 1884 2931 haberi
1910 2915 1929 2949 ,
1980 2857 2315 2958 quoniam

231 2973 400 3047 mihi
419 2977 660 3076 agenti
684 3003 1174 3050 consummare
1200 3004 1345 3050 non
1375 2975 1591 3048 licuit.
1615 2975 1814 3047 Dixi
1795 2975 2008 3075 igitur
2031 3001 2135 3065 ea,
2160 3000 2316 3073 quae

231 3088 311 3159 ad
338 3117 619 3164 causam
649 3092 1125 3193 pertinebant,
1159 3119 1389 3192 neque
1419 3118 1696 3191 semper
1722 3090 2024 3190 priorem
2054 3086 2321 3161 adulte-

233 3229 384 3276 rum
425 3209 736 3280 accusari
783 3235 1019 3341 posse,
1064 3230 1134 3281 et
1169 3235 1211 3280 a
1247 3235 1363 3280 me
1391 3227 1625 3280 actum
1656 3233 1831 3296 esse,
1876 3205 2145 3278 etiamsi
2174 3230 2319 3276 non

233 3344 394 3395 esset
419 3325 728 3424 perfecta
753 3326 968 3416 actio;
1005 3347 1280 3417 tamen,
1331 3323 1666 3422 quoniam
1708 3321 2064 3422 republica
2103 3321 2321 3393 inter-

233 3439 538 3512 veniente
555 3498 577 3532 ,
614 3461 680 3512 et
707 3441 860 3539 lege
887 3440 1012 3513 viri
1037 3440 1228 3513 fortis
1245 3498 1265 3532 ,
1295 3439 1601 3539 perfecta
1623 3464 1770 3510 non
1798 3458 2001 3527 esset,
2024 3437 2319 3536 proinde

234 3579 379 3625 eam
423 3555 668 3629 haberi
723 3579 1034 3657 oportere
1062 3615 1082 3645 ‚
1139 3584 1219 3630 ac
1273 3556 1328 3628 si
1377 3583 1505 3654 ego
1549 3554 1869 3628 fecissem
1894 3613 1913 3646 ,
1972 3553 2319 3654 quidquid

233 3667 454 3744 volui:
485 3673 776 3773 propius
821 3673 1140 3745 accedere
1183 3670 1274 3744 ad
1313 3668 1860 3744 confessionem4
1889 3669 2178 3770 hujusce
2222 3667 2322 3740 rei

304 3846 349 3881 ι.
359 3830 710 3886 Abolitionem
721 3837 871 3906 petit.
886 3837 1051 3909 Lege,
1061 3835 1232 3910 petiit,
1386 3833 1439 3884 3.
1458 3833 1579 3884 Mea
1600 3829 1758 3904 eulpa
1772 3827 2322 3890 accidit.1mmo‚non

239 3909 342 3964 scil.
357 3913 595 3980 adulter,
613 3917 766 3988 quasi
779 3919 950 3989 possit
967 3935 1034 3970 eo
1057 3915 1237 3970 defen·
1315 3911 1521 3966 accidit.
1542 3911 1709 3964 Grion.
1724 3940 1797 3952 --
1815 3911 1906 3981 Inj
1909 3909 2035 3960 ιιι-ἕω
2056 3908 2243 3958 marito
2262 3905 2323 3958 il-

237 3991 315 4060 di,
334 3995 478 4067 quod
490 4016 600 4050 non
619 3999 685 4051 sit
699 4013 998 4052 accusatus.
1015 3997 1234 4051 Senum.
1318 3994 1439 4047 latae
1463 4013 1526 4046 ex
1546 3992 1785 4045 adultero
1806 3989 2086 4060 impunito.
2108 3989 2201 4040 En.

305 4088 353 4122 2.
369 4072 492 4126 Non
505 4075 782 4128 contineri.
795 4077 916 4129 Non
933 4086 1235 4146 competere.
1390 4075 1443 4142 4.
1468 4075 1554 4128 Ad
1572 4074 1962 4146 confessionem.
1986 4072 2099 4137 An,
2117 4071 2189 4124 ad
2204 4089 2323 4124 eon-

242 4149 451 4204 Scuutr.
1322 4155 1640 4206 tentionem?
1674 4165 1730 4203 ut
1760 4148 1992 4202 Dcclam.
2036 4149 2173 4202 xlx.
2208 4153 2324 4217 An,
