2855 4871
594 438 721 504 268
1098 437 1193 501 Μ.
1240 438 1494 503 FABII
1535 438 2166 521 QUINTILIANI

586 556 857 647 lucem,
902 558 1016 628 cui
1058 558 1203 629 haec
1234 558 1576 632 beneficia
1617 585 1849 632 rerum
1888 582 2150 633 naturae
2188 562 2520 652 debebat,
2553 591 2666 635 sua

587 698 809 744 manu
840 671 1277 763 trucidasset3
1326 694 1394 745 et
1433 672 1566 745 hoc
1598 700 1758 773 pars
1791 674 2122 776 judicum
2163 675 2494 749 credidit?
2533 680 2664 776 Ego

591 815 751 861 vero
780 788 934 861 illos
962 810 1028 861 et
1054 790 1273 890 probo
1290 846 1311 879 ,
1340 810 1409 861 et
1440 790 1675 882 miror,
1707 790 1828 889 qui
1861 792 2307 865 absolverunt
2335 824 2350 864 :
2387 820 2542 892 pars
2571 814 2664 866 ta-

592 930 758 975 men
782 903 1111 1006 judicum
1146 905 1669 1003 pronunciavit,
1705 907 1970 979 factum
2005 933 2150 981 esse
2191 907 2662 1007 parricidium;

588 1045 781 1118 pars,
816 1018 1221 1092 incredibile
1253 1046 1438 1092 esse:
1479 1021 1608 1093 hos
1639 1022 1892 1111 movit,
1935 1022 2128 1121 quod
2163 1022 2445 1122 probari
2479 1042 2664 1122 pote-

588 1155 733 1208 rat:
771 1134 925 1208 illos
954 1134 1143 1233 quod
1171 1136 1452 1235 negari:
1496 1163 1653 1210 reus
1681 1162 1844 1236 ergo
1871 1159 2265 1237 suspectuS,
2304 1159 2375 1211 et
2409 1140 2485 1211 in
2521 1166 2662 1211 eam

590 1272 857 1350 partem
902 1252 1347 1351 accipiendus
1380 1266 1399 1298 ¹
1423 1312 1444 1342 ,
1493 1274 1572 1325 ut
1613 1254 1873 1327 fecerit.
1931 1254 2130 1346 Quid
2171 1256 2516 1354 superest?
2555 1284 2664 1356 per

590 1368 1017 1474 dementiam
1053 1372 1403 1444 confessus
1437 1392 1539 1443 est
1566 1400 1580 1442 :
1617 1392 1688 1445 at
1713 1370 1886 1443 mihi
1919 1398 2046 1471 pro
2079 1398 2284 1445 causa
2309 1400 2471 1446 mea
2494 1400 2664 1445 sum·-

584 1508 795 1559 mum
847 1484 1119 1556 videtur
1162 1506 1662 1585 argumentum
1713 1486 1863 1587 ipsa
1911 1486 2307 1578 dementia,
2359 1489 2567 1560 etiam
2609 1488 2660 1559 si

588 1598 942 1671 confessus
974 1626 1118 1672 non
1149 1622 1341 1673 esset.
1383 1603 1542 1673 Non
1577 1602 1727 1674 sine
1756 1628 1967 1674 causa
1993 1602 2310 1674 videlicet
2339 1624 2526 1675 vetus
2557 1601 2662 1673 illa

588 1732 658 1785 et
684 1712 973 1813 antiqua
996 1736 1153 1789 aetas
1177 1716 1496 1809 tradidit,
1529 1744 1644 1790 eos
1661 1774 1680 1808 ‚
1717 1718 1839 1816 qui
1869 1718 2152 1816 aliquod
2179 1718 2662 1791 commiserunt

588 1826 844 1918 sceluS,
882 1830 1085 1902 furiis
1112 1830 1393 1929 agitari,
1440 1852 1508 1903 et
1539 1858 1664 1930 per
1701 1850 1919 1904 totum
1957 1831 2198 1904 orbem
2226 1832 2338 1931 agi
2371 1859 2386 1903 ε
2435 1856 2512 1904 ut
2543 1858 2658 1903 no-

586 1939 789 2015 mina
812 1945 1104 2017 mentita
1132 1946 1304 2037 sint,
1330 1967 1408 2019 ut
1431 1945 1700 2044 aliquid
1729 1946 1980 2019 fabulae
2011 1947 2307 2046 fingant3
2335 1945 2426 2017 ab
2449 1946 2658 2044 aliquo

586 2079 825 2133 tamen
850 2062 1164 2162 exemplo
1194 2064 1325 2136 ista
1350 2064 1822 2164 experimenta
1837 2085 2219 2137 venerunt:
2244 2065 2512 2137 factum
2537 2089 2658 2136 esse

588 2176 859 2275 aliquid
907 2203 1184 2249 necesse
1232 2199 1377 2269 est,
1429 2199 1506 2250 ut
1553 2178 1688 2249 hoc
1737 2177 2498 2276 credibiletvideretur,
2543 2179 2658 2250 sive

580 2289 820 2361 istud²
845 2290 945 2361 dii
974 2291 1433 2380 immortales,
1461 2293 1750 2391 quinon
1775 2291 2059 2393 judiciis
2083 2292 2228 2363 falli
2249 2350 2269 2384 ,
2299 2319 2446 2365 non
2475 2292 2657 2393 gratia

588 2404 1108 2494 circumveniri,
1138 2433 1283 2479 non
1305 2406 1698 2506 ignorantia
1722 2407 1948 2506 decipi
1975 2427 2298 2506 possunt,
2323 2407 2658 2481 constitue-

590 2541 775 2592 runt.
824 2522 972 2620 Ego
1010 2548 1169 2595 vero
1198 2523 1505 2622 gratulor
1543 2521 1974 2596 mortalitati.
2023 2522 2281 2614 Colite,
2329 2523 2653 2608 homines,

589 2637 1107 2732 innocentiam,
1156 2659 1225 2711 et
1271 2639 1546 2712 nullam
1596 2665 1792 2737 spem
1837 2637 2288 2738 impunitatis
2321 2665 2405 2710 ex
2437 2656 2657 2710 secreto

592 2751 932 2825 scelerum
966 2754 1417 2854 conceperitis
1447 2782 1462 2825 τ
1499 2753 1661 2824 licet
1691 2751 1870 2824 nulli
1905 2751 2289 2824 hominum
2323 2775 2659 2851 prospexe-

592 2867 737 2940 rint
762 2869 981 2959 oculi,
1019 2869 1176 2943 licet
1207 2869 1404 2942 nulla
1439 2869 1861 2970 cujusquam
1895 2868 2303 2940 mortalium
2335 2867 2657 2940 conscien-

590 2980 691 3051 tia
722 2981 1204 3076 intervenerit3
1248 2985 1380 3060 sub
1422 2985 1590 3060 caelo
1623 3005 1858 3057 tamen
1899 2983 2191 3074 fecistis,
2229 3003 2298 3054 et
2337 2981 2656 3055 illefusus

682 3219 726 3254 1.
786 3205 1143 3276 decipiendus.
1202 3207 1595 3282 Accipiendum.

594 3277 814 3334 Senum-r.
840 3285 915 3335 Ita
936 3286 1147 3338 Terent.
1170 3287 1414 3340 Eunuch.
1431 3289 1497 3354 V,
1518 3281 1537 3340 i
1555 3306 1600 3356 ι,

1753 3225 1802 3261 2.
1827 3209 1946 3262 Sive
1973 3208 2122 3262 istud.
2147 3207 2232 3261 Sic
2257 3218 2320 3260 ut
2347 3207 2503 3272 ishad,
2523 3206 2656 3257 Fran·

1681 3291 1823 3342 cius:
1853 3289 2000 3360 quod
2019 3291 2236 3344 minime
2263 3307 2436 3362 opus;
2459 3285 2543 3340 sed
2561 3302 2655 3335 cre-

597 3363 683 3432 37:
704 3365 989 3436 «Equidem
1000 3367 1095 3419 Pol
1109 3370 1163 3420 in
1174 3387 1288 3420 eam
1303 3381 1510 3441 partem
1521 3390 1602 3422 ac-

603 3463 625 3486 «
646 3444 893 3515 cipioque
914 3459 966 3497 et
982 3446 1124 3499 volo.
1142 3471 1165 3496 ιι
1180 3448 1425 3501 —Vetus
1439 3461 1490 3501 et
1505 3469 1599 3501 an-

600 3521 757 3591 tiqua.
778 3525 897 3576 Haec
913 3525 1129 3579 differre
1142 3525 1228 3579 hic
1247 3525 1405 3579 docet
1418 3525 1597 3580 Barth.

598 3598 815 3653 Advers.
832 3604 970 3656 XLII
980 3643 997 3671 ,
1020 3623 1037 3657 1
1050 3607 1100 3672 8,
1114 3625 1225 3658 non
1242 3619 1415 3660 tamen
1434 3605 1600 3675 addit,

600 3677 757 3748 quale
782 3682 849 3732 sit
870 3680 1167 3737 discrimen.
1190 3677 1265 3725 -'—
1292 3685 1362 3738 Ut
1382 3687 1602 3738 nomina

598 3761 833 3813 mentita.
856 3763 1022 3832 Lege,
1052 3763 1123 3815 Ut
1144 3767 1359 3817 nomina
1382 3766 1601 3820 mentita

597 3837 701 3892 sint
711 3878 731 3906 ‚
767 3851 830 3892 ut
858 3840 1065 3914 aliquid
1085 3842 1288 3914 fabula*
1314 3843 1596 3916 affingant.

599 3917 763 3971 Gnou.
794 3921 1089 3988 Emeruit-⁴1,
1127 3921 1307 3974 AErod.
1340 3925 1423 3974 An
1459 3941 1567 3974 non
1583 3959 1600 3990 ,

600 3999 861 4052 mentita-P
883 4000 1081 4054 scilicet
1102 4000 1311 4053 fabulae.
1336 4002 1508 4054 Bunu.
1531 4031 1604 4044 -

601 4073 857 4148 Exemplo
882 4081 993 4131 ista.
1013 4079 1271 4152 Exmplo
1296 4080 1419 4145 ista,
1443 4089 1495 4132 et
1515 4097 1602 4132 ex-

599 4155 885 4222 perimento
909 4171 1175 4212 venerunt.
1202 4160 1423 4213 Senum.

1681 3366 1814 3419 didit
1835 3369 2111 3435 vitiosum,
2137 3368 2264 3439 quia
2281 3366 2341 3420 ‘ro'
2361 3369 2465 3421 sive
2483 3381 2582 3415 non
2595 3376 2655 3410 re·

1676 3447 1978 3520 petebatur.
2015 3451 2085 3502 At
2121 3448 2228 3501 hoc
2266 3468 2382 3504 non
2417 3444 2650 3500 insolitum

1682 3527 1891 3599 optimis
1909 3527 2263 3599 scriptoribus
2283 3529 2442 3593 sciet,
2457 3525 2540 3596 qui
2551 3519 2649 3589 legit

1681 3627 1772 3674 ea,
1797 3625 1914 3679 quoe
1941 3609 2180 3662 Lambin.
2207 3608 2278 3661 ad
2299 3611 2478 3661 Horat.
2502 3601 2591 3656 od.
2608 3601 2647 3660 1,

1681 3689 1741 3751 33
1763 3701 1816 3740 et
1833 3688 2070 3742 Gronov.
2093 3689 2158 3742 ad
2181 3690 2364 3742 Senec.
2384 3689 2527 3738 Herc.
2546 3682 2646 3734 (Εἰ.

1687 3769 1820 3824 1260
1852 3781 2122 3822 notarunt.
2157 3771 2328 3822 Bmut.
2357 3797 2428 3808 —
2449 3767 2646 3817 Interve-

1681 3849 1832 3902 nert't.
1864 3849 2216 3915 Interveniat,
2249 3843 2426 3900 AErod.
2451 3873 2518 3884 -
2541 3841 2646 3892 Erat

1682 3926 1812 3980 illic.
1843 3927 1956 3995 An,
1983 3937 2137 3980 errat.
2162 3928 2234 3979 Ut
2259 3927 2446 3978 Genes-
2471 3939 2542 3994 pr·
2564 3936 2644 3978 ⁸¹¹,

1681 4006 1780 4058 en't
1811 4005 1919 4058 ille.
1959 4005 2177 4058 Senon.
2211 4005 2374 4068 Erat,
2403 4011 2506 4053 erat
2529 3995 2638 4058 illie,

1683 4083 1862 4138 AErod.
1883 4083 1965 4138 lbi
1989 4083 2158 4138 lector
2183 4082 2543 4137 sententiarum
2565 4073 2638 4126 mi-

1683 4181 1792 4214 ram
1815 4165 2124 4232 gravitatem
2147 4161 2304 4215 facile
2325 4155 2556 4213 laudabit.
