2855 4871
588 419 714 498 354
1089 419 1184 480 Μ.
1232 417 1483 480 FABll
1528 414 2167 497 QUINTILIANI

582 544 931 617 bitationis
948 601 967 633 ,
999 543 1139 614 fide
1164 569 1254 614 an
1277 541 1692 614 utilitatibus
1721 560 1930 612 amet.
1963 537 2225 612 Officia
2255 539 2554 612 adversus
2577 565 2648 611 se

585 688 745 733 mea
763 679 1051 733 noverat
1071 658 1295 732 dives:
1320 657 1682 730 assiduum
1705 684 1818 728 me
1841 656 2116 728 haesisse
2139 655 2354 727 lateri¹
2378 654 2646 728 sciebat:

580 777 876 850 tenuitas
904 803 1063 848 mea
1096 775 1432 847 afferebat
1461 775 1640 846 hanc
1673 774 1735 845 ei
1766 772 2314 862 dubitationem,
2347 793 2425 844 ut
2451 794 2652 871 posset

582 919 885 992 quaerere
903 951 922 984 ,
954 919 1047 964 an
1076 890 1262 964 istud
1296 890 1604 962 amicitia
1631 887 1988 960 fecissem:
2021 889 2252 986 itaque
2282 915 2505 988 quum
2533 888 2650 960 sci-

580 1028 710 1098 ret,
746 1027 1047 1080 mortem
1074 1033 1250 1096 esse,
1282 1029 1435 1105 quae
1467 1004 1556 1076 de
1589 1003 1842 1075 animis
1871 1002 2128 1076 diceret
2155 1031 2430 1095 verum,
2463 1025 2650 1076 testa-

579 1115 853 1214 menta,
868 1123 1128 1222 quibus
1150 1149 1440 1195 omnem
1468 1121 1806 1194 affectum
1825 1120 2163 1210 fatemur3
2200 1120 2296 1192 ita
2317 1146 2648 1219 supremas

574 1239 847 1311 tabulas
880 1240 1261 1328 ordinavit,
1301 1261 1382 1312 ut
1420 1239 1742 1311 adversus
1777 1264 1892 1309 me
1931 1237 2158 1310 dicere
2188 1238 2396 1311 vellet
2439 1239 2648 1311 animo

576 1369 795 1426 meo’.
822 1357 1017 1427 Bona
1041 1355 1322 1428 interim
1348 1382 1472 1426 sua
1493 1354 1682 1453 apud
1707 1354 1918 1426 istum
1944 1353 2296 1452 deposuit,
2323 1354 2500 1426 dum
2522 1353 2649 1426 sciri

575 1469 824 1569 possit,
860 1469 1032 1568 quid
1067 1469 1155 1542 de
1182 1469 1305 1542 illo
1333 1469 1478 1569 ipse
1510 1469 1911 1542 sensissem:
1951 1468 2100 1540 dari
2133 1469 2311 1540 mihi
2327 1469 2536 1572 jussit
2560 1468 2648 1555 id,

496 1677 501 1682 ⁸
574 1585 765 1683 quod
794 1612 921 1685 ego
948 1607 1364 1659 testamento
1391 1614 1551 1658 meo
1579 1586 1840 1657 darem.
1873 1585 1943 1656 Si
1978 1585 2476 1684 cogitationem
2500 1585 2652 1657 intra

575 1703 924 1800 angustias
956 1701 1367 1776 facultatum
1398 1729 1720 1775 mearum
1755 1701 2014 1792 tenuit,
2059 1722 2306 1801 praeter
2337 1701 2415 1772 id
2434 1759 2454 1792 ,
2491 1699 2654 1799 quod

573 1815 883 1915 ingratus
914 1815 1132 1889 videri
1167 1837 1388 1916 potest
1421 1818 1726 1907 amicus,
1761 1843 1907 1888 non
1943 1816 2253 1887 multum
2285 1815 2436 1917 ejus
2465 1816 2652 1887 inter-

572 1933 745 2024 fuit,
793 1934 970 2034 quid
1016 1962 1144 2035 ego
1190 1934 1635 2035 scripsissem.
1683 1936 1907 2007 Lectae
1955 1955 2120 2004 sunt
2159 1933 2416 2004 tabulae
2458 1958 2650 2004 meae:

574 2050 875 2122 constitit
920 2050 1091 2122 fides
1138 2050 1501 2122 amicitiae:
1550 2049 1878 2122 omnium
1923 2049 2278 2120 bonorum
2322 2047 2654 2120 institutus

571 2161 773 2234 heres
797 2183 981 2234 erat:
1020 2163 1153 2235 hoc
1183 2163 1454 2263 plenior
1477 2163 1760 2236 animus
1785 2189 2016 2254 meu5,
2043 2162 2234 2259 quod
2263 2161 2416 2234 sine
2440 2187 2657 2258 excep-

572 2276 785 2348 tione.
830 2278 1049 2375 Igitur
1096 2281 1287 2376 quod
1332 2279 1422 2350 ad
1466 2306 1583 2351 me
1626 2279 1960 2378 pertinet,
2007 2275 2251 2378 aperui
2293 2299 2562 2378 pectus,
2599 2293 2658 2346 et

574 2390 1072 2465 conscientiam
1100 2393 1396 2493 protuli;
1435 2415 1506 2468 et
1532 2420 1674 2495 qua
1700 2421 1934 2467 rerum
1963 2414 2210 2467 natura
2243 2393 2529 2495 patitur,
2545 2394 2660 2465 vis-

1668 2555 1880 2609 divitem
1907 2554 2244 2621 decessisset,
2273 2568 2449 2608 totum
2473 2554 2574 2606 hoc
2600 2552 2658 2605 ad

1669 2657 1790 2690 enm
1808 2639 2158 2708 pervenisset,
2179 2635 2372 2690 eodem
2391 2636 2566 2701 titulo,
2583 2654 2660 2688 eo-

570 2552 802 2620 habeas,
837 2572 905 2605 an
935 2566 1181 2627 reposcet
1212 2554 1355 2607 dives
1390 2554 1458 2606 ab
1489 2554 1588 2607 he-

572 2634 700 2687 rede
718 2638 995 2709 pauperis,
1012 2636 1069 2689 id
1088 2636 1262 2709 quod,
1282 2636 1367 2689 vel
1382 2648 1588 2689 tantum

574 2730 833 2789 quantum
854 2720 971 2789 ipse
996 2730 1305 2771 testamento
1332 2736 1429 2770 suo
1454 2735 1589 2787 pau-

571 2802 690 2870 peri
704 2798 955 2853 dederat?
970 2802 1117 2872 atqui
1129 2798 1381 2852 heredem
1396 2818 1458 2850 ex
1474 2816 1588 2851 asse

572 2878 891 2929 instituerat.
920 2878 1035 2931 Nec
1061 2881 1222 2950 igitur
1252 2876 1308 2929 id
1338 2876 1454 2928 fieri
1484 2894 1588 2947 po-

574 2969 705 3022 test,
728 2976 829 3010 nec
850 2959 1132 3011 verisimile
1158 2973 1269 3026 est,
1293 2976 1590 3031 pauperem

572 3047 727 3086 tanto
741 3034 917 3105 legato
932 3036 1184 3089 heredem
1199 3054 1353 3089 suum
1365 3054 1588 3088 onerare

574 3114 839 3168 voluisse:
878 3134 1044 3188 quum
1072 3118 1115 3168 si
1145 3116 1213 3167 ad
1243 3120 1592 3187 quantitatem

574 3192 873 3259 bonorum,
888 3212 1001 3245 non
1021 3193 1089 3245 ad
1108 3194 1319 3246 titulum
1339 3195 1491 3247 illum
1509 3214 1592 3247 re-

575 3274 805 3341 spiceret
816 3311 833 3339 ,
847 3272 1005 3343 primi
1018 3270 1101 3323 vel
1117 3270 1339 3324 secundi
1351 3272 1560 3325 heredis
1573 3311 1588 3338 ‚

578 3362 673 3401 aut
700 3348 1201 3415 fideicommissarii,
1232 3362 1323 3400 aut
1350 3350 1588 3421 legatarii

575 3427 912 3494 universalis,
938 3441 1032 3479 aut
1052 3428 1291 3500 partiarii
1314 3426 1464 3498 (quae
1480 3428 1591 3499 ple-

574 3528 648 3561 na
671 3507 889 3561 honoris
912 3522 1037 3562 sunt
1060 3510 1309 3581 nomina)
1329 3522 1474 3562 certo
1496 3511 1592 3561 sci-

576 3604 684 3659 ret,
704 3603 765 3642 ut
777 3590 861 3643 vel
880 3592 1094 3643 minima
1112 3610 1236 3663 pars
1258 3590 1357 3643 sihi
1378 3610 1409 3643 a
1433 3590 1590 3643 divite

579 3690 901 3744 quocunque
914 3672 1069 3724 titulo
1083 3672 1266 3725 relicta
1283 3686 1438 3740 esset,
1447 3672 1588 3725 hane

578 3772 701 3807 suas
726 3772 911 3807 omnes
933 3754 1212 3806 facultates
1237 3772 1585 3807 excessuram.

576 3834 818 3887 Alterum
838 3846 1206 3906 argumentum
1218 3873 1235 3903 ,
1253 3847 1312 3886 ut
1336 3834 1558 3888 diximus
1571 3874 1588 3903 ‚

466 3962 479 3979 ,
578 3916 635 3967 in
675 3920 919 3989 aequitate
965 3916 1200 3987 positum
1246 3927 1341 3967 est.
1382 3918 1592 3986 Pauper

583 4012 859 4068 nunquam
872 3998 1093 4050 mutavit
1110 4008 1505 4050 testamentum:
1528 3998 1591 4050 si-

580 4092 647 4126 ve
686 4091 849 4130 auctae
864 4118 881 4147 ,
919 4082 1025 4131 sive
1062 4078 1330 4131 diminutae
1364 4076 1590 4130 fuissent

585 4156 697 4223 ejus
722 4173 850 4227 opes
874 4170 927 4208 et
948 4156 1257 4225 facultates,
1283 4169 1442 4229 atque
1467 4172 1588 4211 ante

1667 2716 1789 2769 dem
1808 2728 2140 2769 testamento.
2153 2718 2261 2769 Cur
2275 2734 2403 2786 ergo
2418 2734 2522 2767 non
2537 2715 2660 2767 idem

1667 2798 1723 2848 in
1764 2797 1939 2867 legato
1982 2798 2152 2851 divitis
2195 2798 2536 2850 servabitur?
2568 2794 2658 2849 Sed

1669 2881 2048 2931 commentaria
2067 2898 2178 2931 non
2200 2878 2408 2932 edimus
2421 2920 2436 2945 ,
2459 2898 2556 2932 nec
2571 2878 2660 2929 hn-

1664 2961 1752 3029 jus
1803 2957 1906 3009 loci
1953 2970 2034 3010 est
2075 2956 2216 3009 hanc
2262 2959 2660 3011 controversiam

1669 3052 1896 3091 tractare
1919 3040 1975 3090 in
1999 3052 2279 3113 utramque
2297 3054 2504 3113 partem
2521 3058 2660 3092 accu-

1669 3119 1850 3171 ratius.
1874 3118 2137 3171 AEuonmS.

1747 3213 1768 3247 1
1781 3236 1794 3247 .
1807 3198 1980 3248 Lateri
1994 3199 2198 3249 sciebat.
2214 3197 2312 3249 Ed.
2335 3198 2451 3270 Bip.
2471 3197 2562 3250 dat
2579 3196 2658 3247 lat.

1669 3294 1759 3329 suo
1782 3296 1850 3328 sc.
1880 3276 2078 3329 advers.
2103 3278 2271 3329 Hack.
2299 3292 2354 3330 et
2377 3280 2548 3331 Burm.
2577 3276 2658 3325 Eo.

1743 3376 1790 3411 2.
1833 3358 1904 3410 Ut
1933 3360 2169 3413 adversus
2206 3380 2294 3413 me
2326 3362 2488 3413 dicere
2525 3358 2667 3413 vellet

1669 3443 1847 3493 animo
1877 3460 1984 3493 suo.
2019 3444 2186 3512 Lege:
2230 3453 2292 3494 ut
2327 3444 2584 3496 adversum
2621 3460 2666 3493 ω

1669 3520 1856 3573 discere
1869 3520 2025 3572 vellet
2037 3523 2274 3573 animum
2289 3542 2476 3574 meum.
2487 3522 2664 3572 AEnon.

1669 3600 1780 3663 An,
1810 3598 2045 3653 adversus
2073 3618 2158 3651 me
2170 3602 2421 3671 judicare
2447 3620 2493 3652 v.
2519 3620 2570 3650 a.
2599 3618 2664 3650 m.

1669 3678 1966 3731 secundum
1984 3681 2218 3730 animum
2236 3698 2440 3745 meum,
2453 3677 2539 3731 vel
2557 3678 2668 3751 plu-

1667 3762 1884 3825 rimum,
1899 3760 1984 3811 vel
2003 3762 2251 3832 exiguum
2267 3763 2356 3813 isti
2375 3758 2668 3813 adversario

1668 3856 1788 3891 meo
1819 3837 1987 3889 voluit
2019 3839 2298 3907 relictum,
2333 3854 2431 3892 etc.
2469 3838 2668 3891 Judn'cia

1669 3936 1786 3969 mea
1805 3918 1960 3985 infra,
1979 3936 2079 3989 pro
2097 3930 2416 3971 testamento
2434 3940 2448 3969 ε
2471 3932 2526 3972 et
2533 3918 2669 3992 judi-

1669 4010 1786 4048 care
1811 4007 1931 4068 post
1961 4008 2198 4049 mortem.
2233 3998 2352 4051 Seu.
2379 4026 2452 4037 -—-
2473 3999 2558 4049 De
2582 3994 2666 4047 illo

1669 4080 1776 4149 ipse
1803 4096 1950 4130 sens..
1985 4078 2270 4132 Maluimus
2301 4080 2406 4151 ipse
2435 4098 2540 4151 pro
2569 4081 2666 4151 ipso

1668 4176 1790 4211 cum
1803 4158 1966 4211 Hack.
1979 4160 2153 4232 etBip.
2167 4157 2372 4213 advers.
2385 4160 2570 4213 Burm-
2581 4160 2662 4211 En.
