2855 4871
576 450 1418 522 DECLAMATIONES.
1464 450 1916 523 chxxvt.
2168 454 2289 545 137

203 574 516 649 nandum
539 576 660 666 sit,
688 598 1016 675 spectare,
1047 594 1126 647 ut
1146 602 1360 675 quam
1393 577 1776 651 minimum
1801 606 1879 652 ex
1902 579 2145 653 eadem
2176 608 2293 681 pe-

205 712 366 764 reat.
406 691 858 765 Adversarius
896 692 1086 765 enim
1124 693 1467 789 queritur,
1504 694 1811 791 aliquam
1842 697 2035 769 verbi
2078 697 2293 769 inter-

205 810 656 907 pretationem
686 810 908 909 perire
936 838 952 882 :
991 836 1116 883 nos
1147 829 1364 883 totam
1393 811 1621 911 legem
1641 871 1660 904 ,
1690 834 1911 886 totum
1937 814 2051 914 jus
2079 843 2095 886 :
2125 815 2295 887 tole-

205 926 438 999 rabilis
483 927 676 1000 enim
719 949 892 1000 esset
935 928 1111 1000 mihi
1155 955 1320 1001 cum
1361 928 1766 1003 adversariis
1808 932 2193 1022 contentio,
2238 932 2293 1004 si

207 1064 654 1139 quaereretur,
707 1070 800 1116 an
847 1045 980 1117 hoc
1029 1064 1264 1145 optare
1314 1046 1549 1145 puella
1597 1046 1877 1121 deberet
1917 1076 1933 1119 ε
1982 1076 2175 1120 nunc
2222 1048 2297 1119 id

205 1180 460 1257 agunt,
507 1181 588 1233 ut
632 1160 812 1231 nibil
855 1182 1045 1260 optet
1087 1187 1104 1233 t
1153 1183 1221 1233 et
1269 1190 1449 1235 nova
1498 1163 1804 1264 quadam
1856 1192 1932 1235 ac
1983 1190 2297 1263 perversa

203 1272 480 1346 actione
503 1276 847 1365 nituntur,
875 1297 952 1348 ut
975 1276 1162 1349 bona
1189 1278 1473 1377 raptoris
1496 1300 1736 1378 optare
1756 1278 1993 1379 puella
2016 1304 2159 1351 non
2187 1280 2298 1351 de-

203 1387 390 1480 beat,
423 1390 592 1487 quia
609 1412 844 1489 optare
873 1391 1048 1463 nihil
1073 1392 1275 1464 aliud
1291 1414 1545 1492 potest,
1572 1422 1784 1493 quam
1808 1394 2015 1466 bona.
2037 1397 2127 1465 At
2151 1420 2294 1465 non

207 1526 300 1577 est
322 1531 635 1603 aequum,
662 1528 732 1579 et
749 1529 1050 1581 mortem
1082 1498 1370 1609 raptoris
1391 1511 1815 1607 contingere,
1842 1533 1906 1583 et
1930 1512 2149 1582 bona:
2176 1510 2293 1581 sed

204 1621 336 1693 hoc
367 1648 452 1694 eo
485 1623 820 1722 pertinet,
855 1646 936 1696 ut
969 1624 1026 1697 si
1058 1646 1356 1697 mortem
1389 1627 1689 1724 optavit,
1726 1646 1961 1726 optare
1992 1654 2133 1699 non
2170 1625 2297 1698 de-

203 1736 358 1809 beat
401 1737 592 1810 bona
625 1766 638 1809 :
693 1739 784 1811 ita
826 1740 1118 1812 demum
1155 1740 1358 1813 eninr
1393 1760 1462 1813 et
1498 1762 1795 1815 mortem
1831 1742 1893 1815 ei
1930 1741 2297 1841 contigisse

205 1851 490 1949 raptoris
509 1850 826 1925 dicemus
845 1910 862 1943 ,
895 1875 960 1927 et
978 1854 1167 1927 bona
1192 1882 1206 1927 :
1235 1881 1514 1953 aequum
1536 1877 1634 1929 est
1653 1857 1846 1929 enim
1870 1854 2294 1955 interpellari

205 1992 398 2063 posse
427 1968 790 2067 optionem
817 1969 1029 2042 etiam
1059 1970 1242 2044 facto
1271 1972 1526 2071 ipsius,
1559 1972 1789 2045 alieno
1810 1998 1970 2044 vero
2003 1970 2302 2070 iniquis-

203 2082 488 2155 simum.
531 2084 769 2174 Quare
815 2086 872 2156 si
915 2113 1040 2185 per
1077 2087 1260 2159 hanc
1297 2086 1621 2177 stetisset,
1670 2108 1745 2159 ut
1780 2108 2009 2187 raptor
2048 2086 2301 2185 periret

205 2199 676 2299 (quamquam
727 2222 998 2300 possem
1044 2202 1308 2295 dicere,
1343 2203 1520 2276 illud
1555 2230 1699 2277 non
1737 2204 2029 2304 optavit,
2066 2224 2133 2275 et
2160 2200 2297 2300 legi

207 2341 346 2415 non
371 2336 474 2387 est
495 2317 990 2414 satisfactum):
1024 2318 1311 2391 haberet
1331 2340 1573 2393 tamen
1591 2319 1901 2419 aliquam
1923 2319 2261 2390 rationem
2278 2374 2296 2407 ,

207 2434 442 2506 saltem
477 2434 653 2507 falsa
685 2434 836 2537 ejus
863 2437 1256 2522 calumnia·
1294 2465 1487 2512 nunc
1520 2439 1692 2538 quid
1724 2437 1890 2510 fecit
1920 2437 2187 2536 puella,
2223 2456 2301 2508 ut

205 2554 436 2650 raptor
465 2552 900 2625 moreretur?
933 2557 1179 2652 Itaque
1212 2556 1378 2628 huic
1409 2582 1554 2628 non
1589 2575 1870 2627 tantum
1905 2554 1975 2625 in
2017 2553 2149 2625 hoc
2190 2552 2297 2624 la-

207 2664 332 2735 bor
359 2687 486 2754 est,
519 2688 596 2739 ut
624 2667 810 2738 bona
841 2669 1128 2767 raptoris
1155 2669 1485 2769 accipiat3
1512 2668 1635 2741 sed
1666 2670 1741 2741 in
1770 2667 1892 2741 illo
1920 2668 2145 2768 major
2172 2667 2301 2738 ali-

209 2803 498 2878 quanto‚
533 2800 614 2854 ut
643 2784 1016 2912 approbet,
1053 2785 1246 2884 quod
1281 2805 1600 2888 optatura
1628 2783 1879 2890 fuerit,
1912 2784 1970 2856 si
1998 2783 2295 2872 vive-ret:

208 2892 376 2966 duas
424 2897 618 2970 enim
667 2899 816 2972 sine
867 2898 1088 2972 dubio
1136 2925 1396 2999 poenas
1421 2900 1747 2972 adversus
1794 2917 2145 2999 raptorem
2192 2898 2299 2969 lex

205 3008 598 3100 constituit;
631 3011 938 3084 alteram
949 3032 1204 3085 tamen·
1223 3014 1520 3086 mitem:
1557 3036 1687 3085 nec
1720 3039 1995 3120 semper
2026 3012 2153 3085 hac
2188 3039 2299 3084 co-

207 3124 412 3220 gitata
430 3148 503 3198 et
518 3113 830 3225 publica,
856 3127 1128 3202 crudeli
1147 3155 1227 3234 ac
1249 3128 1705 3227 sanguinaria
1724 3148 2017 3204 tenetur
2038 3126 2301 3200 Hodie-

207 3265 338 3340 que
384 3241 704 3341 alioquin
753 3269 990 3316 nonne
1029 3247 1280 3316 merito
1323 3269 1366 3316 a
1395 3244 1626 3331 vobis,
1670 3245 1915 3316 merito
1956 3269 1996 3314 a
2028 3241 2298 3314 civitate

207 3356 846 3456 reprehenderetur,
891 3359 947 3431 si
981 3345 1176 3432 aliud
1217 3387 1362 3433 non
1398 3357 1711 3461 optando
1744 3359 1878 3432 hoc
1914 3359 2301 3432 ostenderet

206 3493 269 3544 et
307 3473 552 3545 fecisse
599 3495 948 3573 raptorem
971 3533 990 3566 ,
1041 3476 1231 3573 quod
1275 3477 1426 3575 ipsa
1472 3497 1646 3548 esset
1691 3473 2061 3574 optatura?
2108 3473 2298 3546 Hinc

208 3607 564 3662 transeunt
599 3589 690 3662 ad
724 3589 1192 3691 conjecturam
1215 3650 1235 3684 ,
1286 3611 1354 3664 et
1385 3590 1715 3690 suspicari
1747 3617 1865 3663 vos
1898 3590 2146 3662 volunt
2177 3615 2295 3676 ea,

210 3727 354 3799 quae
394 3705 688 3804 probare
735 3733 880 3776 non
928 3727 1265 3807 possunt:
1315 3732 1461 3778 non
1508 3706 1742 3798 enim,
1782 3706 2155 3805 inquiunt,
2197 3723 2301 3776 est

217 3817 536 3892 credibile
571 3818 964 3917 periturum
998 3821 1210 3895 fuisse
1239 3842 1624 3922 raptorem,
1673 3821 1806 3894 nisi
1848 3819 1979 3892 hoc
2021 3837 2298 3919 optatu-

217 3957 354 4006 ram
383 3935 625 4008 scisset
650 3934 981 4035 puellam.
1014 3940 1193 4009 Ante
1217 3937 1493 4026 omnia,
1524 3963 1751 4034 quum
1781 3935 2037 4006 dicitur
2062 3932 2297 4020 scisse,

218 4049 378 4125 illud
399 4051 825 4142 ostenditur,
843 4081 1041 4152 posse
1065 4054 1342 4155 probari
1359 4112 1376 4145 ,
1399 4081 1540 4154 quo
1561 4052 1773 4125 modo
1794 4049 2041 4124 scierit:
2066 4075 2296 4148 quaero

216 4169 386 4242 enim
411 4197 454 4244 a
471 4167 862 4268 vobisipsis
880 4169 1316 4261 adversariis,
1343 4196 1485 4268 quo
1507 4167 1719 4240 modo
1738 4164 2074 4265 colligatis
2096 4165 2297 4238 scisse
