2855 4871
664 413 1502 484 DECLAMATIONES.
1549 413 1816 481 chx.
2205 421 2286 506 73

204 538 347 638 puli
378 537 647 612 vultum
668 595 687 629 ,
730 539 1075 612 illibatam
1109 537 1522 638 dignitatem
1557 537 1816 612 civium
1851 539 2184 614 servasse!
2232 542 2284 614 si

204 657 287 728 ad
319 656 717 746 utilitatem3
756 677 1017 756 quanto
1054 655 1309 729 melius
1334 683 1416 728 ac
1444 656 1710 758 majus,
1737 683 2034 730 servasse
2080 685 2290 732 suum

204 797 571 844 numerum
612 771 907 858 civitati,
942 797 1101 843 suos
1136 769 1448 842 ordines!
1489 771 1600 842 An
1627 795 1790 844 vero
1821 770 2007 863 illos,
2041 773 2164 871 qui
2195 773 2294 846 in-

206 909 427 984 gentes
474 887 851 960 noxiorum
906 885 1205 958 familias
1259 884 1552 958 occisuri
1588 941 1607 976 ,
1660 906 1894 960 tamen
1947 910 2240 987 pascunt
2269 948 2289 981 ,

206 999 439 1098 plausu
458 1001 887 1092 fovebimus,
909 1000 1071 1073 etin
1096 999 1430 1072 omnibus
1453 999 1864 1100 spectaculis
1893 1001 2292 1075 adulatione

206 1114 411 1188 multa
430 1114 985 1217 prosequemur?
1002 1115 1193 1188 hunc
1209 1170 1228 1201 ,
1258 1114 1382 1214 qui
1408 1135 1678 1214 partem
1703 1116 1964 1190 civium
1983 1174 2004 1209 ,
2031 1115 2294 1191 levibus

204 1231 476 1305 offensis
500 1233 857 1324 miseram,
871 1251 1231 1320 sustentat,
1256 1257 1339 1304 ac
1362 1231 1786 1330 poenitentiae
1809 1259 1948 1304 suae
1977 1259 2296 1306 suorum-

204 1373 329 1444 que
368 1347 717 1448 integram
750 1368 999 1438 servat,
1038 1346 1191 1446 lege
1238 1345 1448 1418 etiam
1486 1345 1892 1445 gravissima
1929 1373 2300 1447 perseque-

208 1462 392 1534 mur?
406 1464 585 1562 quid
610 1464 803 1536 enim
827 1463 1035 1537 nobis
1052 1485 1197 1536 tam
1220 1459 1569 1553 naturale,
1591 1462 1764 1562 quid
1789 1465 1878 1536 ab
1903 1464 2050 1564 ipsa
2071 1466 2298 1536 Provi-

206 1577 427 1651 dentia
454 1580 683 1679 magis
711 1579 953 1654 datum
982 1605 1530 1678 concessumque
1557 1598 1782 1677 potest
1795 1578 2054 1668 videri,
2077 1606 2296 1680 quam

205 1693 372 1768 alere
402 1695 735 1770 homines
762 1724 840 1769 ac
862 1695 1245 1770 sustinere?
1271 1699 1474 1768 Muta
1497 1694 1899 1770 mehercule
1923 1695 2258 1770 animalia
2275 1755 2294 1786 .,

208 1838 347 1910 quae
386 1812 627 1886 venire
662 1813 749 1886 ad
788 1828 1125 1886 manum¹
1176 1826 1245 1885 et
1285 1839 1764 1898 mansuescere
1798 1835 2104 1912 queunt,
2152 1841 2296 1887 non

208 1925 597 2002 humanum
640 1928 849 2002 modo
868 1986 887 2020 ‚
922 1929 1044 2002 sed
1074 1927 1283 2002 etiam
1309 1928 1808 2027 voluptuosum
1845 1949 1974 2018 est,
2007 1928 2192 2001 alere
2221 1957 2298 2016 ac

208 2065 511 2137 pascere:
562 2041 739 2142 quid
778 2042 865 2116 de
906 2041 1198 2115 homine
1231 2039 1511 2113 dicam?
1555 2039 2026 2140 quisquamne
2079 2042 2300 2141 magis

208 2161 563 2258 negotium
593 2160 960 2260 publicum
978 2186 1179 2264 „non
1208 2158 1502 2232 civitatis
1529 2158 1744 2231 modo
1763 2215 1783 2247 ‚
1813 2158 1935 2232 sed
1962 2159 2170 2231 totius
2199 2186 2300 2231 re-

212 2299 353 2346 rum
377 2297 648 2348 naturae
670 2274 842 2374 agit,
872 2301 1087 2374 quam
1114 2273 1235 2372 qui
1260 2271 1530 2346 animal
1553 2272 1684 2345 hoc
1706 2271 1838 2346 deo
1861 2273 2262 2372 proximum
2279 2329 2298 2363 ,

211 2407 267 2458 et
304 2387 373 2460 in
406 2387 1075 2490 contemplationem
1120 2389 1448 2463 omnium
1469 2446 1488 2481 ,
1537 2413 1976 2489 quoecunque
2028 2389 2298 2461 mundo

210 2504 677 2602 contigerunt,
732 2503 1187 2577 constitutum
1240 2524 1564 2604 prorogat
1625 2502 2124 2603 producitque?
2177 2503 2298 2601 qui

212 2642 359 2716 opes
390 2644 557 2691 suas
580 2617 657 2691 in
682 2618 964 2718 publico
988 2618 1223 2718 posuit
1244 2617 1309 2689 ²?
1334 2644 1478 2717 quo
1502 2616 1850 2716 locuplete
1879 2644 2092 2689 nemo
2121 2642 2300 2715 pau-

216 2756 325 2829 per
350 2754 491 2825 est,
529 2759 745 2807 nemo
776 2730 971 2831 eget?
994 2736 1065 2805 0
1090 2733 1345 2805 misera
1370 2730 1718 2830 tempora!
1759 2731 1893 2804 hoc
1924 2730 2304 2803 defenden-

212 2842 371 2919 dum
390 2844 542 2921 est?
564 2845 839 2919 Scilicet
860 2846 1040 2921 illud
1068 2845 1423 2919 honestius
1437 2903 1457 2935 ‚
1485 2845 1740 2917 liberos
1763 2844 2072 2918 sublatos
2086 2902 2105 2937 ,
2129 2843 2302 2945 jam-

213 2986 333 3057 que
357 2962 437 3034 in
472 2961 1015 3035 adolescentiam
1048 2982 1435 3061 provectos,
1481 2961 1742 3061 pellere
1775 2960 1988 3035 domo
2007 3017 2027 3051 ‚
2057 2981 2126 3034 et
2150 2988 2302 3060 pro-

212 3075 441 3151 hibere
460 3079 865 3179 penatibus3
890 3099 959 3152 et
976 3078 1233 3151 omissa
1254 3076 1681 3152 emendandi
1705 3105 1875 3152 cura
1896 3078 1992 3151 sic
2013 3078 2296 3179 punire,

214 3212 287 3265 ut
324 3192 439 3267 his
472 3194 779 3267 succurri
808 3221 955 3267 non
999 3194 1221 3269 liceat.
1271 3194 1648 3267 Abdicatos
1693 3194 1766 3267 in
1811 3194 2024 3267 domo
2057 3192 2303 3292 recipit

214 3330 275 3381 et
310 3310 529 3409 pascit
563 3338 579 3383 ε
630 3310 729 3383 sic
773 3308 958 3385 istud
988 3366 1007 3401 ‚
1064 3333 1430 3411 tamquam
1477 3310 1882 3412 sacrilegos,
1931 3332 2300 3410 tamquam

214 3424 587 3500 homicidas
608 3484 627 3519 ,
676 3450 1041 3528 tamquam
1082 3428 1432 3502 latrones?
1483 3429 1556 3503 Si
1599 3449 1744 3501 tam
1789 3454 1994 3528 grave
2037 3427 2298 3499 crimen

216 3563 333 3635 est,
362 3565 561 3618 aetate
586 3544 762 3635 labi3
786 3544 845 3617 si
874 3566 1021 3618 tam
1041 3543 1494 3645 inexpiabile,
1522 3543 1896 3619 offendisse
1923 3542 2300 3642 aliquando

222 3678 565 3755 paternam
592 3660 1053 3749 severitatem,
1075 3686 1289 3734 novas
1312 3662 1688 3760 excogitate
1712 3660 1929 3761 leges,
1956 3659 2304 3759 asperiora

288 3846 331 3881 1.
352 3830 633 3883 Veniread
650 3850 887 3885 manum.
904 3835 983 3885 lta
996 3850 1215 3885 manum
1370 3850 1419 3885 2.
1449 3832 1518 3883 Iu
1541 3830 1757 3905 publico
1780 3830 1974 3905 posuit.
2003 3830 2308 3900 Opponitur

216 3907 345 3973 pati,
360 3908 659 3977 hiarium,
676 3913 787 3965 sive
800 3914 1107 3983 quicunqne
1122 3930 1217 3965 au·
1296 3913 1403 3967 hoc
1421 3913 1550 3979 illis,
1571 3914 1742 3987 quiin
1760 3913 1970 3985 foenore
1988 3920 2224 3982 ροηωιε,
2249 3924 2312 3963 ut
2353 3906 2358 3913 ’

218 4000 325 4039 οισι·
344 4004 425 4044 est
450 4004 887 4062 argumentorum
912 3990 1215 4047 fabularum
1294 3993 1514 4065 proprie
1535 3990 1910 4062 loquebantur.
1931 3991 2114 4041 Horat.
2131 3988 2240 4043 Sat.
2255 3992 2306 4057 1,

220 4066 405 4137 Ovidii,
422 4071 619 4126 dixisse
636 4072 885 4127 observat
902 4072 1078 4127 Barth.
1096 4074 1214 4127 vm
1297 4088 1349 4139 2,
1368 4088 1385 4123 ι
1396 4072 1456 4125 3:
1477 4071 1664 4123 ..Dives
1677 4071 1866 4140 positis
1879 4071 1932 4119 in
1943 4069 2148 4120 foenore
2160 4086 2310 4127 num.

224 4148 405 4209 advers.
434 4170 514 4227 17.
544 4155 715 4207 Buta.
1304 4174 1327 4201 ιι
1344 4154 1462 4205 mis.
1481 4176 1504 4201 a
1519 4150 1636 4205 vid.
1659 4162 1714 4202 et
1735 4147 1912 4221 Epod.
1933 4149 1982 4203 ll
2003 4149 2096 4203 fin.
