2855 4871
439 468 446 479 '
547 449 1388 519 DECLAMATIONES.
1439 450 1956 517 CCCXXXIX.

193 606 407 651 mum
451 576 873 677 reposuisse:
919 574 1034 646 ille
1076 600 1271 664 vero,
1309 573 1432 672 qui
1470 600 1539 645 se
1578 573 1654 646 in
1697 576 2093 647 servitutem
2126 574 2306 648 hosti

193 694 470 785 dediv,
518 693 640 792 qui
690 690 970 791 abjectis
1022 690 1232 761 armis
1279 710 1521 789 parata
1575 690 1650 762 in
1694 690 1973 763 vincula
2017 691 2311 791 praebuit

197 835 500 897 manuS,
533 834 750 906 quam
785 806 1070 879 tandem
1105 806 1310 878 nobis
1348 833 1547 905 spem
1591 807 1664 876 in
1708 828 2061 906 posterum
2099 806 2309 880 facit?

195 926 434 1021 Atque
469 950 633 1022 ego,
666 921 1161 1012 Athenienses„
1201 948 1284 993 eo
1321 941 1672 1022 tempore,
1719 948 1859 1020 quo
1892 922 2105 1022 recipi
2149 922 2309 994 istos

199 1038 559 1139 placebat,
595 1036 1147 1111 contradicturus
1185 1037 1328 1128 fui,
1369 1036 1502 1109 nisi
1538 1036 1728 1135 quod
1758 1058 2021 1137 poterat
2052 1038 2311 1111 hones-

199 1176 359 1225 tum
396 1181 478 1225 ex
513 1154 625 1225 his
667 1153 960 1252 receptis
999 1151 1400 1251 exemplum
1433 1152 1621 1223 fieri:
1660 1174 1827 1224 sunt
1866 1154 2309 1252 igitur,digni

200 1298 414 1371 poena
447 1270 682 1367 aliqua
704 1321 723 1359 ,
762 1291 927 1342 sunt
966 1268 1398 1369 ignominia,
1435 1269 1490 1340 si
1526 1268 1658 1341 hoc
1692 1290 1965 1341 tantum
2000 1271 2087 1343 ad
2130 1272 2313 1370 ipsos

204 1388 561 1459 referatur.
590 1386 726 1459 Sed
753 1387 959 1461 redeo
983 1379 1071 1457 ad
1097 1382 1462 1485 publicam
1488 1385 1898 1459 utilitatem:
1932 1386 2108 1458 nihil
2136 1414 2311 1479 esse,

203 1532 350 1602 quo
383 1504 604 1603 magis
631 1504 994 1604 disciplina
1023 1500 1336 1576 militaris
1361 1503 1766 1576 confirmari
1790 1518 2083 1603 posset2,
2108 1505 2315 1578 Athe-

201 1620 516 1711 nienses,
544 1645 761 1719 quam
791 1617 1192 1718 exemplum
1217 1615 1539 1689 adversus
1563 1617 1918 1716 indignoS‚
1950 1645 2162 1690 nemo
2191 1619 2315 1691 du-

202 1734 487 1806 bitavit:
519 1759 676 1832 quae
701 1732 894 1804 enim
920 1758 1076 1830 spes
1100 1731 1174 1802 in
1198 1730 1398 1802 bellis
1424 1730 1498 1801 in
1530 1730 1752 1803 milite
1782 1752 2018 1803 nostro
2044 1733 2315 1805 residua

205 1870 346 1941 est,
390 1848 448 1921 si
493 1847 673 1920 nihil
716 1849 946 1949 potius
988 1848 1233 1937 fuerit,
1267 1873 1487 1945 quam
1530 1846 1731 1947 capi?
1771 1869 2041 1921 certum
2088 1849 2314 1921 habeo

202 1990 405 2037 nunc
438 1964 601 2035 istos
635 1964 822 2037 male
855 1963 1107 2035 sentire
1123 1954 1224 2034 'de
1258 1962 1404 2053 his,
1442 1963 1567 2061 qui
1604 1961 1681 2035 in
1719 1963 1860 2035 acie
1890 1963 2313 2037 ceciderunt.

2176 448 2303 540 395

285 2188 332 2223 ι.
359 2168 512 2221 Inter
532 2170 772 2221 virtutem
799 2166 931 2220 hosti
957 2168 1111 2219 dedit.
1137 2164 1216 2220 cl.

205 2250 482 2307 Beatleius
511 2248 582 2302 ad
601 2251 784 2303 Horat.
808 2248 912 2303 Od.
939 2250 1037 2315 111,
1059 2247 1110 2315 5,
1129 2248 1220 2316 33,

1301 2164 1434 2217 cius.
1456 2166 1516 2215 In
1535 2165 1769 2235 priorem
1789 2164 2239 2235 emendationem,
2254 2180 2315 2219 ut

1299 2245 1512 2299 facilem
1544 2258 1594 2298 et
1628 2248 1963 2301 manifestam
1996 2252 2313 2313 consentiet

204 2334 369 2405 legit:
398 2356 421 2379 ι
441 2331 534 2385 Ille
551 2350 706 2398 vere,
728 2331 823 2403 qui
845 2349 899 2382 se
923 2332 978 2383 in
1002 2331 1222 2383 servitu-

213 2439 236 2461 «
255 2428 369 2467 tem
385 2408 531 2464 hosti
548 2408 775 2475 dedidit,
791 2410 882 2482 qui
902 2408 1122 2481 abjectis
1144 2426 1224 2462 ar·

213 2517 236 2543 ιι
257 2498 359 2548 mis
399 2503 614 2566 paratas
657 2495 710 2545 in
749 2490 962 2545 vincula
1001 2489 1224 2563 praebuit

215 2599 238 2623 a
260 2591 470 2626 manus.
493 2597 518 2621 n
543 2570 649 2625 Sed
679 2574 750 2624 ita
778 2573 888 2642 jam
919 2569 1220 2624 Obrechtus

209 2651 479 2714 ediderat,
504 2652 606 2703 nisi
627 2648 771 2722 quod
792 2647 932 2702 dedit
948 2647 1108 2700 habet
1129 2669 1144 2709 ς
1169 2663 1222 2701 et

211 2731 314 2784 illi.
361 2729 466 2783 Sed
507 2743 562 2782 et
605 2728 961 2799 Schultingius
1001 2729 1074 2779 ita
1109 2727 1221 2797 jam

213 2809 618 2870 emendent-au
643 2819 856 2880 paratas
881 2809 1040 2860 etiem
1059 2809 1222 2859 Fran·

1302 2323 1396 2377 sed
1423 2337 1613 2397 parata
1641 2324 1853 2379 vincula
1881 2346 1991 2379 non
2016 2346 2314 2395 moverem,

1303 2425 1418 2478 quoe
1443 2404 1718 2479 Philippus
1744 2404 1945 2460 scilicet
1964 2410 2077 2482 jam
2100 2428 2315 2482 parave-

1300 2503 1384 2540 rat
1407 2488 1617 2542 Graecis.
1644 2489 1814 2541 Bunu.

1375 2588 1424 2622 2.
1466 2567 1778 2642 Confirman'
1808 2580 1992 2640 posset.
2028 2570 2084 2621 C.
2122 2570 2311 2640 possit,

1301 2647 1481 2700 AErod.
1510 2661 1563 2700 et
1583 2647 1855 2698 Francius.
1880 2676 1952 2686 -
1970 2647 2141 2698 Nemo
2160 2647 2313 2700 dubi-

1301 2729 1447 2781 tavit.
1474 2731 1638 2797 Lege,
1658 2725 1929 2780 dubitabit.
1950 2727 2117 2780 Giton.
2142 2727 2313 2782 Nemo

1299 2809 1575 2876 dubitarit,
1600 2810 1873 2862 Francius.
