2855 4871
600 459 1438 530 DECLAMATIONES.
1485 461 1746 527 CCLV.
2133 475 2203 536 51
2301 393 2314 421 =

140 615 221 662 ac
258 588 319 661 si
354 585 679 687 praeclusa
712 584 859 655 haec
885 583 1104 655 ‘fuerit
1139 609 1330 682 spes,
1378 582 1570 682 quod
1619 585 1874 684 singuli
1907 589 2176 665 faciunt
2197 652 2215 685 ,

140 703 433 776 universi
462 701 882 776 suadebunt.
918 702 1083 772 Haec
1112 699 1449 791 dicerem,
1483 701 1692 773 etiam
1722 703 1779 773 si
1813 704 1992 778 nihil
2022 734 2104 780 ex
2134 709 2225 782 is-

143 821 221 892 tis
260 839 487 892 metus
529 837 741 890 esset:
788 840 979 888 nunc
1020 841 1182 890 vero
1215 841 1359 887 non
1398 841 1680 914 possum
1716 843 1860 890 non
1905 823 2222 896 confiteri

146 935 683 1010 sollicitudinem
730 959 1012 1023 meam;
1063 931 1333 1031 quoties
1386 931 1622 1005 oculos
1675 934 2069 1010 circumtuli
2091 997 2110 1030 ,
2157 965 2229 1014 et

148 1051 442 1152 singulas
474 1072 851 1123 castrorum
882 1049 1131 1122 metior
1150 1063 1167 1093 ¹
1208 1069 1470 1147 parteS,
1503 1074 1647 1121 non
1677 1049 1874 1125 aliter
1913 1080 2126 1153 quam
2168 1057 2227 1129 si

150 1167 399 1239 vallum
436 1165 648 1237 hostis
695 1163 1053 1254 invaserit,
1099 1161 1364 1236 alienos
1405 1163 1720 1258 habituS,
1763 1166 1995 1242 aliena
2039 1197 2232 1244 arma
2289 1187 2296 1196 '

152 1283 377 1355 video:
424 1301 781 1354 versantur
822 1280 1004 1351 inter
1049 1279 1292 1352 domos
1334 1301 1638 1370 nostraS,
1692 1283 2185 1387 inter,templa
2210 1345 2230 1378 ,

156 1398 321 1470 inter
360 1424 635 1488 muroS,
676 1397 752 1467 in
787 1393 1041 1468 mediis
1082 1394 1478 1495 reipublicae
1517 1397 1916 1474 visceribus,
1951 1403 2064 1473 An
2098 1402 2231 1475 ali-

154 1517 315 1616 quid
367 1514 537 1588 mali
580 1515 797 1588 velint
834 1515 1096 1605 facere,
1135 1534 1367 1613 postea
1418 1515 1655 1587 videro
1679 1547 1698 1606 3
1743 1516 2023 1592 interim
2067 1548 2234 1620 pos-

156 1654 324 1706 sunt.
364 1635 510 1732 Ego
554 1631 739 1704 istud
782 1629 1040 1702 credidi
1082 1629 1352 1702 scelus²
1396 1657 1620 1728 quum
1662 1659 1704 1702 a
1744 1633 2036 1732 singulis
2081 1663 2234 1738 spes

159 1771 247 1820 est
264 1807 285 1840 ,
314 1775 539 1849 quum
563 1777 604 1820 a
626 1747 870 1848 paucis
895 1773 1049 1847 spes
1071 1766 1207 1818 est:
1249 1771 1474 1845 quum
1501 1774 1542 1818 a
1563 1747 1886 1847 plurimis
1899 1751 2054 1852 jam
2078 1779 2238 1825 con-

162 1865 350 1937 sensi.
400 1865 681 1936 Novum
731 1863 1016 1936 hercule
1064 1889 1286 1962 genus
1326 1863 1536 1940 artis:
1587 1891 2092 1965 supervacuum
2141 1891 2241 1942 est

164 1981 509 2054 cuniculos
540 1981 778 2054 fodere
797 2039 817 2072 ,
854 2001 923 2051 et
956 2005 1080 2079 per
1104 1979 1406 2053 occultos
1438 2006 1683 2080 specus
1707 1982 1974 2083 ingenti
2003 1984 2239 2060 labore

166 2098 493 2171 exhaustis
516 2098 715 2170 terris
738 2153 757 2186 ,
788 2096 861 2167 in
886 2094 1197 2167 mediam
1220 2094 1454 2168 subito
1481 2123 1830 2196 emergere
1856 2100 2237 2175 civitatem:

167 2238 656 2312 supervacuum
680 2233 785 2283 est
818 2210 1159 2283 redimere
1193 2211 1618 2310 proditorem
1639 2271 1662 2303 ,
1688 2234 1755 2286 et
1787 2214 2007 2289 scelus
2035 2244 2242 2317 pecu-

170 2327 273 2399 nia
305 2328 577 2428 pacisci.
630 2326 968 2398 Videntes
1009 2325 1240 2426 palam
1262 2382 1282 2416 ,
1316 2325 1540 2398 immo
1574 2327 1953 2425 gaudentes
1990 2333 2240 2421 etiam,

171 2444 545 2544 accepimus
593 2444 773 2515 intra
811 2442 1068 2515 viscera
1110 2442 1415 2515 hostem:
1465 2470 1584 2516 vos
1630 2447 2099 2545 aestimabitis,
2151 2476 2242 2521 an

173 2582 544 2661 suspectum
580 2559 889 2632 debeatis
911 2559 1200 2648 habere,
1235 2558 1424 2658 quod
1450 2558 1540 2630 ad
1567 2580 1839 2632 tantum
1867 2588 2246 2636 numerum

176 2702 279 2773 per
304 2676 613 2777 singulos
636 2695 1133 2776 pervenerunt:
1162 2700 1373 2746 nemo
1399 2671 1555 2745 illos
1579 2676 1975 2775 recepisset,
2006 2678 2062 2749 si
2095 2679 2247 2750 uni·

176 2794 329 2864 versi
364 2794 735 2865 venissent.
784 2792 1150 2863 Omnesne
1186 2790 1263 2861 hi
1299 2789 1878 2888 desperaverunt?
1911 2818 2246 2866 omnesne

178 2906 557 2982 consulere-³
592 2934 671 2980 ac
702 2906 1085 3007 prospicere
1116 2903 1525 2977 voluerunt?
1552 2905 1818 2978 adeone
1850 2905 2122 2981 facilius
2151 2931 2251 2984 est

178 3024 613 3123 transfugere,
658 3048 871 3120 quam
904 3019 1189 3094 cadere?
1230 3021 1502 3092 Omnes
1556 3019 1628 3091 hi
1685 3020 2119 3121 reliquerunt
2170 3026 2246 3097 in

180 3136 423 3211 civitate
449 3136 784 3238 conjuges
807 3136 881 3208 in
910 3135 1296 3210 ludibrium
1324 3161 1401 3207 ac
1435 3134 1941 3209 contumeliam
1975 3164 2246 3232 eorum,

182 3254 291 3352 qui
330 3282 395 3328 se
424 3283 465 3328 a
502 3255 759 3328 scelere
803 3255 1108 3328 maximo
1141 3251 1374 3326 ulcisci
1418 3250 1678 3325 velint:
1727 3250 2246 3329 4manifestiore

252 3500 295 3535 ι.
312 3484 509 3538 metior.
531 3482 656 3538 scil.
680 3484 949 3549 oeulis‚ut
960 3486 1159 3537 Lucan.
1312 3482 1364 3548 4.
1410 3480 1788 3553 Manifestior-e.
1835 3482 2248 3555 Manafistiooem

188 3564 275 3627 Vl,
297 3564 387 3618 32:
420 3590 443 3613 ι
460 3566 681 3619 Metitur
701 3578 867 3619 terras
893 3566 1077 3619 oculis.
1099 3590 1123 3614 ι
1242 3558 1529 3634 quondam
1553 3562 1902 3633 conjecturam
1926 3580 2109 3634 capere
2130 3582 2256 3636 pos-

254 3661 295 3695 2.
323 3646 517 3698 credidi
536 3644 714 3699 scelus.
743 3647 855 3711 An,
883 3664 1003 3721 ergo
1035 3644 1173 3699 {suad
1242 3660 1443 3709 sumus,
1469 3638 1582 3694 scil.
1609 3640 1677 3694 de
1701 3640 1784 3695 his
1807 3642 2125 3714 transfugis:
2151 3644 2255 3695 ho-

196 3740 285 3775 nen
304 3728 491 3781 creditis
516 3726 709 3795 scelus,
732 3726 815 3780 vel
843 3724 1039 3779 credidi
1060 3746 1168 3781 sce-
1246 3722 1413 3773 mines
1439 3734 1562 3772 sunt
1587 3718 1768 3787 nihili,
1795 3724 2114 3795 coeteroquin
2141 3740 2257 3773 ma-

196 3799 291 3867 lus,
312 3822 405 3857 non
433 3824 601 3879 quum
626 3826 661 3858 a
684 3805 905 3882 sinqult's
923 3806 1173 3878 suspicio·
1250 3800 1456 3853 uisentis
1493 3802 1816 3871 conjecturis
1857 3800 2227 3873 colligeremus
2245 3840 2262 3865 ‚

198 3898 299 3947 nes,
328 3902 425 3937 non
450 3904 621 3960 quum
654 3904 689 3937 a
717 3886 901 3959 paucis
930 3904 1039 3959 spes
1069 3896 1172 3951 est,
1252 3898 1383 3932 num
1404 3882 1581 3933 minus
1594 3883 1707 3952 jam
1731 3886 1892 3935 animi
1911 3880 2166 3959 hostibus
2179 3900 2263 3935 es-
2344 3888 2348 3891 ’

200 3960 273 4011 ved
295 3982 443 4033 quum
476 3984 510 4017 a
543 3964 794 4037 plurimis
808 3966 931 4038 jam
965 3982 1177 4017 consen·
1256 3974 1351 4016 set.
1370 3962 1590 4015 Senum.
1610 3964 1681 4016 Ut
1695 3967 2041 4037 conjecturum
2055 3983 2264 4035 capere,

202 4058 309 4095 mn.
332 4046 443 4098 Seu.
474 4046 653 4100 Iocus
690 4044 1177 4118 depr-avarissimus.
1258 4042 1335 4092 ita
1375 4054 1430 4093 et
1465 4043 1760 4115 conjectum
1791 4059 1973 4113 capere
2004 4044 2136 4094 recti
2167 4042 2271 4096 dici

262 4120 307 4172 3·
332 4124 579 4179 omnesne
610 4124 892 4177 conmlere.
926 4126 1183 4183 omnesne
1260 4136 1442 4195 potest
1473 4146 1486 4174 ι
1531 4126 1606 4176 ita
1647 4124 1941 4195 conjectura
1977 4124 2272 4197 percipere,

204 4198 283 4249 sibi
298 4204 559 4258 considere.
586 4206 807 4260 senum.
1262 4204 1478 4273 Cicero,
1511 4223 1609 4277 pro
1635 4202 1864 4273 Milone,
1887 4222 1938 4274 9.
1955 4204 2052 4259 Vel
2075 4210 2272 4279 perspi-

1969 4294 2020 4360 4.
