2855 4871
623 398 1452 497 DECLAMATIONES.
1501 402 1876 471 CCCXIX.
2163 410 2293 499 289

196 526 399 595 Dum
442 550 571 622 ego
615 550 747 623 ago
784 549 945 595 meo
977 522 1283 622 judicio,
1325 522 1436 594 dic
1475 523 1740 623 legem,
1785 552 1924 625 qua
1955 526 2294 601 vindicari

196 662 431 741 potest
480 662 878 741 utrumque.
934 642 1211 738 Nempe
1253 638 1386 711 hoc
1439 638 1614 712 inter
1659 640 1796 713 alia
1846 642 2104 717 dictum
2155 668 2296 738 est,

198 754 447 844 Quam
488 782 765 827 causam
797 754 1011 847 dandi
1045 754 1296 826 veneni
1330 753 1474 825 filio
1505 782 1664 829 meo
1696 755 1950 828 habui?
1986 758 2300 832 adultera

198 897 351 941 non
397 896 608 942 eram.
650 868 800 941 Illic
828 868 1257 958 videbimus,
1298 867 1438 940 illic
1479 869 1852 943 reddemus
1885 885 1900 915 ¹
1927 872 2294 945 rationem.

196 989 346 1057 Nec
383 1007 452 1059 te
489 985 625 1058 hoc
660 984 905 1057 fefellit
937 1012 953 1056 z
996 984 1117 1057 sed
1160 984 1492 1057 naturalis
1526 985 1856 1084 improbis
1890 968 2300 1062 hominilius

198 1100 567 1173 dilationis
584 1120 683 1173 est
704 1100 1079 1201 cupiditas:
1104 1100 1219 1173 hic
1246 1100 1553 1173 infamiae
1572 1101 1760 1175 vides
1785 1129 2062 1202 poenam
2085 1133 2100 1175 :
2124 1104 2297 1203 quid

194 1238 444 1289 autem
474 1217 663 1289 fama
696 1216 784 1289 ad
811 1238 875 1289 te
893 1274 915 1307 ,
948 1239 1067 1289 aut
1094 1216 1377 1318 opinio?
1405 1216 1529 1291 sed
1557 1240 1928 1291 occurrunt
1955 1219 2087 1291 illae
2118 1220 2306 1320 cogi-

196 1332 507 1405 tationes
540 1362 557 1404 :
597 1354 947 1432 quaeretun
986 1330 1074 1404 de
1115 1331 1492 1423 adulterio,
1537 1354 1603 1405 et
1643 1356 1985 1433 quaeretur
2026 1334 2186 1425 diu,
2231 1355 2301 1406 et

196 1448 519 1521 extrahet
552 1448 947 1549 judicium,
990 1448 1170 1521 sicut
1210 1447 1436 1521 adhuc
1488 1449 1810 1541 extrahit,
1863 1471 1938 1523 ut
1979 1471 2308 1549 sequatur

193 1566 527 1638 adulterii
572 1592 851 1665 poenam
894 1564 1027 1638 alia
1067 1564 1516 1665 subscriptio,
1556 1565 1674 1637 alii
1708 1565 2022 1666 judicem,
2063 1588 2130 1639 et
2168 1566 2304 1638 alia

194 1680 579 1755 sortitionis
604 1683 924 1754 fortuna:
952 1681 1230 1753 interim
1247 1738 1265 1771 ,
1292 1703 1374 1753 ut
1396 1681 1573 1752 nihil
1599 1702 1776 1754 artes
1791 1681 2092 1771 valeant,
2123 1682 2305 1755 mul-

192 1818 360 1870 tum
394 1798 535 1869 fata
567 1818 857 1896 possunt
890 1824 905 1868 ε
949 1797 1254 1869 multum
1295 1797 1466 1868 citra
1502 1797 1724 1869 scelus
1759 1824 2037 1896 quoque
2073 1796 2306 1897 impe-

200 1913 515 1985 dimenti
544 1939 679 2011 per
718 1939 791 1985 se
832 1912 980 2012 ipsa
1021 1911 1409 1983 mortalitas
1439 1912 1684 1983 affert:
1721 1932 1798 1983 ut
1833 1910 2008 1982 nihil
2051 1912 2304 2010 prosit,

194 2028 440 2099 vixero
474 2054 491 2098 :
528 2047 595 2099 et
626 2046 864 2099 tamen
881 2040 935 2117 ²,
974 2024 1161 2127 quod
1198 2025 1370 2098 mihi
1400 2026 1536 2099 vita
1569 2027 1720 2127 ipsa
1744 2025 2132 2128 jucundius
2165 2047 2306 2118 est,

192 2142 473 2215 tamdiu
504 2164 839 2244 superstes
870 2141 1019 2214 testi
1048 2143 1297 2214 vixero.

192 2345 495 2399 dammodo
531 2346 791 2415 exordiri,
821 2348 960 2400 Dum
994 2366 1086 2423 eqo
1116 2367 1217 2421 ayo
1296 2346 1482 2400 melius
1515 2346 1742 2413 habeat,
1779 2346 1982 2399 afferat.
2019 2348 2198 2399 AEnoo.
2228 2376 2300 2386 -

188 2447 311 2480 meo
314 2426 534 2500 judicio
546 2451 563 2480 .·
578 2428 705 2480 dum
726 2427 889 2504 legem
908 2428 1066 2482 mito
1075 2469 1094 2497 ‚
1110 2449 1217 2502 qua

192 2507 468 2560 vindicari
500 2521 669 2582 potest
704 2509 1019 2562 adulterium
1039 2533 1055 2561 .-
1095 2509 1177 2561 vel
1197 2547 1217 2574 ‚

188 2589 324 2640 dum
350 2589 459 2643 cito
488 2600 691 2656 testem,
717 2590 811 2663 qui
837 2589 1095 2643 vindicare
1121 2600 1218 2641 aut

172 2669 437 2739 judicare
443 2679 613 2741 potest
626 2680 929 2741 utrumque,
948 2682 999 2722 et
1012 2683 1213 2742 patrem

189 2763 243 2802 et
256 2763 494 2802 matrem
510 2747 779 2815 videlicet,
798 2768 943 2802 ream
964 2750 1212 2818 alteram,

193 2841 577 2880 accusatorem
606 2829 854 2894 alterum,
880 2841 979 2880 etc.
1012 2828 1214 2900 reliqua

190 2920 598 2981 persequentur
618 2927 678 2959 ex
693 2907 925 2960 themate
942 2906 1214 2979 discipuli,

190 2987 301 3042 hoc
316 2987 516 3042 modo:
534 2989 673 3040 Dum
690 3007 784 3061 eqo
798 3005 926 3062 ayo,
944 3001 1037 3040 etc.
1055 3006 1215 3061 quum

192 3066 339 3121 solus
354 3063 521 3140 filius
550 3068 685 3120 testis
711 3078 863 3134 esset,
896 3069 1030 3120 inter
1050 3065 1237 3119 moras'

192 3147 500 3201 adolescens
513 3148 769 3221 ambt‘qm's
778 3148 939 3224 n'qntt’s
953 3148 1221 3200 cruditatis

192 3239 245 3280 et
266 3227 471 3281 meni
488 3227 727 3279 moritur.
756 3229 909 3279 Hunc
926 3226 1101 3280 locum
1117 3229 1217 3292 ita,

192 3321 251 3358 nt
276 3323 515 3380 possum
530 3345 549 3374 ‚
582 3305 822 3360 elucido:
863 3309 908 3360 si
940 3309 1058 3380 quis
1092 3305 1219 3380 quid

1291 2426 1409 2503 Aqo
1443 2447 1558 2480 meo
1587 2426 2007 2502 judicimAqam
2035 2446 2105 2478 m.
2121 2430 2173 2500 j.
2205 2439 2306 2479 aut

1293 2507 1391 2558 dic.
1418 2508 1543 2560 Meo
1554 2507 1793 2580 judicio,
1818 2521 1905 2574 ut,
1935 2530 1957 2554 α
1979 2509 2130 2558 venio
2156 2526 2302 2560 nunc

1300 2609 1322 2632 ιι
1344 2586 1411 2638 ad
1455 2606 1626 2640 meam
1676 2587 1876 2660 legem,
1897 2611 1920 2634 ιι
1971 2586 2302 2640 Declamatio

1294 2667 1556 2718 (locvm.
1581 2667 1800 2720 Senum.

1372 2763 1413 2798 t.
1455 2748 1550 2800 cui
1583 2747 1848 2812 dehemus,
1887 2745 2004 2798 illie
2038 2745 2304 2800 reddemus

1292 2828 1566 2879 rationem.
1585 2827 1746 2898 Apud
1765 2839 2074 2898 ‹ptarstorem
2097 2823 2302 2878 adulte·

1294 2908 1387 2972 rii,
1431 2923 1726 2977 quaeremus
1760 2903 1924 2968 illud,
1960 2923 2026 2954 an
2060 2902 2300 2956 adultera

1294 2987 1486 3038 fueris:
1515 2985 1603 3037 hic
1621 3005 1747 3038 vero
1771 3003 1880 3036 non
1899 2983 2180 3049 debemus,
2205 2983 2300 3036 ubi

1297 3063 1365 3116 de
1401 3064 1687 3136 parricidio
1713 3067 1977 3137 quaeritur.
2003 3065 2180 3116 AEnon.
2209 3065 2306 3135 qui

1296 3148 1371 3198 ita
1390 3143 1574 3197 edidit.

1361 3243 1407 3277 2.
1421 3225 1494 3276 Et
1505 3235 1695 3276 tamen.
1708 3224 2016 3288 Etmndem,
2029 3235 2122 3275 aut
2131 3223 2306 3275 vixem

1299 3307 1504 3359 tandem
1516 3343 1535 3372 ,
1562 3317 1615 3358 et
1633 3305 1789 3379 quod.
1815 3305 2033 3359 Senum.

2013 4224 2076 4282 Ι9
