2855 4871
529 478 1360 547 DECLAMATIONES.
1408 482 1859 549 CCLXXIV.
2008 552 2014 561 ,
2096 483 2215 551 133

143 600 486 700 provisum
529 631 669 677 esse
711 606 850 679 fato
890 633 930 680 a
976 607 1104 680 diis
1135 607 1649 681 immortalibus
1680 594 1981 701 videtur,
2028 609 2219 709 quod

147 718 240 790 illi
295 718 452 792 loco
498 719 880 795 destinatus
929 722 1075 795 est!
1131 750 1341 796 nemo
1395 724 1573 797 inire
1623 726 1854 797 forum
1904 746 2217 799 nostrum

143 855 393 933 potest,
441 838 614 935 quin
657 838 880 911 videat
925 839 1104 912 illud
1149 842 1550 939 sepulcrum
1596 869 1611 911 ε
1667 842 1980 941 protinus
2030 844 2219 915 enim

141 972 464 1048 sequatur
509 952 828 1050 cogitatio
875 979 1151 1025 necesse
1199 975 1337 1043 est,
1385 976 1725 1053 tyrannus
1770 957 1906 1029 fuit
1948 957 2106 1048 ille,
2155 978 2225 1029 et

140 1065 432 1139 ftrimine
471 1067 650 1140 ictus
691 1089 825 1159 est,
869 1087 938 1140 et
971 1069 1062 1141 ob
1105 1068 1237 1142 hoc
1273 1096 1508 1168 poenas
1550 1070 1676 1143 diis
1714 1072 2222 1144 immortalibus

143 1180 338 1253 dedit.
378 1182 676 1272 Quoties
707 1183 950 1256 noxios
986 1184 1178 1255 cruci
1218 1184 1568 1282 figimus¹‚
1602 1184 2062 1258 celeberrima·
2100 1186 2227 1258 eli-

139 1317 389 1391 guntur
421 1297 585 1389 viae,
634 1298 756 1369 nbi
797 1296 1086 1397 plurimi
1128 1298 1421 1386 intueri,
1464 1300 1749 1398 plurimi
1797 1302 2219 1375 commoveri

141 1410 258 1484 hoc
286 1436 480 1487 metu
509 1415 818 1515 possint:
862 1415 1091 1489 omnis
1123 1414 1311 1487 enim
1347 1442 1585 1515 poena,
1620 1442 1764 1487 non
1798 1437 1939 1490 tam
1956 1416 2061 1507 ,ad
2099 1416 2220 1488 de-

141 1524 373 1600 lictum
407 1530 742 1629 pertinet,
777 1556 994 1630 quam
1029 1530 1119 1602 ad
1154 1531 1579 1629 exemplum.

141 1796 172 1815 Q
187 1796 1052 1828 mmm
1443 1800 2217 1823 mmmmmmm

907 1998 1441 2078 CCLXXV.

633 2234 846 2304 Heres
871 2230 960 2303 ob
989 2232 1374 2304 adulterum
1385 2233 1707 2331 fratrem.

142 2431 250 2509 Qun
291 2455 372 2496 on
419 2455 824 2498 mnmnmuu
865 2456 1178 2498 emuntur
1221 2457 1581 2512 monnau,
1624 2455 2063 2499 ionommoens
2104 2457 2221 2499 arr.

203 2533 399 2616 Major
419 2532 610 2595 frater
632 2534 942 2596 minorem
965 2535 1031 2596 in
1063 2534 1372 2621 adulterio¹
1383 2529 1839 2618 Jd'eprehendit:
1872 2555 1989 2616 pro
2018 2553 2091 2594 eo
2122 2553 2221 2592 ro-

209 2646 390 2710 gante
437 2647 644 2714 patre,
695 2647 756 2693 et
803 2632 1260 2693 abdicationem
1309 2631 1438 2742 ejus
1480 2633 1911 2714 promittente,
1955 2627 2220 2688 dimisit:

206 2726 525 2789 abdicatus
566 2745 656 2790 est
694 2729 955 2790 adulter‘.
997 2729 1252 2790 Mortuo
1295 2733 1501 2812 patre,
1541 2731 1827 2788 inventus
1864 2723 2037 2787 heres
2056 2771 2073 2802 ,
2115 2726 2223 2805 qui

207 2823 690 2907 deprehenderat
704 2871 722 2904 ‚
747 2823 1208 2910 ignominiosus
1222 2826 1467 2888 dicitur.

815 2956 1523 3082 DECLAMA'i'IO.

219 3171 366 3262 Qm
407 3191 778 3247 excomm
817 3195 908 3247 on
945 3193 1422 3248 ,immemori
1455 3189 1877 3263 ACCEPERIT,
1916 3191 2224 3246 lcnoffl-

140 3306 376 3364 mosns
401 3311 538 3364 εῖτ.
565 3293 768 3364 Hanc
798 3291 1026 3390 legem
1058 3291 1378 3364 adversus
1409 3283 1524 3362 eos
1552 3289 1865 3387 primum
1895 3289 2225 3361 constitu-

137 3425 264 3478 tam
283 3434 427 3480 esse
449 3407 601 3480 dico
619 3466 637 3499 ,
661 3407 783 3506 qui
807 3409 1180 3508 pecuniam
1208 3427 1625 3508 acceperunt
1642 3461 1660 3494 ‚
1698 3426 1778 3478 ut
1800 3403 2221 3477 adulterium

139 3522 671 3596 committeretur
688 3555 706 3616 ;
741 3524 1035 3624 ideoque
1063 3523 1531 3623 ignominiam
1560 3521 1669 3622 adj
1683 3541 1963 3593 unctam
1984 3577 2003 3608 ‚
2029 3519 2233 3619 quod·

139 3637 524 3712 viderentur
553 3667 700 3712 rem
727 3639 969 3713 fecisse
998 3639 1290 3712 lenonis.
1311 3639 1583 3710 Verum
1616 3636 1823 3709 etiam
1858 3634 1913 3708 si
1946 3634 2020 3707 hi
2053 3661 2221 3735 quo-

140 3777 264 3848 que
291 3774 644 3847 tenentur,
678 3755 801 3855 qui
836 3755 912 3828 in
944 3781 1225 3855 poenam
1264 3751 1620 3828 commissi
1656 3751 1984 3825 adulterii
2011 3775 2221 3850 pecu—

137 3865 316 3942 niam
350 3871 782 3970 acceperint,
823 3871 880 3944 is
910 3891 1204 3960 tenetur,
1250 3869 1370 3969 qui
1403 3865 1777 3966 pecuniam
1812 3863 2098 3962 accepit.
2137 3866 2217 3933 In

141 4007 286 4056 mea
324 4011 530 4058 causa
563 4007 800 4058 utrum
833 3981 1234 4057 contendis?
1278 3981 1652 4083 pecuniam
1687 4007 1801 4056 me
1836 3977 2215 4076 accepisse,

211 4155 253 4188 1-
279 4137 648 4213 cmctssqimus.
673 4139 851 4194 Scribe
875 4139 1130 4212 separatis
1208 4139 1358 4192 Orat.
1383 4136 1595 4201 libyn,
1611 4151 1726 4204 cap.
1748 4149 1793 4199 ι,
1812 4131 1857 4204 §.
1876 4131 1973 4199 30,
1996 4131 2095 4183 ubi*
2106 4129 2212 4184 vid.

141 4215 374 4284 vocibus,
391 4215 902 4292 emeifiqimus.vid.
920 4217 988 4271 ad
1003 4221 1128 4272 lust.
1210 4231 1322 4270 not.
1343 4215 1450 4269 vol.
1476 4217 1575 4280 111,
1604 4229 1725 4287 pag.
1755 4213 1821 4265 25
1845 4226 1984 4266 nost.
2012 4211 2097 4266 ed.
2117 4213 2211 4266 En.
