2855 4871
481 388 1319 458 DECLAMATIONES.
1368 390 1901 460 CCLXXVIII.
2112 400 2230 481 145

179 516 418 617 possint
455 513 838 587 tolerabilia
873 541 889 584 ε
923 512 1043 584 illo
1077 533 1423 612 tempore,
1468 540 1609 612 quo
1654 516 2009 614 pugnabat
2052 518 2238 593 filius

178 653 383 704 noster
404 629 800 726 (vindicabo
819 623 1008 700 enim
1031 627 1208 699 mihi
1233 652 1507 727 semper
1530 628 1662 699 hoc
1684 655 1941 701 nomen
1962 689 1981 724 ,
2006 658 2238 731 neque

179 774 214 819 a
231 746 570 819 beneficiis
593 744 766 817 meis
790 744 1158 844 appellatio
1180 744 1308 815 ista
1329 742 1659 840 discedet)
1694 744 1916 841 qualis
1946 767 2239 844 uterque

181 883 468 934 nostrum
511 858 684 931 fuit?
729 886 872 931 non
917 887 1044 954 ego
1090 857 1415 929 sollicitus
1460 857 1543 929 de
1584 860 1806 930 muris
1855 862 2244 961 ¹pependi?

180 1004 304 1049 non
333 1004 452 1069 ego
481 998 726 1043 omnes
761 973 996 1071 excepi
1035 972 1124 1043 ab
1154 973 1300 1045 acie
1334 972 1745 1046 redeuntes?
1772 1002 1917 1046 non
1948 978 2242 1050 nuncios

177 1086 477 1159 sollicitus
505 1086 806 1185 captavi?
829 1108 897 1157 at
922 1107 996 1157 tu
1025 1112 1310 1159 securus
1334 1114 1516 1178 eras,
1546 1109 1910 1187 tamquam
1944 1089 2017 1160 id
2051 1092 2245 1189 quod

176 1202 496 1291 volueras,
531 1226 755 1298 quum
789 1225 1198 1296 exponere5‚
1231 1201 1644 1297 contigisset.
1676 1206 1860 1300 Age,
1893 1203 2246 1276 redeuntis

177 1317 438 1389 vulnera
469 1315 630 1413 quis
666 1312 1010 1412 religavit?
1029 1314 1445 1411 sanguinem
1476 1316 1632 1412 quis
1656 1316 1923 1390 abluit?
1952 1318 2039 1389 ad
2072 1338 2249 1391 tem-

179 1432 276 1529 pla
304 1431 450 1527 quis
475 1428 715 1502 duxit?
747 1428 906 1526 quis
932 1426 1309 1528 gratulatus
1339 1429 1479 1500 est?
1514 1430 1883 1504 Sciebasne
1906 1432 2063 1532 jam
2094 1454 2249 1504 tum

179 1572 304 1617 esse
332 1545 646 1617 officium
683 1538 926 1613 tuum?
957 1567 1050 1612 an
1079 1541 1424 1613 confiteris
1460 1542 1548 1613 ad
1583 1564 1646 1614 te
1680 1544 2002 1617 haec-non
2034 1547 2251 1645 perti-

179 1661 430 1733 nuisse?
462 1656 860 1731 dissimules
889 1655 1044 1727 licet
1063 1710 1083 1745 ,
1113 1677 1179 1727 et
1199 1655 1517 1728 videatur
1548 1657 1812 1757 alioqui
1847 1659 1979 1733 hoc
2012 1682 2254 1733 contra

179 1802 434 1847 causam
461 1799 740 1861 meam,
773 1770 1069 1860 sciebas,
1114 1790 1184 1841 et
1215 1769 1420 1842 illum
1457 1798 1601 1843 esse
1638 1774 1829 1871 apud
1864 1802 1978 1847 me
2014 1804 2253 1875 passus

181 1918 274 1963 es:
299 1892 439 1962 haec
463 1889 714 1960 decem
738 1885 966 1958 millia
994 1887 1328 1985 agnovisti
1357 1915 1372 1958 :
1405 1914 1551 1959 non
1585 1910 1649 1960 te
1680 1896 2253 1969 moverunt-tituli

179 2004 646 2093 adolescentiS‚
693 2030 838 2075 non
887 2002 1008 2075 illa
1049 2003 1266 2105 gloria
1310 2004 1396 2076 de
1432 2004 1685 2076 eximia
1716 2006 2001 2100 virtute,
2037 2037 2253 2107 quam

181 2147 288 2219 ego
315 2145 820 2220 praeceperam:
863 2118 993 2191 hac
1037 2118 1298 2189 fiducia
1338 2118 1674 2191 alimenta
1715 2120 2014 2194 solvisti:
2056 2152 2255 2197 com-—

181 2257 355 2334 putas
385 2261 674 2307 mecum
696 2291 714 2326 ,
758 2254 841 2305 ut
869 2233 1056 2305 solus
1087 2233 1414 2305 omnium
1458 2234 1863 2308 mortalium
1899 2257 1966 2308 et
1996 2239 2261 2338 exposi-

179 2374 312 2424 tum
340 2350 681 2452 receperis
701 2406 720 2440 ‚
756 2370 825 2421 et
855 2349 1132 2421 lucrum
1159 2349 1429 2422 feceris,

178 2603 199 2619 ⁹
213 2604 262 2624 Λ
268 2603 1381 2626 mnu-mmmmm
1387 2605 1674 2627 mm&
1678 2605 2259 2626 mmm

919 2779 1508 2857 CCLXXIX.

795 2992 1004 3063 Dives
1033 2995 1310 3090 speciosi
1338 2989 1627 3061 adulter.

181 3183 552 3244 humanum
599 3199 722 3240 Am·
763 3197 1058 3240 ocant-:ne
1079 3223 1096 3253 ,
1139 3197 1260 3237 Am·
1303 3197 1567 3238 Acone-m
1612 3179 1885 3236 παπαί
1923 3195 2265 3238 mma-rene

247 3301 438 3342 uem.
467 3278 654 3338 Dives
689 3298 1052 3360 pauperem5
1077 3276 1334 3359 speciosi
1359 3289 1593 3358 patrem
1611 3321 1627 3350 ‚
1660 3273 1737 3334 de
1768 3289 1983 3356 stupro
2012 3273 2127 3334 filii
2158 3296 2263 3356 ap·-

247 3377 532 3458 pellavit:
567 3372 674 3434 ille
703 3375 928 3450 tacuit,
968 3375 1194 3433 iterum
1227 3373 1457 3456 adjecta
1482 3372 1741 3455 pecunia
1765 3371 2127 3455 appellavit:
2162 3370 2267 3430 ille

245 3477 453 3535 tacuit.
488 3473 693 3532 Tertio
726 3471 1100 3555 appellatus,
1125 3491 1380 3531 uxorem
1418 3469 1553 3530 filio
1588 3469 1775 3530 dedit.
1816 3470 1976 3528 Puer
2008 3467 2265 3526 divitem

248 3593 387 3632 cum
419 3592 619 3632 uxore
650 3592 762 3630 sua
789 3567 1271 3653 deprehensum,
1298 3581 1545 3651 accepta
1568 3567 1829 3649 pecunia
1858 3566 2125 3626 dimisit:
2156 3565 2264 3624 ab·

248 3668 494 3730 dicatur
515 3690 554 3728 a
580 3681 774 3751 patre.

873 3817 1564 3886 DECLAMATIO.

268 3962 690 4061 Priusquam
719 3960 924 4032 venio
955 3959 1045 4032 ad
1080 3957 1607 4032 aestimationem
1642 3955 1977 4044 criminis,
2014 3974 2079 4026 et
2106 3977 2267 4052 pro-

251 4131 296 4165 ι.
321 4115 405 4166 De
439 4115 604 4169 muris
635 4113 882 4188 pependi.
915 4114 998 4166 De
1025 4113 1186 4166 annis
1210 4111 1463 4184 pependi,
1488 4127 1655 4182 marg.
1680 4104 1859 4159 AErod.

382 4203 440 4256 6.
1958 4208 2021 4244 10
