2855 4871
762 420 1600 489 DECLAMATIONES.
1647 424 1789 490 111.
2204 427 2328 516 ει,

984 634 1169 680 PARS
1225 634 1569 681 ALTERA.

308 773 537 847 Miles
571 794 772 861 tune,
802 772 1199 871 imperator,
1219 773 1371 873 jam
1406 772 1680 872 aliquid
1717 774 2056 873 impudici
2084 776 2326 871 habet,

194 890 423 989 quod
446 890 533 961 ad
555 887 1071 987 impudicitiam
1091 888 1337 988 placet.
1359 892 1482 961 Tu·
1495 890 1813 989 gladium
1833 892 2336 967 commilitonis

198 1006 317 1078 tui
348 1029 608 1077 cruore
636 1002 893 1075 tinxisti
918 1059 937 1093 ‚
964 1029 1177 1103 quem
1204 1004 1361 1076 satis
1394 1004 1532 1075 fuit
1562 1004 1840 1077 minari.

201 1282 311 1303 m
718 1280 813 1303 m

1205 1278 1790 1305 mmmm
1795 1277 2334 1303 ww

1202 1480 1350 1583 tv.

764 1712 1129 1784 Parricida
1164 1736 1504 1783 carcerem
1533 1728 1785 1810 petens.

206 1918 575 1977 Damnum
624 1934 965 1976 mammon
1016 1932 1182 1973 Anno
1226 1932 1672 1975 cus-ronu'run.
1723 1914 1848 1991 Qui
1899 1911 2012 1973 sub
2064 1934 2330 1977 noverca

295 2014 641 2075 damnatus
669 2026 791 2088 est,
815 2010 952 2071 vult
988 2010 1169 2071 illum
1202 2025 1379 2094 pater
1414 2011 1591 2071 domi
1628 2012 1978 2073 custodire:
2009 2011 2113 2072 ille
2137 2015 2331 2095 petit,

292 2125 371 2172 ut
403 2110 661 2195 publico
685 2130 923 2171 carcere
944 2124 1237 2170 servetur.

927 2300 1081 2347 pao
1138 2299 1620 2363 pAnnlclnA.

312 2445 359 2514 J
366 2444 575 2520 ubete
606 2443 1139 2543 quamprimum
1163 2440 1253 2513 ad
1280 2442 1432 2515 illas
1458 2470 1573 2515 me
1597 2443 1979 2542 impiorum
2008 2444 2327 2516 tenebras

214 2559 441 2631 trahi:
474 2559 677 2630 liceat
707 2557 1115 2655 impetrare,
1151 2557 1340 2654 quod
1380 2583 1524 2627 non
1570 2553 1734 2627 licet
1771 2584 2084 2629 recusare
2107 2571 2122 2598 ¹
2151 2584 2166 2626 ε
2199 2583 2325 2654 ego

213 2700 337 2746 me
376 2699 699 2772 unquam
734 2671 1086 2744 crederem
1118 2669 1690 2761 tam·infeliccm,
1734 2692 1811 2741 ut
1854 2671 2030 2741 mihi
2071 2669 2326 2768 aliquis

214 2789 437 2861 etiam
480 2813 826 2859 carcerem
870 2783 1214 2857 invideat?
1258 2789 1521 2857 Parum
1566 2804 1664 2856 est
1703 2783 1828 2855 tibi
1868 2785 1942 2856 in
1986 2783 2328 2856 cruciatus

214 2927 423 2976 meos
466 2927 697 2973 annus
742 2921 811 2972 et
852 2927 1103 2989 carcer,
1146 2921 1220 3008 et
1250 2893 1544 2990 ve‘reriS,
1587 2927 1678 2971 ne
1723 2927 1936 2998 quem
1979 2898 2325 2999 gemitum

216 3018 465 3092 miseri
510 3045 709 3090 aures
750 3039 886 3091 tuae
928 3017 1260 3117 perdant?
1301 3045 1391 3090 ne
1434 3045 1580 3090 non
1629 3018 1922 3117 singulis
1966 3019 2326 3092 tormentis

222 3137 406 3211 meis
452 3135 726 3235 paterni
766 3135 946 3208 oculi
984 3135 1345 3208 fruantur?
1390 3163 1482 3208 ne
1522 3136 1746 3210 laxata
1793 3135 2068 3210 vincula
2117 3137 2324 3226 desit,

222 3253 349 3351 qui
395 3250 819 3351 adstringat?
868 3254 1026 3323 Non
1072 3274 1267 3351 potes
1308 3251 1626 3327 adversus
1674 3254 2085 3327 damnatum
2115 3267 2142 3298 ²
2164 3253 2324 3353 jure

303 3443 351 3476 ι.
386 3425 565 3476 Liceat
600 3424 915 3495 impetrare,
952 3423 1095 3495 quod
1128 3441 1235 3475 mm
1313 3442 1425 3490 cra,
1453 3437 1512 3476 ut
1533 3425 1860 3496 frequentius
1885 3423 2206 3494 loquuntur-t
2229 3423 2326 3477 sed
2411 3433 2418 3440 '

226 3501 351 3556 licet
378 3523 619 3556 recusare.
646 3501 885 3555 Delenda
911 3505 1121 3575 negatio
1137 3541 1155 3571 ‚
1190 3506 1235 3557 si
1317 3519 1367 3558 et
1394 3505 1532 3558 bene
1563 3523 1780 3558 sacrum.
1819 3505 2018 3557 Seneca
2047 3507 2100 3556 in
2125 3503 2319 3557 Troad.

226 3587 408 3638 sensui
438 3585 717 3636 consulere
742 3585 978 3638 velimus.
1013 3587 1231 3638 Senum.
1321 3609 1343 3634 ι
1364 3591 1427 3640 Et
1453 3585 1724 3657 quondam
1753 3605 1958 3638 sacrum
1981 3589 2128 3657 regni
2145 3591 2326 3658 jacen·

226 3694 299 3705 —
322 3666 518 3718 Miseri.
544 3664 675 3730 Alii,
704 3667 919 3719 miseria·
942 3681 1123 3720 πωπω
1143 3683 1237 3718 ιω·
1322 3689 1344 3712 ι
1366 3667 1449 3716 tis.
1471 3689 1492 3712 ιι
1517 3666 1680 3718 Gnon.
1705 3665 1815 3735 Ego
1837 3664 2170 3718 retinendum
2189 3679 2322 3738 puto

230 3765 321 3800 res.
347 3750 493 3800 Pri-n.
1317 3745 1500 3809 larem,
1513 3760 1572 3797 ut
1583 3745 1790 3818 plenius
1803 3745 2074 3798 ostendam
2089 3744 2154 3798 ad
2165 3745 2320 3800 Ovid.

304 3849 353 3880 2.
368 3829 625 3883 Adversus
636 3831 962 3882 damnatum.
976 3831 1233 3882 Demster.
1315 3830 1497 3879 Amor.
1517 3830 1567 3895 1,
1585 3829 1644 3894 8,
1672 3844 1684 3875 1
1705 3845 1722 3878 1
1735 3827 1793 3880 3:
1819 3849 1840 3874 α
1861 3829 1925 3880 Di
1943 3827 2037 3880 tibi
2059 3826 2187 3879 dent
2205 3827 2325 3878 nul-

232 3908 301 3960 ad
320 3913 502 3964 Rosin.
526 3912 617 3964 lib.
638 3911 713 3976 X,
733 3929 853 3983 cap.
876 3909 924 3962 3.
952 3911 1236 3961 Αιιιεῐ..-
1321 3929 1343 3953 κ
1362 3905 1552 3978 losque
1585 3909 1743 3958 Lares
1774 3911 2094 3978 inopemque
2137 3925 2322 3960 senec-

230 3989 351 4042 Jam
372 4009 479 4044 non
500 3988 661 4043 larem
684 3991 868 4055 habeo,
890 4008 997 4042 non
1014 4005 1233 4040 servum.
1322 4009 1344 4034 ι
1364 4001 1488 4040 tam.
1512 4012 1534 4036 n
1557 3989 1743 4040 Larem
1761 4006 1886 4039 vero
1907 3985 1992 4038 hic
2013 3989 2210 4040 carceri
2230 4007 2324 4060 op—

232 4066 351 4120 Dixi
366 4070 421 4120 iu
434 4069 930 4134 observationibus,
956 4067 1237 4138 legendum
1314 4069 1483 4139 ponit.
1507 4069 1590 4120 De
1608 4065 1806 4118 voculis
1816 4069 1937 4139 jam
1963 4083 2098 4134 non,
2113 4067 2232 4122 vide
2251 4067 2322 4120 ad

234 4148 421 4218 videri,
444 4170 553 4204 non
570 4159 775 4205 ‘sacrum
786 4191 805 4222 2
833 4152 941 4206 sive
972 4150 1133 4203 mavis
1154 4167 1239 4203 sa·
1298 4150 1484 4214 justit.
1509 4148 1605 4204 lib.
1622 4151 1720 4217 vl,
1743 4167 1964 4220 prooem.
1990 4149 2156 4204 nunu.
