2855 4871
714 454 1554 524 DECLAMATIONES.
1601 455 1980 522 CCXLIX.
2305 455 2389 520 23

994 650 1698 716 DECLAMATIO.

422 806 762 880 Adulterii
815 834 1003 880 ream
1060 807 1331 880 defero:
1387 827 1590 906 puto,
1643 805 1775 878 hoe
1827 806 2111 878 auribus
2157 807 2392 879 vestris

298 947 451 994 non
495 949 759 996 novum
809 923 1075 996 crimen
1118 943 1261 996 est:
1317 921 1508 1019 quod
1549 921 1704 995 satis
1757 942 1888 1014 est,
1933 949 2074 993 non
2124 921 2214 994 ab
2265 921 2393 993 hac

298 1036 519 1134 coepi:
564 1036 845 1135 qualem
903 1064 1182 1109 causam
1226 1035 1633 1136 pertulerim
1657 1092 1678 1128 ,
1729 1035 1828 1108 sic
1883 1036 2215 1108 aestimare
2259 1061 2394 1136 po-

296 1152 491 1225 testis
531 1180 547 1224 :
592 1154 849 1254 petitur
896 1154 1111 1226 altera
1160 1152 1446 1226 abolitio
1485 1180 1500 1224 ε
1535 1152 1650 1225 ille
1688 1153 1992 1252 optavit:
2046 1153 2188 1224 haec
2226 1178 2399 1251 prae-

290 1268 574 1341 scribit:
616 1290 866 1342 neuter
904 1290 1147 1370 negat:
1200 1289 1438 1369 postea
1471 1268 1754 1361 videbo,
1799 1295 1890 1340 an
1937 1267 2046 1341 isti
2094 1288 2401 1367 oporteat

298 1403 583 1457 tantum
624 1386 967 1484 praestari,
1014 1406 1358 1486 quantum
1390 1385 1536 1458 viro
1569 1385 1754 1458 forti.
1801 1385 2088 1457 Interim
2131 1405 2402 1458 semota

294 1524 765 1598 personarum
809 1501 1111 1592 ratione,
1160 1500 1384 1602 ipsam
1429 1520 1740 1572 excutere
1788 1499 2016 1598 legem
2062 1497 2242 1570 volo.
2289 1500 2400 1570 NE

296 1634 564 1688 nol-:AT
591 1673 612 1706 ‚
658 1617 894 1716 inquit
920 1673 939 1707 ,
988 1635 1146 1688 ema
1186 1637 1571 1690 Anum-EM
1611 1635 1848 1689 Aonas
1895 1636 2213 1706 MAm'ro,
2258 1635 2400 1688 rust

296 1751 509 1803 umus
551 1751 706 1805 con
748 1752 1136 1806 Anut'rnuo
1177 1732 1464 1805 uonnrr'.
1501 1732 1769 1804 Differo
1807 1732 1964 1822 illa,
2005 1757 2160 1830 quae
2195 1731 2398 1804 fecit:

296 1846 592 1935 differo,
638 1875 793 1949 quae
833 1875 1073 1949 passus
1116 1877 1309 1940 sum;
1347 1850 1532 1922 hoc
1515 1877 1588 1922 m
1634 1850 1991 1948 praesentia
2023 1849 2210 1938 dico,
2255 1875 2400 1920 non

298 1961 552 2059 mique
578 1989 859 2064 semper
887 1965 1107 2064 exigi,
1148 1988 1229 2038 ut
1260 1965 1456 2065 prius
1483 1987 1727 2064 agatur
1755 1991 1921 2038 cum
1954 1963 2288 2037 adultero.
2323 1964 2403 2036 ld

294 2077 502 2150 vobis
528 2079 908 2181 ,judices,
949 2081 1285 2154 facillime
1341 2082 1740 2182 persuaderi
1799 2082 2090 2181 poterit,
2143 2082 2199 2153 si
2255 2108 2400 2152 non

294 2214 453 2266 tam
494 2137 822 2298 injustos,
868 2224 1097 2298 neque
1140 2220 1283 2271 tam
1324 2199 1806 2298 imprudentes
1856 2197 2254 2271 existimatis
2303 2197 2407 2270 le·-

290 2337 481 2409 gum
519 2311 767 2386 latores
810 2316 1021 2388 fuisse
1045 2374 1065 2407 ,
1110 2337 1191 2388 ut
1236 2317 1630 2390 necessitate
1676 2316 2232 2416 praestringerent
2277 2341 2356 2387 ea
2385 2372 2402 2404 ,

294 2454 461 2527 quae
495 2431 793 2531 praestari
822 2458 967 2506 non
996 2455 1289 2532 possent.
1330 2435 1508 2507 Satis
1541 2434 1690 2507 sine
1723 2433 1942 2507 dubio
1970 2432 2076 2505 lex
2108 2433 2258 2533 ipsa
2289 2432 2403 2505 di-

294 2544 561 2634 cendo,
595 2572 681 2618 ne
706 2554 899 2647 pn'us
928 2576 1087 2622 cum
1118 2549 1426 2623 adultera
1459 2567 1738 2649 aqatur,
1774 2576 1984 2652 quam
2009 2574 2169 2621 cum
2195 2548 2403 2619 adul-

300 2674 453 2731 tero
495 2678 725 2734 actum
745 2665 1009 2761 fixerit,
1054 2665 1387 2756 ostendit,
1436 2692 1506 2737 se
1541 2662 1628 2736 de
1671 2663 1781 2737 his
1825 2663 2053 2761 loqui,
2099 2686 2402 2759 quorum

298 2794 601 2876 uterque
636 2781 934 2851 accusari
969 2801 1207 2879 potest.
1238 2780 1661 2853 Admonebo
1695 2801 1926 2851 tamen
1963 2804 2106 2851 uno
2145 2798 2270 2851 aut
2295 2778 2402 2849 al·-

294 2912 450 2963 tero
500 2914 954 2991 argumento,
1002 2915 1337 2992 quantam
1386 2894 1496 2967 lex
1542 2896 1690 2993 ipsa
1715 2950 1734 2982 ,
1782 2894 1838 2966 si
1886 2893 1980 2965 ita
2019 2894 2353 2993 accipitur
2382 2953 2400 2983 ‚

299 3034 595 3109 passura
614 3009 944 3109 injuriam
970 3011 1091 3083 sit:
1124 3010 1476 3109 fingamus
1501 3011 1698 3083 enim
1723 3010 2119 3085 adulterum
2145 3011 2252 3083 vel
2279 3038 2402 3083 sua

296 3123 689 3215 voluntate,
726 3124 835 3197 vel
874 3125 973 3199 ita
1012 3126 1506 3198 interveniente
1539 3126 1678 3197 fato
1711 3126 1948 3197 statim
1991 3126 2354 3198 decessisse
2385 3154 2398 3197 :

302 3239 441 3311 hoc
462 3239 737 3341 justum
770 3242 1019 3341 poterit
1042 3242 1298 3333 videri,
1342 3262 1423 3313 ut
1453 3242 1788 3341 quoniam
1827 3241 2123 3313 alterum
2165 3240 2401 3314 debito

298 3355 649 3456 supplicio
674 3358 811 3429 fata
838 3358 1301 3431 subtraxerint
1317 3416 1336 3448 ,
1362 3357 1580 3431 altera
1605 3383 1883 3454 quoque
1907 3355 2396 3454 impunitatem

300 3472 699 3545 mercatur?
730 3472 1111 3575 Fingamus
1139 3473 1436 3546 alterum
1463 3472 1882 3546 conscientia
1913 3470 2222 3543 criminis
2251 3498 2402 3571 pro·

298 3588 595 3685 fugisse,
636 3587 835 3660 nullo
879 3587 1091 3661 modo
1131 3588 1356 3662 facere
1404 3588 1513 3661 sui
1565 3606 2003 3687 potestatem,
2047 3586 2403 3684 numquid

296 3701 619 3801 exigetis,
670 3724 748 3775 ut
785 3704 941 3777 ideo
984 3730 1143 3777 cum
1196 3703 1510 3776 adultera
1550 3730 1694 3774 non
1743 3723 2016 3800 agatur,
2065 3704 2400 3799 quoniam

300 3816 578 3890 adulter
606 3818 873 3909 crimen
899 3844 1141 3890 verum
1167 3846 1309 3890 esse
1335 3820 1686 3892 confessus
1713 3814 1836 3888 sit?
1866 3816 2061 3889 nullo
2089 3817 2300 3888 modo
2333 3815 2400 3886 id

290 3933 565 4034 justum
594 3934 815 4007 videri
847 3955 1071 4035 potest
1086 3964 1105 4025 ;
1148 3962 1313 4007 nam
1359 3935 1418 4005 is
1460 3936 1582 4034 qui
1628 3933 1834 4021 dicit,
1883 3960 2044 4004 eum
2085 3931 2399 4004 adultero

296 4046 489 4150 prius
518 4074 727 4150 agere
754 4050 996 4140 debeS,
1036 4050 1216 4123 illud
1246 4049 1440 4141 dicit,
1474 4049 1665 4149 prius
1691 4075 1854 4120 cum
1889 4044 2197 4118 adultero
2228 4074 2354 4145 age
2382 4075 2396 4118 :

296 4166 661 4267 fingamus
694 4167 893 4240 enim
921 4166 1023 4240 vel
1059 4194 1099 4239 a
1126 4188 1189 4240 te
1219 4168 1397 4266 ipsa,
1431 4166 1538 4240 vel
1571 4166 1658 4237 ab
1685 4165 1823 4238 alia
1851 4162 2051 4235 nobis
2079 4162 2402 4236 adulterii
