2855 4871
22 741 29 824 ——-v
22 723 24 728 .
22 603 25 684 —.—
22 537 24 590 —-
22 497 25 524 ,-
22 401 25 488 -—

546 489 552 492 ,
596 406 722 488 418
831 403 849 452 ¹
1099 405 1192 472 M.
1242 401 1497 468 FABII
1544 402 2191 486 QmN‘rrmAm

591 529 936 630 periisset,
975 554 1121 599 non
1156 527 1282 600 diu
1322 525 1691 626 disputabo
1714 541 1762 597 ¹.
1788 525 2055 600 Vivum
2090 528 2211 626 qui
2242 551 2695 602 amaverunt:

593 643 822 718 itane?
855 642 1024 742 quid
1054 643 1295 716 minus
1323 642 1609 715 rationis
1640 641 1889 734 habet,
1928 671 2143 740 quam
2177 665 2255 716 ut
2277 644 2331 718 is
2360 643 2555 718 mori
2588 673 2701 716 ve-

589 761 700 852 lit,
729 761 852 859 qui
882 760 1128 850 habet,
1160 778 1439 858 propter
1462 757 1652 856 quod
1678 755 1899 828 vivat?
1922 757 2166 830 Stricto
2194 777 2431 831 tamen
2460 759 2699 857 gladio

593 877 667 947 in
691 895 946 948 secreto
976 872 1483 973 deprehendi²z
1514 871 1664 973 jam
1699 871 1879 943 mihi
1911 899 2147 944 narras
2168 899 2427 946 moras:
2456 875 2697 972 ipsum

590 991 768 1064 illud
797 1010 1136 1064 secretum
1163 1013 1469 1088 quaerere
1488 1047 1505 1081 ,
1532 1007 1599 1059 et
1626 1007 1866 1087 putare
1896 986 2255 1078 interesse,
2282 989 2401 1060 ubi
2427 1011 2695 1088 pereat,

590 1133 736 1179 non
767 1127 866 1178 est
888 1105 1192 1178 ardentis
1217 1105 1292 1177 in
1317 1123 1616 1176 mortem
1641 1103 1961 1202 impetus.
1984 1106 2145 1176 Non
2174 1103 2353 1175 fiunt
2373 1102 2539 1195 ista,
2568 1107 2695 1177 nisi

592 1224 858 1296 subito:
907 1249 1036 1294 nec
1079 1223 1499 1320 quisquam,
1547 1219 1922 1319 praesertim
1963 1219 2160 1292 nulla
2200 1219 2385 1319 gravi
2429 1248 2695 1321 praece-

587 1340 792 1411 dente
825 1363 1068 1426 causa,
1102 1337 1424 1435 spiritum
1462 1335 1725 1408 ratione
1768 1335 2111 1434 deposuit.
2150 1337 2237 1408 Et
2276 1333 2557 1408 stricto³
2594 1358 2695 1410 ta·-

585 1480 751 1526 men
785 1453 1057 1552 gladio,
1091 1470 1158 1524 et
1188 1453 1264 1524 in
1305 1471 1563 1525 secreto
1588 1509 1609 1544 ‚
1638 1449 1813 1548 quid
1844 1450 2221 1524 facientem
2252 1449 2533 1522 vidisti?
2568 1479 2695 1552 ap—

587 1588 854 1642 tantem
865 1568 1016 1666 jam
1025 1567 1282 1670 jugulo
1301 1564 1755 1638 mucronem?
1763 1565 1917 1666 jam
1942 1563 2515 1636 incumbentem?
2536 1564 2693 1665 jam

587 1710 782 1784 paene
836 1683 1198 1756 admotam
1246 1709 1471 1780 usque
1518 1681 1609 1754 ad
1660 1680 2079 1780 sanguinem
2128 1679 2471 1752 manum?
2514 1679 2693 1753 nihil

587 1799 867 1870 horum.
904 1798 1262 1886 Flentem,
1308 1796 1579 1896 inquit,
1613 1794 1955 1868 mirabar:
1992 1795 2227 1866 minus
2257 1795 2471 1866 fuisse
2504 1797 2694 1894 peri·-

588 1912 830 1986 culum
861 1913 1333 2002 crederem‚‚si
1361 1911 1587 2001 fleret,
1617 1931 1995 2009 antequam
2018 1909 2350 2008 stringere
2378 1910 2691 2009 gladium

589 2030 939 2128 coepisset:
989 2055 1135 2100 non
1183 2047 1286 2100 est
1329 2026 1581 2126 igitur,
1627 2026 1816 2124 quod
1866 2024 2053 2096 dicas
2091 2044 2157 2096 te
2205 2022 2447 2096 fecisse
2488 2050 2691 2098 causa

587 2171 778 2233 mea,
813 2143 1004 2242 quod
1043 2171 1170 2242 ego
1208 2169 1354 2214 non
1395 2141 1735 2214 fecissem.
1776 2139 2011 2214 Etiam
2049 2137 2229 2211 hocf*
2262 2139 2495 2241 judici
2532 2142 2693 2212 satis

591 2277 768 2346 erat,
803 2257 936 2328 nisi
969 2277 1038 2330 et
1077 2257 1493 2354 inscriptum
1533 2277 1601 2327 et
1628 2253 2061 2328 maleficium
2094 2274 2232 2327 est:
2268 2281 2690 2356 quacunque

587 2398 627 2444 a
651 2393 720 2445 te
744 2392 980 2445 mente
1008 2373 1272 2445 factum
1301 2392 1430 2463 est,
1460 2397 1589 2471 ego
1618 2371 1815 2445 laesus
1842 2397 2039 2443 sum:
2070 2370 2337 2449 etiamsi
2366 2398 2514 2445 non
2540 2373 2693 2445 vin·-

586 2487 773 2559 dicta
799 2486 1020 2559 dolori
1045 2512 1203 2559 meo
1229 2484 1631 2578 deberetur,
1663 2486 2265 2559 debeatur.tamen
2295 2484 2688 2561 ⁵solatium.

589 2606 976 2678 Videamus
1007 2626 1248 2688 tamen
1283 2625 1348 2677 et
1381 2630 1593 2703 quare
1627 2604 1751 2675 fiat
1779 2603 1907 2675 ista
1930 2630 2075 2675 res:
2112 2603 2441 2677 eamdem
2470 2630 2693 2677 mete-

589 2722 832 2795 tricem
857 2743 1274 2795 amaverunt
1294 2723 1439 2794 duo
1462 2720 1753 2821 juvenes
1777 2721 1904 2793 filii
1932 2721 2173 2793 nostri.
2204 2722 2691 2812 Quaerebatur,

593 2838 812 2909 utrius
841 2860 1049 2911 esset:
1085 2838 1239 2910 volo
1272 2858 1339 2909 te
1369 2837 1769 2927 consulere,
1803 2863 1899 2908 an
1928 2864 2155 2933 quum
2186 2835 2461 2928 scieris,
2486 2864 2693 2937 pecu-

591 2951 784 3022 niam
827 2953 977 3024 filio
1025 2977 1143 3026 tuo
1188 2952 1503 3027 dederis?
1546 2951 1703 3025 volo
1744 2952 1953 3041 scire,
1998 2980 2088 3024 an
2136 2980 2363 3049 quum
2410 2954 2691 3026 vidisses

595 3064 824 3137 filium
849 3091 1129 3156 meum,
1161 3088 1237 3139 ut
1264 3089 1500 3165 putaS,
1530 3066 1709 3141 mori
1738 3066 2121 3157 volentem,
2148 3068 2284 3139 tale
2312 3068 2581 3167 aliquid
2604 3068 2691 3139 de

594 3200 716 3251 tuo
743 3180 1102 3253 timueris?
1136 3182 1322 3255 filius
1352 3210 1549 3255 meus
1577 3203 1854 3283 propter
1878 3210 2193 3257 amorem
2219 3183 2393 3257 dicit
2420 3212 2491 3257 se
2514 3183 2689 3255 mori

593 3295 810 3367 velle:
851 3318 1038 3367 amat
1067 3316 1137 3367 et
1166 3318 1366 3369 tuus:
1411 3299 1529 3370 hic
1572 3298 2098 3397 deprehendam
2140 3320 2453 3397 patrem:
2485 3321 2599 3388 tu,
2630 3297 2687 3369 si

595 3409 988 3507 periculum
1023 3412 1263 3483 mortis
1296 3434 1637 3510 putasseS,
1676 3434 1830 3485 tum
1872 3440 2032 3487 vero
2070 3414 2163 3487 ad
2205 3414 2443 3489 filium
2488 3437 2687 3488 tuum

671 3577 717 3610 ι.
759 3561 996 3615 periisset
1033 3581 1144 3615 non
1177 3564 1268 3616 dia
1307 3564 1596 3635 disputabo.
1751 3566 1803 3618 3.
1832 3566 1909 3617 Et
1932 3566 2121 3619 stricto.
2160 3566 2421 3619 hancine
2454 3564 2685 3636 Ιῃώιι,

593 3640 855 3705 Ρετίἰεςετ,
888 3660 960 3691 an
993 3660 1126 3709 non,
1160 3662 1267 3695 non
1299 3642 1391 3695 diu
1423 3642 1600 3714 dispu-
1678 3656 1735 3697 at
1754 3644 1949 3697 stricto.

595 3721 740 3784 tabo,
761 3717 963 3771 Schult.
1750 3724 1799 3790 4.
1825 3723 1999 3776 Etiam
2022 3724 2134 3777 hoc.
2158 3724 2231 3776 Et
2244 3726 2369 3798 jam
2404 3726 2500 3777 hoc
2524 3724 2689 3794 iudici

665 3815 715 3850 α.
739 3798 926 3851 Stricta
947 3808 1118 3851 tamen
1135 3799 1316 3873 gladio
1336 3802 1392 3853 in
1409 3814 1599 3855 secreto
1676 3803 1799 3853 satis
1840 3813 1967 3855 erat.
2012 3802 2134 3855 Nisi
2184 3814 2241 3855 et
2288 3802 2587 3876 inscriptam
2640 3812 2689 3853 et

593 3877 922 3947 deprehendi.
945 3900 966 3923 α
981 3878 1112 3945 Quae
1127 3877 1234 3929 duo
1251 3880 1597 3933 insu-nimenta
1676 3878 1997 3952 maleficium
2040 3892 2143 3948 est,
2192 3900 2535 3957 quacunque,
2580 3894 2685 3932 etc.

599 3977 621 3998 a
643 3970 764 4007 sunt
783 3980 805 4003 n
849 3956 1111 4027 (Annaeus
1155 3960 1325 4031 inquit
1361 3961 1595 4030 Seneca)
1675 3960 1933 4014 Obrecht.

596 4055 619 4079 ι
641 4034 860 4089 alterum
881 4052 1061 4108 aptum
1077 4043 1352 4108 morituro,
1369 4042 1594 4095 alterum
1745 4038 1796 4091 5.
1821 4040 2082 4092 Debentur
2102 4052 2287 4095 tamen
2308 4040 2559 4097 solatium.
2586 4040 2685 4091 Ia&

599 4130 620 4155 ιι
641 4113 846 4165 misero.
871 4139 892 4161 ιι
918 4118 1099 4169 AEnoo.
1673 4139 1767 4193 ge,
1792 4120 2087 4177 debebatur.
2112 4122 2278 4175 (ἔπος.
