2855 4871
549 405 677 490 474
1055 397 1151 461 M.
1199 395 1455 460 FABII
1499 390 2141 478 QUINTlLlAm

548 518 913 622 Saguntini
953 518 1266 591 fecerunt
1308 515 1779 616 parricidium.
1811 516 1883 587 Si
1912 541 2074 614 ergo
2113 542 2316 588 mens
2344 515 2417 588 in
2450 517 2636 590 factis

548 657 913 738 spectatur,
948 659 1182 705 meam
1212 632 1532 732 inspicite
1562 632 1827 728 :quare
1854 629 2083 703 violo?
2111 631 2389 703 inimici
2414 632 2643 730 sepul-

549 782 748 828 crum
794 774 928 840 est3
969 752 1192 822 immo
1236 750 1443 821 etiam
1488 749 1982 821 commilitonis
2019 748 2268 820 amici:
2320 749 2639 822 credibile

550 869 740 942 enirn
785 887 884 940 est
924 866 1187 938 similes
1225 865 1587 964 propositis
1632 865 1895 936 amicos
1940 864 2173 936 fuisse.
2214 864 2530 953 Deinde,
2570 889 2641 937 ut

551 985 760 1058 etiam
785 985 939 1056 vivo
967 1007 1212 1054 nocere
1239 980 1575 1054 voluerim
1596 1037 1617 1070 ‚
1646 1002 1922 1052 mortuo
1952 1001 2185 1051 tamen
2218 981 2639 1079 parcendum

552 1123 651 1174 est
685 1127 701 1173 ε
749 1099 1038 1187 deinde,
1081 1121 1222 1195 quo
1263 1095 1629 1196 tempore?
1678 1095 1864 1167 bello
1912 1095 2091 1166 inter
2130 1094 2443 1194 pericula
2478 1095 2639 1167 odiis

548 1245 788 1291 vacua.
837 1217 970 1289 Sed
1019 1214 1187 1314 quid
1230 1213 1525 1285 sustuli?
1565 1239 1814 1284 aurum
1859 1212 2100 1302 credo,
2144 1233 2265 1284 aut
2306 1211 2639 1284 defossam

551 1330 964 1435 pecuniam?
987 1357 1216 1402 arma:
1247 1330 1373 1402 ista
1395 1328 1660 1401 virtutis
1685 1329 2147 1419 instrumenta
2164 1385 2183 1418 ,
2208 1355 2355 1400 non
2383 1327 2641 1400 sceleris

553 1470 718 1522 sunt
747 1448 1000 1548 pretia,
1047 1446 1303 1544 quibus
1345 1447 1636 1544 praemia
1671 1445 1898 1516 merui
1934 1473 1947 1516 :
1996 1444 2129 1516 nisi
2171 1443 2295 1516 illa
2336 1444 2643 1517 sustulis-

552 1593 701 1638 sem
721 1619 740 1652 ,
768 1590 911 1635 non
939 1589 1358 1652 accusasses3
1393 1589 1539 1634 non
1568 1562 1853 1634 haberes
1883 1560 2067 1660 leges
2088 1576 2137 1631 ¹.
2163 1561 2431 1634 Sustuli
2450 1619 2470 1650 ,
2494 1587 2644 1634 con-

557 1679 792 1768 fiteor3
829 1678 947 1748 sed
979 1675 1268 1776 publicae
1299 1676 1541 1748 salutis
1572 1701 1774 1749 causa
1801 1701 1817 1748 :
1862 1675 2176 1748 miraris?
2207 1675 2521 1774 ipsorum
2549 1703 2646 1747 se·-

555 1794 961 1896 pulcrorum
1000 1793 1319 1893 ruinaffisi
1347 1820 1655 1894 possem,
1691 1792 1965 1866 hostem
2001 1792 2449 1892 repellerem:
2486 1813 2647 1864 tecta

557 1913 632 1984 in
657 1913 1068 2000 subeuntes»,
1097 1932 1166 1983 et
1189 1937 1412 1998 sacra,
1448 1911 1620 2010 quin
1651 1911 1861 1984 etiam
1886 1911 2317 2009 templorum
2344 1910 2644 2010 fastigia,

559 2027 1080 2126 desperantium
1122 2027 1258 2098 tela
1300 2046 1463 2098 sunt
1500 2053 1513 2096 :
1558 2046 1832 2098 certum
1868 2046 1971 2098 est
2002 2024 2249 2097 omnia
2282 2024 2493 2098 licere
2534 2051 2646 2123 pro

560 2143 802 2242 patria.
858 2141 1182 2239 Denique
1229 2167 1346 2212 vos
1397 2141 1781 2237 interrogo,
1827 2137 1999 2237 quid
2048 2137 2348 2211 faciam?
2404 2165 2649 2237 magna

561 2282 715 2356 pars
745 2275 1072 2328 exercitus
1106 2282 1185 2326 m
1215 2279 1329 2326 me
1365 2276 1577 2326 cessat
1604 2282 1619 2326 ι
1659 2274 1903 2326 armati
1932 2274 2096 2325 sunt
2126 2273 2417 2326 interim
2452 2274 2647 2325 enam

563 2372 854 2461 inertes,
883 2372 1092 2443 etiam
1123 2372 1422 2444 mortui:
1462 2371 1649 2445 solus
1684 2371 1913 2445 nudus
1940 2371 2093 2444 steti
2113 2385 2163 2444 ².
2196 2372 2647 2471 Quamquam

563 2488 755 2585 quod
801 2512 1066 2586 quaero,
1109 2486 1338 2558 habeo
1375 2514 1391 2557 :
1442 2486 1804 2559 sententiis
1843 2485 2079 2559 vestris
2127 2485 2555 2575 honorastiS,
2594 2506 2655 2557 et

563 2602 884 2676 sciebatis
911 2601 1016 2674 his
1045 2628 1162 2675 me
1191 2602 1402 2675 armis
1434 2602 1706 2692 vicisse3
1737 2628 1865 2674 nec
1895 2629 2055 2675 sane
2086 2602 2282 2675 aliud
2314 2602 2650 2676 dedissetis

567 2720 938 2793 consilium
954 2778 974 2811 ,
1004 2746 1220 2820 quam
1249 2720 1445 2792 locus
1472 2740 1539 2793 et
1562 2740 1861 2820 tempus.
1882 2720 2093 2793 Visus
2118 2740 2217 2793 est
2240 2719 2422 2791 mihi
2446 2745 2653 2793 emer-

557 2861 725 2933 ·gere
758 2836 1033 2909 tumulo
1057 2836 1158 2909 vir
1189 2835 1407 2909 fortis.

572 3041 597 3066 ι
615 3018 847 3091 praebeat
869 3038 1015 3072 sacra
1040 3040 1182 3075 arma
1201 3061 1218 3089 ‚
1241 3040 1342 3093 pro
1365 3020 1534 3093 patria
1552 3059 1569 3087 ‚
1654 3044 1679 3069 ι
1700 3024 1752 3075 in
1794 3043 1951 3077 usum
1994 3018 2245 3094 stipendii
2278 3018 2429 3074 dona
2466 3016 2653 3074 confla-

569 3122 598 3147 «
615 3116 714 3171 pro
740 3098 896 3153 deum
919 3100 1180 3168 delubris,
1207 3122 1303 3175 pro
1329 3103 1572 3156 libertate
1654 3124 1679 3148 ι
1698 3118 1837 3157 nus.
1858 3126 1881 3151 ι
1912 3104 2005 3155 En.
2098 3096 2114 3107 ’

575 3202 598 3225 α
619 3197 673 3231 se
707 3178 1047 3231 armantibus.
1071 3203 1093 3225 ιι
1123 3182 1204 3231 An
1233 3200 1358 3251 ergo
1395 3182 1573 3253 logen-
1728 3199 1771 3235 ι.
1792 3186 1917 3235 Non
1942 3183 2146 3235 haberes
2170 3181 2324 3256 leges.
2342 3182 2649 3233 Libertatem

565 3254 698 3309 dum
731 3258 1044 3329 Syracusani
1054 3260 1080 3308 Ρ
1109 3256 1243 3310 Vide
1281 3273 1333 3311 et
1368 3259 1435 3311 de
1468 3260 1572 3312 hoc
1652 3260 1986 3333 perdidisses.
2008 3258 2125 3312 vid.
2159 3276 2307 3332 stlpr.
2338 3260 2405 3313 ad
2432 3259 2645 3311 Declam-

567 3356 714 3392 more
749 3340 947 3391 Lucan.
989 3340 1036 3406 1,
1079 3341 1195 3406 240.
1237 3342 1402 3393 Bnnu.
1438 3343 1572 3394 Sunt
1653 3338 1956 3405 cmxvii,
1990 3352 2042 3392 et
2074 3337 2218 3391 alibi.
2254 3364 2331 3381 -·
2354 3340 2555 3392 Cer-nun
2586 3346 2650 3387 est

569 3414 676 3471 loci
716 3435 1056 3485 communen,
1099 3438 1163 3471 ex
1203 3420 1318 3490 ipsa
1351 3423 1574 3472 materia
1652 3422 1831 3472 omnia
1849 3420 2105 3491 licen-epm
2118 3419 2311 3491 patria.
2333 3418 2517 3469 Senee.
2532 3416 2563 3465 Ι.
2578 3432 2646 3465 e.:

569 3498 714 3552 velut
749 3514 938 3571 sponte
967 3516 1319 3575 emergentes,
1351 3518 1485 3572 quos
1520 3516 1575 3555 et
1658 3520 1682 3545 e·
1702 3496 2007 3570 Quidquam
2048 3516 2157 3550 non
2199 3494 2258 3551 fit
2297 3499 2522 3570 legitime
2552 3512 2648 3565 pro

569 3578 771 3635 Seneca
799 3584 854 3633 in
889 3599 1140 3655 promptu
1177 3584 1362 3636 habuit
1397 3596 1449 3635 et
1482 3602 1573 3635 ex·
1658 3602 1683 3627 ι
1703 3581 2010 3651 Ιοεςὶὶιιιεῒ».
2039 3582 2129 3632 Eo.

569 3663 787 3731 pressit,
819 3660 920 3713 loc.
957 3662 1080 3713 eit.:
1128 3665 1269 3714 oePro
1301 3654 1573 3734 republica
1727 3676 1773 3710 2.
1822 3658 2008 3711 Nudus
2046 3660 2174 3711 steti.
2220 3660 2303 3709 An
2323 3695 2341 3723 ‚
2384 3655 2652 3709 misem?

577 3758 602 3783 α
619 3739 934 3813 plerumque
959 3740 1157 3813 templa
1185 3742 1485 3809 nudantur,
1520 3754 1574 3793 et
1653 3740 1871 3793 Senum.
1893 3738 2137 3791 AErodius
2162 3738 2359 3810 abjecit
2380 3736 2507 3791 steti.
