2855 4871
576 448 655 491 20
1079 421 1170 486 M.
1218 421 1474 486 FABII
1516 421 2153 504 QUINTILIANI

572 545 1141 648 quinquennium
1164 573 1185 629 ¹:
1214 544 1478 644 explica
1502 545 1691 617 enim
1717 546 1894 619 mihi
1915 547 2238 619 medium
2263 545 2436 619 illud
2465 545 2658 620 bien·

571 665 800 738 nium.
830 665 938 753 An
965 662 1097 734 hoc
1120 658 1285 732 dicis
1304 717 1322 750 ,
1355 659 1536 731 nihil
1562 659 1883 733 interest?
1909 662 2019 734 dic
2043 662 2258 754 mihi,
2277 689 2418 762 quo
2438 660 2654 735 modo

574 781 791 880 magis
822 777 1256 869 exsulaverit,
1298 803 1514 877 quam
1549 776 1606 848 si
1639 801 1862 849 unum
1898 779 2280 852 occidisset.
2311 778 2524 871 Quod
2557 798 2658 850 est

568 896 755 968 istud
776 915 1009 967 contra
1027 892 1212 991 leges
1230 889 1727 990 compendium
1746 948 1766 982 ,
1790 911 1866 964 ut
1882 893 2070 965 idem
2089 893 2262 966 illud
2279 893 2658 966 biennium

566 1012 811 1113 prioris
830 1035 1048 1110 poenae
1066 1006 1398 1079 ultimum
1433 1007 1516 1078 sit
1531 1064 1551 1097 ,
1575 1009 1922 1106 sequentis
1947 1008 2302 1108 primum?
2334 1008 2540 1114 Libet
2560 1009 2660 1080 in-

566 1150 905 1226 terrogare
927 1146 1288 1224 tamquam
1308 1145 1749 1222 praesentem:
1776 1125 1897 1197 illo
1917 1126 2150 1198 medio
2173 1147 2484 1226 tempore
2513 1127 2655 1198 utri

563 1241 929 1316 exsulasti?
954 1239 1153 1342 cujus
1180 1240 1313 1311 hoc
1340 1238 1544 1311 morti
1567 1239 1674 1311 lex
1693 1240 2042 1340 praestitit?
2061 1243 2442 1340 Fingamus
2462 1241 2654 1314 enim

567 1358 743 1430 duos
779 1354 1009 1427 statim
1058 1354 1343 1444 occisos,
1387 1374 1465 1425 ut
1506 1354 1720 1444 duos,
1772 1354 1867 1426 ita
1913 1355 2117 1427 etiam
2152 1356 2424 1455 plures,
2464 1377 2532 1429 et
2565 1355 2658 1428 ad

563 1499 1061 1573 quemcunque
1078 1496 1456 1544 numerum
1474 1498 1489 1541 :
1513 1470 1708 1542 nulla
1723 1471 2116 1545 differentia
2135 1492 2254 1562 est,
2272 1472 2448 1544 inter
2461 1499 2654 1562 eum,

566 1591 689 1689 qui
726 1589 799 1660 in
836 1614 978 1659 uno
1009 1587 1240 1685 lapsus
1272 1606 1373 1658 est
1393 1643 1412 1676 ,
1454 1606 1521 1658 et
1548 1613 1710 1658 eum
1734 1643 1753 1676 ,
1791 1586 1913 1685 qui
1941 1587 2478 1660 satisfactionem
2504 1587 2658 1686 plu·

564 1705 755 1780 ribus
782 1702 1032 1775 debet?
1055 1705 1549 1775 Imenunmrls
1578 1720 1801 1774 clunis
1829 1721 2223 1776 naimarus
2248 1723 2659 1792 QqunssN-

562 1842 695 1895 Nlo
716 1840 1060 1893 EXSULET.
1093 1822 1227 1891 Ista
1255 1817 1514 1892 ratione
1539 1821 1770 1891 statim
1795 1839 2061 1918 poterat
2087 1841 2238 1918 post
2265 1819 2659 1917 quinquen-

566 1938 769 2010 nium
811 1935 1032 2008 redire
1057 1990 1076 2024 ,
1122 1933 1471 2034 siquidem
1527 1933 1660 2007 hoc
1711 1933 1940 2006 dicere
1982 1935 2142 2006 satis
2185 1956 2287 2007 est
2307 1992 2326 2025 ,
2372 1935 2656 2009 Caedem

562 2053 972 2154 imprudens
1006 2051 1394 2140 commisit,
1425 2049 1994 2151 quinquennium
2023 2050 2366 2122 exsulavit.
2404 2051 2662 2123 Videa-

564 2197 725 2242 mus
757 2195 949 2242 nunc
968 2225 988 2258 ,
1019 2195 1232 2266 quam
1272 2167 1610 2239 rationem
1639 2187 1871 2240 secuta
1898 2167 1984 2240 sit
2015 2167 2125 2239 lex
2161 2167 2659 2242 constituendae

566 2285 911 2387 ejusmodi
942 2309 1195 2383 poenae,
1226 2310 1442 2382 quam
1473 2282 1868 2356 mehercule
1903 2282 2177 2355 videtur
2217 2283 2392 2354 mihi
2425 2283 2659 2382 priore

566 2401 965 2491 clementia,
995 2426 1211 2500 quam
1226 2399 1498 2501 justin'a
1518 2415 1534 2445 ¹
1573 2399 2000 2473 constituisse
2027 2425 2153 2501 pro
2183 2420 2408 2472 morte
2436 2399 2661 2473 homi-

564 2518 677 2590 nis
704 2515 1091 2589 innocentis
1106 2572 1125 2606 ,
1152 2542 1278 2615 pro
1305 2514 1444 2586 vita
1464 2514 1956 2615 quinquennio
1979 2515 2283 2612 denique
2303 2515 2663 2588 constituit

566 2633 975 2707 absentiam.
1024 2634 1171 2731 Ego
1206 2631 1494 2735 quidem
1528 2631 2042 2731 impudentiam
2073 2630 2255 2703 illius
2281 2630 2387 2703 vel
2419 2631 2492 2701 in
2526 2632 2659 2704 hoc

569 2751 803 2823 mirari
850 2749 1007 2823 satis
1049 2776 1193 2821 non
1245 2775 1572 2848 possum,
1612 2749 1804 2847 quod
1843 2748 2188 2820 festinavit
2233 2770 2376 2820 tam
2413 2747 2546 2820 cito
2585 2748 2661 2821 in

568 2867 865 2967 patriam
892 2865 1159 2937 reverti.
1190 2867 1309 2936 Est
1333 2864 1557 2955 enim,
1588 2878 1703 2935 ut²
1730 2864 1863 2937 sibi
1892 2863 2140 2963 aliquis
2167 2889 2395 2935 unum
2422 2889 2663 2936 casum

572 2980 908 3070 remittat,
944 3000 1012 3051 et
1039 2980 1252 3051 semel
1276 2980 1508 3079 lapsus
1537 3008 1762 3053 errore
1791 3007 1862 3052 se
1895 2980 2218 3051 humanae
2253 2978 2667 3052 necessitatis

572 3116 873 3171 excuset:
910 3095 1025 3167 hic
1048 3122 1242 3187 vero,
1278 3098 1398 3193 qui
1429 3097 1778 3169 commisit
1805 3098 2058 3169 iterum
2081 3096 2268 3168 idem
2284 3152 2304 3185 ,
2329 3122 2470 3194 quo
2494 3096 2666 3167 exsi-

569 3212 750 3285 lium
763 3210 1037 3300 meruit,
1049 3213 1462 3312 computatis
1475 3212 1720 3285 diebus
1728 3233 1933 3312 atque
1941 3211 2124 3285 horis
2134 3211 2359 3311 legem
2373 3231 2666 3283 tantum·

572 3326 787 3399 modo
807 3326 1132 3426 inspexit,
1159 3352 1304 3397 non
1335 3330 1549 3398 etiam
1571 3327 1868 3399 crimina
1889 3354 2014 3400 sua
2037 3326 2458 3414 numeravit,
2481 3325 2665 3398 nihil

570 3442 999 3517 verecundiae
1032 3469 1171 3514 suae
1194 3442 1480 3545 adjecit,
1509 3443 1691 3516 nihil
1720 3444 1998 3543 pudori.
2027 3444 2206 3534 Quis
2231 3464 2462 3516 autem
2482 3443 2666 3515 indi-

574 3558 771 3658 gnari
804 3577 1023 3655 potest
1054 3583 1219 3629 eum
1254 3557 1729 3648 interfectum,
1758 3559 1880 3659 qui
1908 3557 2232 3630 occiderit
2255 3556 2474 3629 duos?
2495 3583 2666 3630 nam

573 3672 629 3745 si
668 3671 813 3744 ulla
839 3671 972 3742 hoc
1000 3671 1152 3742 loco
1187 3671 1540 3745 miseratio
1570 3694 1700 3763 est,
1742 3673 1948 3746 debet
1975 3699 2119 3745 esse
2149 3699 2273 3772 pro
2303 3672 2476 3744 illis:
2518 3671 2668 3743 haec

650 3824 1177 3879 1.Prioreclementia
1189 3844 1343 3898 quam
1345 3826 1576 3898 justitia.
1659 3826 1827 3879 Instit.
1859 3825 1950 3877 lib.
1972 3825 2120 3891 vm,
2146 3840 2194 3875 2.
2223 3823 2479 3876 Francius
2507 3822 2672 3875 male·

572 3910 742 3980 Lege,
780 3911 990 3981 majore.
1033 3898 1197 3962 G‘non.
1247 3908 1427 3959 Priore
1471 3907 1578 3959 cle-
1658 3904 1782 3972 bat,
1801 3905 2019 3977 potiom.

576 3988 781 4041 mentioe
807 4004 964 4062 quam
991 3986 1218 4060 justitia·
1257 4004 1381 4038 cura
1418 3996 1576 4039 const.
1734 4002 1781 4036 2.
1819 3984 1912 4036 Est
1947 3982 2086 4033 enim
2129 3992 2204 4033 ut.
2249 3976 2331 4031 Ad
2365 3980 2668 4033 Graecorum

576 4066 794 4121 Senttr.
810 4068 1090 4131 —Forte,
1129 4068 1332 4138 pejore,
1358 4079 1417 4117 ut
1437 4083 1582 4118 com·
1659 4084 1890 4129 morem,
1920 4064 2010 4136 qui
2037 4064 2110 4115 ita
2131 4061 2253 4114 taem
2278 4060 2400 4117 ὅπως
2419 4074 2667 4117 utuntur.

575 4162 774 4205 mutata
812 4148 903 4203 ina
942 4146 1203 4203 vocabula
1244 4149 1391 4203 fuere
1423 4149 1583 4202 etiam
1660 4146 1780 4201 vide
1803 4145 1874 4198 ad
1893 4148 2101 4198 Petron.
2125 4162 2243 4216 cap.
2270 4142 2500 4197 CXXVI.
