2855 4871
526 439 566 501 6
977 448 982 453 ·
1029 444 1123 507 M.
1171 440 1421 506 FABu
1468 441 2101 523 QUlNTlLlANl

1219 654 1917 719 DECLAMATIO.

645 817 1078 889 anosmm
1131 835 1260 905 Qm
1307 836 1713 890 mmcwrus
1766 834 2027 889 rumu'r
2048 874 2067 907 ,
2114 834 2627 904 QUADRUPLUM

533 949 834 1003 SOLVAT.
869 932 1174 1004 Inficiari
1196 988 1216 1023 ‚
1265 954 1366 1005 est
1393 933 1789 1031 depositum
1830 934 2019 1005 nolle
2050 932 2331 1005 solvere.
2377 933 2631 1029 Itaque

533 1073 623 1119 ne
648 1045 825 1119 acn‘o
844 1046 1130 1146 quidem
1155 1046 1300 1118 haec
1317 1048 1465 1119 dari
1487 1064 1740 1148 potest,
1772 1047 1903 1121 nisi
1930 1046 2250 1120 adversus
2270 1074 2433 1119 eum
2451 1104 2469 1133 ,
2498 1045 2630 1145 qui

535 1162 907 1235 damnatus
930 1163 1160 1235 fuerit.
1183 1164 1285 1234 Eo
1307 1164 1499 1236 enim
1518 1185 1829 1262 tempore
1845 1184 2192 1261 quaeratur
2206 1188 2481 1236 necesse
2500 1182 2631 1251 est,

535 1303 628 1348 an
665 1276 924 1349 habeat
957 1278 1374 1377 pecuniam,
1416 1299 1484 1350 et
1517 1304 1607 1350 an
1640 1278 2025 1351 inficietur:
2070 1304 2301 1376 neque
2328 1268 2634 1350 omnino

533 1394 1015 1493 quadruplum
1047 1395 1304 1468 solvere
1332 1394 1570 1485 debet,
1605 1396 1732 1467 nisi
1756 1394 1967 1467 simul
1992 1396 2342 1467 convictus
2367 1422 2383 1466 τ
2412 1420 2635 1493 qnare

535 1507 592 1579 si
628 1508 810 1579 hanc
853 1528 1123 1581 tantum
1158 1529 1470 1608 negasset
1502 1507 1913 1607 aliquando,
1950 1530 2016 1580 et
2054 1528 2293 1607 postea
2331 1508 2639 1580 obtulis-

536 1640 676 1710 set,
733 1647 880 1693 non
925 1642 1159 1694 tamen
1207 1641 1475 1721 poterat
1516 1621 1734 1693 videri
1784 1622 2173 1722 quadruplo
2231 1621 2581 1722 obligatus
2612 1676 2635 1710 ,

539 1764 762 1835 quum
797 1736 930 1810 hoc
962 1738 1198 1837 ipsum
1227 1736 1707 1836 quadruplum
1737 1764 1897 1809 cum
1932 1764 2011 1809 ea
2037 1764 2319 1810 summa
2347 1737 2641 1811 habue-

538 1853 663 1940 rit,
709 1880 864 1951 quae
895 1875 1204 1953 negatur.
1241 1854 1437 1945 Quid
1465 1854 1522 1925 si
1554 1874 1621 1925 et
1649 1854 1999 1927 absolutus
2034 1876 2133 1927 est
2157 1854 2290 1927 hoc
2312 1854 2589 1955 judicio
2616 1910 2638 1945 ‚

539 1994 764 2063 quum
809 1968 882 2039 in
925 1969 1403 2069 quadruplum
1448 1970 1765 2041 damnari
1810 1970 2119 2068 poterat?
2159 1998 2387 2070 neque
2436 1971 2643 2042 enim

541 2084 696 2156 ideo
744 2084 953 2158 debet
997 2088 1472 2188 quadruplum
1516 2086 1771 2159 solvere
1796 2143 1815 2175 ,
1863 2086 2028 2183 quia
2066 2086 2293 2187 potuit
2332 2114 2423 2159 ne
2468 2087 2647 2159 sim-

539 2198 740 2299 plum
760 2199 1052 2298 quidem
1073 2200 1331 2273 solvere
1349 2256 1369 2291 ,
1399 2199 1455 2271 si
1475 2199 1699 2298 ipsam
1722 2214 1738 2245 ¹
1766 2198 2171 2297 pecuniam,
2194 2225 2349 2297 quae
2372 2226 2417 2271 a
2440 2220 2645 2300 patre

543 2334 664 2385 tuo
715 2312 906 2414 apud
957 2314 1308 2388 amicum²
1331 2368 1579 2387 .......
1626 2313 1837 2386 velles
1870 2372 1889 2405 ‚
1942 2341 2089 2386 non
2122 2312 2361 2387 liceret
2388 2328 2642 2387 tumen

541 2430 668 2502 tibi
703 2457 848 2502 rem
867 2430 1260 2534 judicatam
1287 2453 1670 2504 retractare.
1694 2432 1845 2503 Hoc
1874 2457 2037 2532 ergo
2071 2430 2220 2504 fieri
2266 2451 2526 2532 potest,
2556 2455 2645 2504 ut

543 2574 690 2620 rem
729 2574 876 2620 non
904 2549 1208 2649 potueris
1234 2570 1536 2649 repetere
1554 2547 1612 2639 ³,
1640 2574 1913 2646 poenarn
1946 2549 2045 2620 rei
2084 2546 2365 2648 petas4?

1409 2783 1773 2850 SERMO.

639 2941 798 3005 Haec
827 2943 998 3006 cirea
1016 2943 1158 3032 jus,
1185 2943 1292 3010 illa
1323 2943 1493 3008 circa
1518 2943 1914 3032 aequitatem.
1936 2943 2064 3026 Qui
2086 2941 2534 3034 quadruplum
2558 2945 2652 3010 ab

547 3046 914 3112 inficiatore
955 3047 1122 3137 petit
1141 3096 1158 3127 ,
1197 3047 1305 3113 illa
1343 3047 1566 3114 dicere
1606 3047 1813 3115 solet:
1858 3049 2137 3136 Oportet
2178 3071 2443 3140 poenam
2496 3072 2651 3116 esse

548 3151 870 3224 avaritiae,
895 3169 963 3216 et
984 3151 1160 3217 affici
1185 3153 1511 3243 supplicio
1536 3151 1963 3241 cupiditates:
1995 3177 2213 3246 neque
2241 3154 2421 3218 enim
2450 3153 2656 3220 aliter

551 3259 717 3326 fides
741 3277 1042 3327 constare
1067 3254 1404 3350 potueritff
1433 3260 1611 3350 apud
1639 3285 1899 3343 omnes,
1934 3261 2059 3328 nisi
2086 3279 2271 3327 metu
2300 3263 2654 3328 continea-

467 3395 476 3402 ·
553 3385 679 3432 tur.
729 3367 1124 3455 Depositum
1164 3366 1294 3432 hoc
1336 3390 1417 3433 eo
1466 3369 1671 3455 magis
1716 3364 2190 3432 vindicandum
2213 3417 2230 3446 ‚
2273 3364 2457 3456 quod
2502 3369 2653 3434 fere

553 3489 804 3538 secreta
828 3485 982 3538 sunt
1003 3475 1164 3538 citi-a
1186 3472 1681 3560 probationem:
1714 3495 1849 3538 non
1872 3490 2091 3563 potest
2118 3473 2394 3538 omnino
2410 3473 2489 3537 'm
2512 3471 2654 3540 hoc

550 3601 828 3668 arguere
849 3581 1207 3644 avaritiam.

634 3772 678 3812 r.
711 3759 949 3827 Solvere,
986 3763 1030 3815 si
1063 3762 1245 3836 ipsam.
1274 3763 1484 3816 Solvere
1518 3762 1564 3816 εἰ
1642 3765 1717 3817 ΟΙ.
1766 3763 2187 3826 Almelovenius‚
2230 3781 2382 3827 cum,
2438 3763 2561 3830 vd,
2608 3765 2659 3817 εἰ

559 3846 722 3913 ipsam
739 3861 795 3915 p.
824 3847 969 3895 Prrn.
1642 3863 1745 3898 rem
1773 3865 1881 3898 non
1899 3846 2141 3918 potueris.

632 3943 678 3976 2.
703 3925 864 3996 Apud
903 3927 1148 3977 amicum.
1186 3923 1374 3994 Forte,
1412 3925 1559 3998 apud
1711 3923 2027 3994 4 Re1'petas.
2042 3921 2433 3994 An‚legendum
2446 3925 2655 3994 potius,

557 4005 788 4056 amicum
806 4003 1032 4078 deposita
1041 4004 1254 4078 fuerat,
1265 4015 1437 4076 petere
1455 4003 1560 4056 vel·
1642 4003 1871 4074 repetas?
1896 4005 2040 4053 Prrn.

559 4081 646 4136 les.
675 4086 842 4138 Bunu.
1721 4079 1769 4132 5.
1823 4079 2071 4131 Potuerit.
2128 4081 2379 4148 Legerem
2435 4084 2652 4150 poterit.

627 4161 676 4212 3.
707 4163 776 4214 Ut
805 4183 908 4215 rem
932 4183 1034 4216 uon
1055 4163 1301 4235 ponaer-is.
1321 4161 1555 4216 Male-bat
1640 4161 1909 4212 Functus.
