2855 4871
730 422 1573 490 DECLAMATmNES.
1619 424 1879 491 xxix.
2231 429 2355 518 575

216 550 551 623 sollicito
578 534 981 648 extorquere
1006 575 1076 621 se
1101 547 1363 648 populo
1382 603 1401 636 ‚
1431 549 1618 648 quod
1646 550 2017 649 impetrare
2042 578 2085 622 a
2103 551 2359 625 victore

217 695 398 739 non
430 687 682 766 posset.
713 668 947 740 Ducat
980 664 1167 738 dives
1201 666 1550 764 aliquam,
1579 667 1699 739 sed
1735 670 2112 765 aequalem:
2149 669 2355 743 ducat

214 782 600 855 volentem
629 808 643 852 ε
670 781 837 854 velis
864 779 1053 851 enim
1080 780 1300 870 noliS,
1331 802 1648 878 suspecta
1676 808 1782 853 res
1809 803 1907 853 est
1929 806 2196 856 amator
2219 784 2360 856 ini-

219 897 513 987 micus,
557 896 838 995 squalor
879 916 945 967 et
990 920 1263 986 moeror,
1304 896 1605 993 gemitus
1649 918 1716 968 et
1755 896 2017 988 luctus,
2059 899 2355 971 inimici.

216 1010 428 1082 Filia
476 998 632 1083 talis
677 1009 1085 1083 adamatur?
1131 1036 1402 1111 pauper
1446 1031 1513 1081 et
1560 1010 1743 1083 dives
1786 1012 2158 1085 inimicum
2188 1028 2205 1057 ¹
2254 1034 2356 1087 est

217 1126 817 1198 matrimonium:
852 1153 940 1197 ne
977 1153 1225 1224 pecora
1264 1126 1557 1224 quidem
1585 1128 1846 1230 jugum
1871 1185 1890 1220 ,
1939 1129 2073 1200 nisi
2121 1130 2348 1228 paria,

219 1240 649 1313 succedunt.
680 1244 829 1341 Ego
858 1261 1093 1312 autem
1124 1240 1297 1339 quid
1328 1240 1631 1312 faciam?
1657 1240 1991 1339 laqueum
2017 1242 2180 1315 filiae
2207 1240 2351 1315 sol·—

214 1384 405 1429 vam
422 1415 441 1449 ,
464 1384 553 1428 an
575 1356 990 1429 flammeum
1012 1348 1524 1455 superponam?
1543 1358 1770 1429 facem
1793 1358 2087 1430 nubenti
2109 1358 2357 1457 praefe-

218 1500 395 1545 ram
414 1531 433 1563 ,
462 1500 551 1545 an
583 1500 830 1573 rogum
856 1471 1150 1573 jacentis
1174 1471 1632 1544 accendam2?
1652 1472 1850 1547 aliter
1869 1471 2061 1547 enim
2088 1497 2348 1547 merces

216 1588 311 1659 in
354 1588 601 1659 timore
644 1586 1105 1687 promittitur,
1148 1586 1347 1659 aliter
1388 1614 1569 1659 onus
1611 1588 1684 1660 in
1728 1616 1896 1689 pace
1944 1610 2342 1689 praestatur:

214 1702 594 1774 festinavit
614 1703 703 1773 ad
729 1702 1061 1801 laqueum
1082 1760 1101 1791 ,
1133 1704 1531 1803 properavit
1552 1704 1643 1776 ad
1669 1725 2004 1795 mortem,
2027 1732 2172 1777 non
2197 1732 2348 1779 cre-

220 1816 405 1888 ditis
436 1816 655 1915 patri?
696 1816 953 1889 credite
986 1815 1092 1887 vel
1128 1816 1379 1888 sorori:
1418 1816 1475 1889 si
1505 1816 1774 1909 vicerit,
1809 1817 1898 1889 ad
1928 1838 2194 1916 patrem
2234 1846 2346 1891 re-

214 1952 570 2004 vertetur:
602 1932 658 2003 si
688 1932 869 2003 victa
900 1930 1149 2020 fuerit,
1181 1927 1270 2002 ad
1304 1958 1634 2003 sororem.

312 2139 335 2173 1
353 2160 366 2173 .
389 2122 692 2175 Inimicum.
724 2122 808 2172 An
834 2138 945 2172 non
975 2120 1211 2192 iniquum
1230 2142 1251 2183 ‚-

220 2215 289 2253 ut
316 2219 461 2274 saepe
486 2204 539 2252 in
569 2196 1061 2252 Declamationibus
1090 2216 1251 2270 supe-

220 2279 468 2332 rioribus
485 2279 712 2331 vidimus
729 2277 827 2331 has
845 2296 1005 2330 voces
1022 2277 1251 2329 confun-

219 2360 303 2413 di.
330 2358 451 2411 vid.
482 2357 552 2412 ad
579 2359 761 2425 Quint.
786 2357 933 2411 Dect.
957 2358 1081 2424 vn,
1104 2355 1138 2423 4
1154 2378 1169 2421 ;
1196 2370 1250 2409 et

217 2441 387 2493 Deci.
417 2441 696 2506 CCCXIII,
726 2453 779 2493 et
807 2438 949 2491 alibi.
980 2434 1153 2490 Bunu.
1178 2469 1251 2478 --

218 2521 399 2573 Paria
430 2522 727 2572 succedunt.
760 2521 997 2572 Latinius
1024 2526 1248 2590 putant,

218 2601 612 2672 Schultingius,
628 2601 811 2652 ineunt
816 2621 838 2666 ,-
852 2600 1125 2663 Francius,
1140 2597 1251 2649 sub·

218 2691 365 2732 eunt
379 2704 394 2732 .-
413 2677 506 2733 sed
522 2698 684 2751 quum
698 2678 961 2732 succedere
974 2697 1072 2748 pro
1086 2677 1249 2729 subire

222 2763 395 2813 etiam
430 2773 678 2832 ponatur,
708 2773 765 2812 ut
794 2761 1057 2812 succedere
1080 2758 1249 2811 domi-

218 2842 471 2908 nationi,
493 2845 628 2894 Just.
651 2843 775 2908 xn,
802 2860 860 2906 a,
883 2855 935 2894 et
957 2853 1064 2892 tam
1088 2857 1248 2891 accu-

224 2923 433 2976 sativus
455 2941 611 2993 quam
633 2921 840 2974 dativus
851 2924 1107 2992 jungatur
1119 2918 1245 2972 huic

220 2999 432 3058 verbe..
460 3000 566 3053 vid.
600 3000 741 3053 Serv.
765 2999 831 3053 ad
857 3001 1000 3070 Vir-g.
1036 2997 1147 3049 Eoi.
1169 3002 1242 3061 V;

200 3089 285 3134 ‘et
314 3079 522 3133 AEneid.
552 3079 643 3132 lib.
664 3081 809 3142 VIII,
836 3077 959 3142 1253
983 3078 1146 3129 Gron.
1174 3075 1241 3128 ad

224 3161 343 3212 Liv.
380 3161 583 3226 XXXI,
622 3159 723 3226 453
762 3159 939 3209 Heius.
980 3157 1048 3208 ad
1084 3155 1237 3208 ovid.

224 3238 365 3290 Met.
398 3238 551 3304 xm,
584 3237 721 3299 6113
758 3249 810 3288 et
840 3255 941 3288 nos
972 3234 1041 3288 ad
1075 3237 1237 3306 Epist.

226 3321 325 3384 IV,
349 3321 445 3385 23,
468 3319 597 3372 nihil
622 3337 794 3372 causae
812 3317 992 3384 video,
1018 3335 1114 3368 cur
1132 3335 1243 3368 mu-

229 3413 423 3453 temus.
446 3405 747 3476 Utrumque
769 3399 990 3452 verbum
1012 3401 1242 3470 conjun-

228 3482 310 3549 git
332 3479 499 3532 Cicer.
527 3479 594 3532 de
617 3483 765 3535 Orat.
792 3480 843 3546 1,
867 3481 935 3533 33
952 3500 967 3530 ε
993 3500 1019 3526 ι
1039 3477 1242 3530 Verba-

1338 2142 1362 2167 ·
1385 2139 1490 2193 que
1517 2122 1694 2173 omnia
1716 2120 1816 2173 sub
1841 2138 2064 2173 acumen
2087 2120 2194 2174 stili
2215 2120 2342 2174 sub-

1336 2222 1358 2246 c·
1382 2212 1504 2252 eant
1520 2239 1537 2266 ‚
1563 2212 1614 2251 et
1639 2196 1928 2251 succedant
1950 2214 2168 2252 ncceuse
2195 2210 2290 2251 est.
2311 2220 2336 2247 ι

1328 2283 1451 2353 Ipsa
1473 2294 1654 2333 nutem
1677 2284 1939 2335 sententia
1961 2280 2216 2353 vulgaris,
2235 2300 2341 2354 qua

1330 2374 1383 2413 et
1417 2359 1562 2432 apud
1593 2360 1842 2415 Ovidium
1873 2361 2118 2432 Dejanira
2147 2364 2340 2428 utitur,

1328 2441 1497 2513 Epist.
1529 2441 1633 2508 IX,
1662 2459 1760 2510 29:
1795 2463 1817 2487 ι
1837 2439 2014 2509 Quam
2047 2440 2182 2492 male
2213 2443 2342 2494 inae-

1335 2541 1359 2570 ι
1380 2523 1562 2594 quales
1573 2525 1796 2575 veniunt
1817 2521 1888 2574 ad
1907 2535 2084 2574 aratra
2096 2524 2340 2592 juvenci,

1334 2623 1358 2648 ι
1377 2601 1510 2652 Tam
1560 2602 1818 2672 premitur
1865 2616 2058 2669 magno
2110 2601 2342 2670 cunjuge

1334 2700 1357 2725 a·
1376 2693 1544 2750 nupta
1569 2679 1758 2729 minor.
1781 2701 1803 2724 n
1834 2677 2004 2728 Bunn.

1401 2777 1449 2810 2.
1477 2759 1662 2810 Facem
1693 2759 1908 2810 nubenti
1930 2757 2208 2828 proeferam
2223 2793 2240 2822 ,
2263 2773 2336 2808 au

1329 2855 1512 2911 rogum
1519 2837 1749 2909 jacentis
1768 2837 2046 2889 accendam
2062 2837 2088 2886 Ρ
2109 2837 2226 2888 Jam
2245 2837 2339 2906 igi-

1328 2933 1413 2970 tur
1440 2918 1582 2970 illam
1609 2937 1710 2988 pro
1740 2930 1951 2969 mortuo
1976 2911 2156 2968 habet.
2181 2913 2330 2970 Decl.

1322 2999 1474 3052 XIV:
1517 3019 1539 3042 α
1561 2999 1656 3049 Hic
1693 2998 1834 3049 enim
1870 2995 2082 3068 quando
2114 2995 2334 3069 sepeliet

1328 3079 1629 3147 «jacentem
1649 3116 1666 3143 ,
1715 3078 1806 3150 qui
1849 3075 2022 3128 noluit
2069 3075 2334 3130 redimere

1328 3179 1349 3202 α
1371 3153 1628 3209 venalem.
1652 3180 1674 3205 ιο
1717 3155 1854 3208 Add.
1891 3153 2076 3208 Senec.
2111 3153 2332 3208 Octavia

1324 3235 1462 3303 2643
1498 3236 1688 3288 sustin.
1725 3231 1808 3302 11,
1849 3252 1894 3302 1,
1925 3235 1976 3303 4.
2012 3235 2230 3289 δοηυιτ.
2257 3263 2328 3275 —-

1320 3314 1496 3370 Aliter
1516 3334 1658 3368 onus.
1684 3314 1956 3380 Fortasse,
1978 3314 2154 3366 honos.
2179 3307 2328 3367 Pint-

1322 3399 1387 3450 Et
1410 3399 1481 3450 ita
1501 3396 1664 3448 edidit
1679 3393 1928 3448 Obrecht.
1948 3424 2002 3434 —
2029 3391 2334 3448 Festinavit-

1322 3477 1598 3530 Festinabit
1623 3489 1674 3526 et
1695 3475 2003 3546 properabit.
2027 3471 2248 3530 senum.
