2855 4871
521 416 1364 486 DECLAMATIONES.
1411 418 1950 486 CCLXXVIII.
2164 424 2283 504 143

184 543 381 615 blica
414 565 741 633 causam3
775 563 841 614 et
870 542 965 615 sic
999 540 1412 642 respondere
1442 542 1608 634 tibi,
1643 563 2005 642 tamquam
2034 544 2219 616 istud
2248 572 2289 618 a

183 658 701 759 magistratibus
726 678 938 758 petas.
964 660 1124 729 Non
1151 678 1254 729 est
1278 676 1556 758 tempus
1580 658 1711 731 hoc
1738 658 2029 732 actionis
2052 660 2284 733 istius:

185 775 472 883 quaudo
517 775 713 847 enim
765 774 952 847 filius
1001 794 1163 846 tuus
1207 772 1473 847 fortiter
1516 774 1727 847 fecit?
1783 776 2089 849 multum
2130 778 2287 879 jam

185 890 505 961 transisse
548 910 827 989 tempus
869 910 1027 961 ante
1070 888 1252 961 hanc
1287 889 1639 961 actionem
1676 889 2133 963 confiteberis.
2171 894 2291 963 In·-

185 1008 589 1105 terrogabo,
623 1005 749 1078 ubi
772 1005 984 1078 fueris
1013 1028 1027 1076 ε
1061 1000 1332 1077 etiamsi
1359 1024 1426 1077 te
1453 1005 1915 1106 peregrinatio
1944 1005 2291 1095 detinuit,

187 1124 461 1195 etiamsi
510 1123 822 1196 absentia
862 1122 938 1195 in
987 1145 1192 1195 causa
1235 1122 1370 1194 fuit
1391 1180 1412 1215 ,
1460 1148 1601 1222 quo
1645 1122 1881 1195 minus
1915 1104 2290 1225 accipereS,

189 1241 417 1313 dicam
458 1262 696 1313 tamen
739 1242 1070 1341 pleraque
1099 1238 1261 1341 jura
1299 1260 1614 1339 tempore
1656 1241 2131 1315 circumscribi
2170 1270 2184 1313 :
2232 1240 2288 1314 si

188 1383 344 1427 vem
378 1357 549 1429 etin
579 1356 850 1429 civitate
885 1354 1116 1445 fuisti,
1152 1376 1221 1427 et
1255 1380 1555 1455 praesens
1590 1380 1775 1449 eras,
1816 1384 2039 1456 quum
2070 1356 2295 1429 hono-

187 1495 454 1545 raretur
483 1472 699 1564 filius,
731 1494 810 1546 ut
837 1496 1030 1545 nunc
1060 1498 1165 1544 res
1189 1492 1318 1562 est,
1346 1493 1543 1562 tuus3
1574 1472 1961 1572 interrogo,
1994 1501 2118 1546 cur
2147 1498 2293 1546 non

189 1586 510 1687 petieris?
537 1610 706 1661 nam
738 1609 814 1660 ut
842 1612 987 1660 non
1018 1587 1399 1687 acceperis,
1434 1588 1690 1661 sufficit
1718 1588 1851 1661 hoc
1870 1648 1889 1680 ,
1924 1588 2119 1690 quod
2147 1615 2294 1661 non

191 1704 446 1804 petisti.
483 1707 645 1777 Non
679 1728 826 1778 eras
868 1704 988 1776 illo
1027 1726 1342 1803 tempore
1375 1725 1593 1803 pater,
1638 1706 1803 1805 quia
1836 1706 2195 1779 nesciebas
2226 1724 2300 1777 tc

191 1846 380 1891 esse:
429 1842 579 1891 non
625 1818 1011 1893 debebatur
1049 1818 1264 1917 igitur
1295 1818 1426 1891 tibi
1464 1842 1547 1891 eo
1583 1840 2111 1921 tempore2quo
2146 1846 2297 1893 res-

195 1933 476 2031 publica
507 1933 777 2006 debuit.
817 1932 1000 2007 lllud
1031 1958 1318 2033 quoque
1351 1935 1701 2035 interrogo
1725 1994 1743 2026 ,
1778 1936 2133 2036 quomodo
2160 1938 2298 2008 fac·

195 2068 344 2119 mm
373 2047 468 2119 sit
485 2102 506 2136 ‚
531 2069 611 2121 ut
633 2072 764 2148 ego
789 2048 1219 2148 acciperem:
1252 2068 1455 2148 pater
1480 2050 1607 2122 viri
1638 2051 1831 2123 fortis
1862 2074 2089 2123 eram:
2124 2078 2301 2150 quo-

197 2192 348 2237 rum
397 2188 784 2266 utrumque
825 2167 1125 2240 breviter
1163 2168 1527 2239 ostendere
1558 2168 1784 2269 judici
1826 2167 2295 2241 necessarium

201 2302 324 2373 est,
357 2302 430 2354 et
461 2306 580 2354 me
615 2300 769 2355 tum
805 2303 1071 2383 patrem
1103 2278 1314 2355 fuisse
1333 2341 1352 2372 ‚
1379 2308 1611 2383 quum
1644 2282 1887 2356 decem
1919 2282 2139 2356 millia
2172 2282 2299 2355 de-

199 2394 543 2470 bebantur
583 2398 760 2498 patri
791 2398 916 2472 viri
947 2396 1140 2472 fortis
1161 2455 1180 2488 ,
1215 2420 1288 2472 et
1321 2420 1388 2472 te
1421 2422 1569 2472 non
1600 2400 1815 2474 fuisse
1834 2430 1856 2493 ;
1904 2399 2200 2498 ideoque
2234 2418 2299 2472 te

201 2537 338 2584 non
371 2513 760 2612 accepisse:
797 2533 1026 2614 patres
1061 2514 1254 2587 enim
1289 2541 1437 2588 non
1470 2537 1748 2588 tantum
1788 2537 2041 2588 natura
2078 2536 2143 2586 et
2177 2513 2301 2585 illo

200 2629 391 2701 initio
419 2631 871 2703 continentur
898 2657 913 2701 ε
945 2630 1104 2702 satis
1141 2651 1245 2702 est
1275 2632 1695 2730 plerumque
1725 2633 1813 2703 ad
1843 2633 1977 2703 hoc
2002 2630 2156 2731 juS,
2194 2629 2302 2699 vi·-

201 2743 351 2815 deri
371 2758 421 2815 ².
439 2747 630 2817 Num
651 2745 956 2818 dubium
975 2764 1106 2835 est,
1134 2746 1309 2844 quin
1340 2747 1397 2817 si
1427 2747 1790 2819 intestatus
1818 2746 2261 2818 decessissem
2281 2801 2301 2834 ‚

201 2881 577 2958 antequam
637 2880 714 2934 tu
767 2883 1176 2958 agnosceres
1197 2917 1217 2950 ,
1269 2859 1589 2931 aditurus
1640 2859 1757 2931 ille
1808 2859 2257 2932 hereditatem
2282 2917 2301 2949 ,

201 2974 388 3072 quusi
426 2975 652 3067 filius,
689 2975 942 3048 fuerit?
975 3001 1152 3048 num
1183 2975 1486 3048 dubium
1516 2997 1651 3067 est,
1692 2975 1868 3076 quin
1912 2976 1967 3048 si
2005 2975 2305 3049 honores

203 3111 500 3186 peterem
520 3148 540 3182 ,
576 3093 986 3192 profuturus
1019 3091 1194 3162 mihi
1231 3113 1593 3191 tamquam
1622 3091 1810 3163 filius
1838 3091 2094 3164 fuerit?
2124 3117 2299 3164 num

205 3203 502 3276 dubium
529 3229 666 3297 est,
701 3208 875 3305 quin
907 3207 997 3298 si,
1029 3206 1221 3304 quod
1250 3208 1458 3307 longe
1487 3208 1576 3280 ab
1604 3207 1755 3309 ejus
1783 3208 2023 3280 animo
2058 3229 2124 3279 et
2157 3235 2304 3279 mo-

205 3319 386 3392 ribus
413 3321 642 3411 abest,
673 3325 1013 3422 pulsasset
1035 3345 1306 3422 patrem
1327 3383 1346 3414 ,
1379 3349 1531 3398 non
1564 3325 1988 3427 injuriarum
2020 3343 2303 3397 tantum

207 3433 348 3534 lege
391 3435 792 3510 teneretur?
833 3439 893 3510 si
931 3438 1340 3530 occidisset,
1389 3467 1535 3512 non
1574 3441 1781 3512 caedis
1824 3462 2103 3512 tantum
2152 3439 2305 3538 lege

209 3573 432 3644 ΡΜ
461 3551 700 3624 daret?
731 3553 923 3652 quod
961 3555 1019 3624 si
1053 3553 1206 3626 baec
1239 3556 1485 3628 omnia
1520 3556 1591 3627 in
1618 3558 1937 3629 confesso
1968 3577 2133 3629 sunt
2165 3583 2180 3625 τ
2216 3579 2306 3626 ne

277 3769 322 3804 r.
345 3751 435 3806 Ad
454 3753 658 3824 ἧοσὶω
680 3753 861 3809 videri.
889 3759 1054 3810 Puto:
1091 3759 1217 3812 satis
1293 3761 1453 3814 cineri
1488 3773 1699 3834 potest,
1740 3763 1787 3816 si
1822 3757 1983 3812 modo
2016 3759 2087 3810 'ita
2122 3755 2310 3810 distin·-

213 3830 678 3905 estpienemqwead
697 3831 1007 3904 hocjtoe(se.
1031 3840 1213 3906 patriae
1292 3854 1504 3910 guntur,
1531 3841 1655 3891 satis
1678 3847 1752 3891 est
1771 3857 1828 3911 p.
1859 3835 1929 3889 ad
1958 3837 2053 3888 hoc
2070 3838 2166 3908 jue
2184 3873 2201 3901 ,
2232 3835 2311 3886 vi-

213 3916 546 3984 potestatis),
571 3914 763 3966 vocari.
794 3915 957 3967 scihe.
987 3929 1211 3987 patrem.
1293 3918 1419 3968 deri.
1454 3915 1565 3969 scil.
1592 3929 1796 3992 patrem
1812 3953 1831 3980 ,
1867 3917 1966 3967 etsi
1988 3931 2171 3966 revera
2198 3932 2307 3964 non

213 3995 464 4048 llaecvero
483 3993 648 4047 verba
667 3997 862 4067 passim
885 4011 1218 4049 commutari·
1295 4011 1391 4052 est.
1425 3996 1487 4052 In
1525 4017 1689 4068 marg.
1724 3995 1926 4047 AErodii
1968 4007 2077 4059 est,
2112 3992 2305 4058 videri,

216 4085 320 4125 tur:
347 4087 408 4127 m
433 4072 586 4146 apud
615 4073 770 4126 ovid.
799 4073 927 4126 Met.
957 4075 1063 4142 xl,
1093 4075 1216 4146 287,
1295 4095 1404 4132 non
1436 4089 1519 4145 et,
1555 4075 1771 4149 supple,
1803 4093 1911 4126 mm
1943 4073 2099 4124 etiam
2137 4091 2307 4125 revera

219 4167 268 4205 et
289 4153 438 4220 alibi5
463 4173 792 4227 quamquam
816 4169 869 4207 et
887 4155 1104 4229 vulgata
1129 4177 1218 4211 re·-
1296 4168 1501 4228 patrem
1528 4173 1642 4210 esse.
1664 4155 1836 4207 Βυιιι,
