2855 4871
578 425 1406 494 DECLAMATIONES.
1444 427 1896 498 CGGXLIV.
1982 484 1991 498 .
2154 439 2276 524 4¹7

182 574 628 650 quaecunque
677 579 759 624 ex
799 551 1079 626 adverso
1125 553 1486 646 dicuntur,
1530 557 1799 630 Donavi
1841 557 2030 629 enim
2072 587 2285 660 pecu-

182 668 386 740 niam
404 683 454 759 ¹,
477 691 543 742 et
559 666 850 742 servavi:
881 691 977 760 et,
999 697 1142 768 quo
1157 670 1316 771 jure
1341 671 1769 770 prohibetur,
1795 702 1879 747 eo
1902 676 2284 775 pertinent,

183 805 266 856 ut
307 807 634 885 appareat
673 785 1082 885 inscriptum
1133 813 1273 858 esse
1297 845 1315 878 ‚
1357 789 1545 884 quod
1586 790 1867 890 objicio.
1910 795 2060 864 Hac
2097 813 2285 892 parte

185 899 389 971 finita
413 921 480 971 et
501 900 894 990 constituta,
920 921 1350 973 transeamus
1377 902 1467 973 ad
1490 929 1671 994 eam,
1694 933 1847 1002 quae
1870 907 2135 1005 reliqua
2158 932 2281 1001 est,

183 1034 252 1085 et
283 1014 645 1086 ostendam
681 1041 824 1086 esse
861 1014 1290 1087 maleficium
1308 1030 1358 1087 ².
1389 1017 1760 1092 Nihildum
1794 1021 1881 1094 de
1908 1023 2151 1096 animo
2177 1024 2285 1095 di-

181 1129 340 1200 vitis
369 1127 640 1227 loquor,
674 1129 994 1201 nondum
1023 1129 1242 1227 prodo
1275 1157 1545 1221 causas,
1578 1155 1854 1233 propter
1880 1163 2051 1235 quas
2082 1138 2281 1210 fecit:

181 1241 420 1314 solum
449 1242 656 1315 fuisse
674 1242 904 1314 ,fllium
928 1269 1172 1314 meum
1194 1245 1445 1317 credite
1465 1267 1851 1320 amatorem
1874 1252 2246 1324 meretricis
2267 1283 2284 1340 ;

179 1357 350 1429 huic
383 1357 808 1458 redemptam
835 1383 978 1429 esse
1007 1358 1479 1432 meretricem:
1512 1361 1667 1433 dico
1697 1363 1830 1436 hoc
1855 1392 1993 1437 esse
2021 1367 2289 1438 malefi-

182 1473 380 1544 cium
399 1529 418 1564 ,
437 1493 518 1544 ·et
543 1471 829 1571 quidem
861 1473 1186 1545 omnium
1213 1475 1723 1549 maleficiorum
1757 1481 2239 1578 gravissimum
2267 1509 2283 1553 :

179 1593 361 1664 levia
409 1613 572 1664 sunt
624 1591 781 1680 illa,
833 1619 986 1691 quae
1033 1591 1544 1690 patrimonium
1592 1595 2068 1695 populantur3
2112 1597 2287 1670 levia

179 1707 396 1780 etiam
416 1764 436 1798 ,
469 1733 618 1804 quae
647 1708 972 1779 adversus
1006 1733 1252 1806 corpus
1283 1707 1797 1806 excogitantur:
1835 1711 1968 1783 hoc
2001 1739 2146 1783 non
2182 1734 2287 1784 est

178 1821 360 1921 legis
399 1822 659 1893 viribus
701 1821 1246 1914 vindicandum,
1291 1823 1482 1922 quod
1527 1825 1714 1896 saevit
1760 1825 2085 1899 adversus
2130 1828 2287 1898 ani-

179 1935 434 2008 mum?
468 1938 724 2008 Utrum
759 1936 972 2036 igitur
1004 1935 1175 2008 dicis
1212 1963 1356 2008 non
1386 1964 1529 2010 esse
1564 1937 1876 2010 deforme
1898 1997 1917 2028 ,
1956 1967 2101 2012 non
2140 1969 2282 2013 esse

177 2051 458 2143 inutile,
485 2053 922 2125 meretricem
949 2051 1143 2125 domi
1163 2053 1461 2125 habere?
1488 2082 1579 2126 an
1610 2081 1801 2146 eum,
1836 2057 1957 2154 qui
1986 2083 2135 2128 rem
2171 2057 2285 2129 de-

173 2169 485 2240 formem
508 2189 714 2266 atque
737 2167 1060 2240 inutilem
1081 2168 1413 2258 effecerit,
1444 2195 1589 2240 non
1611 2195 1755 2242 esse
1777 2170 2103 2243 maleficii
2132 2171 2283 2271 lege

175 2283 804 2384 comprehensum?
825 2283 1221 2383 cuicunque
1243 2282 1644 2356 mortalium
1665 2312 1865 2384 grave
1886 2306 2061 2377 erat,
2084 2285 2283 2359 domi

175 2400 436 2473 habere
466 2398 946 2473 meretricemt
987 2399 1118 2473 hoc
1159 2420 1334 2474 certe
1364 2427 1627 2475 nomen
1661 2429 1787 2475 suo
1817 2403 1970 2477 loco
2001 2423 2278 2477 tantum

174 2518 488 2589 fortasse
515 2517 826 2589 deforme
869 2537 1012 2607 est3
1066 2516 1480 2591 translatum
1536 2520 1613 2590 in
1671 2520 1966 2591 domum
1991 2577 2010 2611 ,
2068 2520 2277 2591 etiam

173 2633 674 2734 periculosum.
710 2634 960 2705 Dicam
993 2660 1185 2705 nunc
1223 2660 1384 2733 ergo
1429 2635 1545 2708 hic
1586 2634 2035 2734 interceptam
2078 2660 2277 2731 spem

175 2773 520 2851 nepotum
548 2806 567 2841 ,
623 2751 1070 2850 inquinatam
1139 2750 1264 2822 filii
1319 2751 1461 2825 mei
1519 2752 1785 2823 famam
1806 2808 1825 2843 ,
1878 2752 2276 2823 futurorum

175 2894 459 2969 quoque
493 2894 843 2939 annorum
877 2894 1074 2967 spem
1107 2892 1252 2939 esse
1280 2866 1671 2940 sublatam:
1702 2868 1835 2940 hoc
1866 2868 2114 2966 igitur,
2153 2868 2273 2965 qui

171 2982 376 3074 fecit,
407 3009 551 3054 non
578 3002 796 3082 potest
823 3008 967 3053 non
996 2981 1350 3054 admisisse
1379 2981 1831 3055 maleficium.
1864 2982 1999 3055 Sed
2030 2983 2279 3081 peritu-

175 3125 328 3186 rus,
360 3097 617 3196 inquit,
644 3118 818 3188 erat,
850 3097 982 3167 nisi
1010 3097 1081 3168 id
1109 3097 1461 3169 fecissem:
1491 3097 1665 3185 scie,
1697 3123 1849 3195 quae
1878 3118 2105 3196 partes
2128 3100 2281 3169 fue-

173 3214 317 3285 rint
361 3212 716 3285 severioris
759 3212 1006 3312 patris:
1055 3213 1314 3285 diceret
1359 3212 1509 3303 ille,
1552 3212 1883 3285 Mallem:
1936 3213 2149 3286 levior
2188 3214 2276 3284 ad

173 3356 289 3399 me
334 3326 532 3399 dolor
577 3328 994 3427 pervenisset
1025 3354 1105 3399 ex
1137 3349 1382 3399 morte.
1427 3326 1745 3399 Infelices
1783 3327 2070 3425 quidem
2095 3384 2114 3416 ‚
2151 3327 2273 3422 qui

173 3442 427 3516 liberos
458 3471 616 3517 suos
657 3444 746 3515 ad
789 3470 1036 3544 rogum
1085 3442 1382 3515 deflent:
1419 3469 1787 3514 summum
1824 3441 2136 3514 orbitatis
2180 3464 2279 3513 est

173 3556 446 3629 malum
458 3614 482 3651 ,
519 3558 946 3631 desiderare:
992 3557 1125 3629 hoc
1171 3584 1328 3629 vero
1372 3556 1808 3629 intolerabile
1851 3577 1991 3647 est,
2037 3556 2273 3655 lugere

172 3670 556 3760 viventem;
589 3673 856 3772 quoties
889 3672 1218 3763 occurrit,
1255 3672 1457 3759 flere;
1494 3671 1733 3770 plenas
1766 3672 2103 3771 quasdam
2135 3672 2272 3742 du·-

170 3812 327 3857 cere
352 3786 710 3885 exsequias
739 3786 1112 3885 dignitatis.
1143 3788 1294 3885 Ego
1322 3812 1485 3857 sane
1514 3785 1694 3857 hanc
1722 3785 1848 3856 tibi
1885 3784 2270 3857 remiserim

169 3924 477 4001 partem,
525 3930 668 4003 qua
709 3902 974 4003 colligis
1011 3903 1431 3977 moriturum
1472 3903 1719 3975 fuisse:
1758 3922 1994 3974 utrum
2036 3926 2269 3972 amore

251 4098 295 4133 ι.
317 4082 532 4134 Donavi
550 4084 688 4135 enim
706 4084 1000 4156 pecuniam.
1017 4088 1184 4139 Puto:
1339 4102 1386 4136 α.
1403 4076 1485 4135 'Et
1512 4080 1776 4135 ostendam
1807 4098 1906 4132 esse
1932 4077 2271 4153 maleficium.

171 4160 370 4213 donavi
389 4180 561 4213 meam
578 4164 878 4233 pecuniam.
903 4162 1070 4218 Grion.
1267 4165 1491 4235 Utique,
1518 4172 1569 4214 et
1590 4162 1925 4216 ostendamus.
1950 4162 2180 4213 Gnoxov.

397 4250 450 4301 6.
1960 4268 2023 4320 27
