2855 4871
572 470 699 514 22ο
1068 449 1163 537 Μ,
1211 446 1468 511 FABII
1512 444 2152 529 QUINTILIANI

570 570 880 671 pedii-et?
925 570 993 643 Ο
1038 571 1287 643 misera
1327 567 1676 641 conditio!
1730 595 1990 668 magna
2033 571 2440 644 necessitate
2491 570 2680 642 victa

567 686 846 758 libertas
867 708 998 760 est:
1021 708 1187 759 tunc
1210 706 1652 785 rogaver-unu
1680 686 1901 758 donec
1921 686 2045 759 iste
2063 688 2362 761 crudelis
2379 688 2675 779 lanista,

571 804 986 895 concurrite,
1010 804 1272 903 inquit,
1294 823 1361 875 et
1378 802 1536 874 istas
1557 802 1964 874 innocentes
1983 832 2233 877 manus
2254 805 2677 877 committite

571 919 949 1017 prudentes
980 935 1029 1009 ¹3
1086 946 1230 991 nou
1282 918 1637 1017 continget
1691 918 2182 991 innocentibus
2227 920 2406 993 mori
2447 949 2462 991 ε
2515 948 2678 1021 quae

572 1038 987 1110 miserorum
1037 1038 1214 1109 inter
1258 1036 1465 1108 binos
1517 1056 1742 1108 metus
1793 1034 2309 1109 cunctationes?
2355 1035 2680 1107 occidere

571 1153 783 1226 coacti
810 1174 971 1225 sunt
990 1180 1137 1244 eoS,
1159 1178 1465 1252 quorum
1493 1151 2024 1224 miserebantur.
2041 1151 2238 1241 Quid
2265 1178 2392 1249 ego
2415 1151 2680 1223 faciem

566 1267 935 1340 tristissimi
975 1268 1165 1339 illius
1198 1266 1531 1366 temporis
1560 1266 1880 1341 narrem?
1913 1267 2085 1365 quid
2115 1264 2450 1339 vulnera?
2489 1266 2678 1365 quid

572 1383 1032 1483 sanguinem?
1065 1384 1236 1483 quid
1272 1383 1617 1483 gemitus?
1653 1404 1728 1455 tu
1769 1382 2010 1455 saltem
2054 1385 2334 1455 fortuna
2367 1384 2630 1455 melius
2661 1410 2676 1453 ε

573 1526 717 1572 uno
756 1518 1047 1597 uterque
1086 1500 1279 1571 fato²
1315 1497 1520 1598 jacet.
1549 1500 1652 1570 Te
1687 1520 1923 1571 tamen
1951 1556 1970 1591 ,
2015 1498 2237 1588 diveS,
2280 1499 2680 1597 interrogo,

573 1613 745 1712 quid
785 1612 871 1685 de
906 1614 1027 1686 illo
1062 1616 1371 1688 facturus
1402 1614 1654 1705 fueris,
1694 1615 1818 1713 qui
1851 1614 2338 1715 superfuisset?
2375 1616 2505 1687 hoc
2533 1636 2680 1705 est,

571 1756 779 1829 puras
810 1756 1061 1803 manus
1096 1730 1396 1803 habere?
1431 1732 1562 1802 hoc
1599 1729 1804 1803 nobis
1836 1757 1962 1830 pro
1993 1730 2389 1803 innocentia
2426 1730 2680 1829 impu-

571 1842 718 1915 tas?
748 1866 1119 1917 nocentem
1152 1846 1373 1918 fecisti
1404 1844 1628 1944 ipsam
1663 1844 2140 1917 infelicitatem
2169 1873 2183 1915 :
2217 1865 2285 1918 et
2307 1868 2680 1944 tamquam

574 1986 825 2059 parum
854 1984 1026 2033 esset
1050 1962 1320 2060 exigere
1355 1987 1633 2059 poenas,
1663 1959 2009 2060 supplicia
2036 1961 2386 2034 infamasti
2404 2019 2423 2052 ,
2456 1960 2529 2031 id
2562 1960 2682 2031 de-

575 2074 1117 2175 nique1coegisti
1134 2075 1187 2165 3,
1234 2075 1425 2175 quod
1469 2074 1842 2147 defendere
1883 2101 2031 2146 non
2071 2076 2492 2175 potuissent,
2537 2074 2680 2145 nisi

574 2193 813 2267 coacti.
841 2193 1088 2295 Injusti
1123 2193 1450 2294 supplicii
1481 2220 1656 2291 ago:
1691 2218 1835 2265 non
1867 2214 1967 2265 est
1999 2192 2176 2264 mihi
2204 2192 2310 2264 lex
2345 2192 2683 2291 interpre-

576 2306 826 2378 tanda:
866 2333 1077 2379 omne
1120 2308 1461 2409 injustum
1503 2306 1926 2407 supplicium
1971 2328 2105 2399 est,
2155 2307 2348 2407 quod
2389 2332 2532 2378 non
2577 2326 2684 2378 est

578 2445 892 2496 exactum
920 2423 1307 2497 secundum
1335 2423 1601 2523 legem:
1635 2422 1724 2495 da
1748 2422 1960 2522 igitur
1976 2422 2094 2525 jus
2124 2422 2300 2494 mihi
2321 2482 2339 2514 ,
2375 2432 2515 2520 quo
2550 2448 2677 2522 pe-

580 2540 710 2612 rire
733 2539 1129 2612 debuerint.
1148 2541 1502 2614 Exsuum
1531 2559 1755 2612 m'rnA
1773 2558 1978 2610 rmns
2007 2557 2262 2610 manr
2285 2557 2680 2610 occinent:

579 2657 768 2755 quod
789 2657 953 2729 satis
974 2678 1094 2747 est,
1116 2683 1261 2728 non
1286 2654 1635 2728 occidisti:
1660 2652 2008 2754 quidquid
2031 2653 2228 2727 aliud
2255 2654 2522 2748 factum
2551 2672 2680 2740 est,

581 2881 779 2951 aliquid
796 2881 1025 2946 deesset3
1042 2883 1135 2935 sed
1150 2897 1293 2937 recte
1302 2882 1381 2935 Cl.
1398 2879 1588 2935 Schul-

580 2961 774 3028 tingius
806 2960 937 3012 nihil
970 2960 1151 3014 deesse
1186 2974 1369 3028 notat,
1400 2963 1477 3015 sie
1501 2980 1585 3033 pr.

1665 2877 1746 2931 hie
1769 2879 1918 2930 fuere
1933 2915 1950 2945 ‚
1977 2879 2102 2948 quia
2123 2874 2433 2948 imprudens
2455 2872 2686 2954 bomini·

1669 2959 1813 3014 dium
1849 2960 1970 3010 fuit.
2011 2959 2079 3010 At
2114 2975 2257 3009 nunc
2295 2953 2589 3026 prudentes
2627 2956 2684 3006 in

578 3037 727 3088 Deci.
760 3060 781 3083 α
802 3041 1097 3106 AEstimate,
1114 3039 1353 3111 judices,
1373 3038 1505 3113 quid
1529 3042 1590 3091 ti·

584 3139 608 3164 α
630 3121 871 3170 uiuerint.
893 3142 915 3166 a
959 3149 1029 3158 -
1070 3121 1221 3174 Tunc
1258 3133 1584 3195 royaverunt.

578 3195 801 3262 Quintil.
818 3196 909 3249 lib.
926 3199 1014 3263 IV,
1034 3218 1097 3250 ex
1114 3199 1373 3252 Cicerone
1390 3203 1447 3251 in
1459 3203 1590 3251 Ver-

580 3293 721 3342 rem,
744 3293 1009 3328 summum
1026 3278 1195 3328 virum
1217 3277 1478 3343 ostendit,
1499 3280 1590 3348 qui

580 3371 748 3426 quum
774 3356 930 3424 virgis
964 3354 1268 3421 caederetur,
1295 3373 1406 3406 non
1438 3359 1586 3426 inge-

578 3437 799 3502 muerit,
820 3454 930 3488 non
950 3437 1241 3508 rogaverit:
1268 3435 1363 3488 sed
1381 3449 1586 3488 tantum

582 3517 751 3568 civem
786 3535 843 3570 se
874 3536 1155 3570 romanum
1188 3537 1333 3583 esse,
1361 3537 1486 3571 cum
1509 3519 1586 3570 in·

580 3593 719 3646 vidia
748 3595 992 3649 caedentis
1021 3610 1073 3649 et
1103 3595 1295 3650 fiducia
1318 3599 1453 3667 juris
1481 3596 1590 3650 cla-

581 3678 818 3729 maverit.
846 3679 1025 3732 AEnon.
1050 3679 1215 3750 Lege:
1243 3677 1353 3730 Diu
1382 3697 1590 3752 rogave-

582 3768 721 3811 runt.
752 3758 919 3812 Geor«.

661 3856 681 3891 ι
694 3879 705 3891 .
732 3840 1045 3892 committite
1064 3839 1369 3912 prudentes,
1389 3861 1456 3893 ne
1474 3860 1592 3894 con-

584 3921 753 3996 tinyat
792 3921 1143 3976 innocentibus
1178 3923 1329 3974 mori.
1368 3925 1490 3976 Hoec
1531 3937 1591 3975 ut

582 4021 683 4057 nos
708 4005 1058 4072 restituimus,
1082 4001 1342 4056 irridentis
1366 4019 1490 4058 sunt
1513 4003 1592 4056 di-

584 4085 727 4150 vitis,
748 4099 801 4136 et
824 4087 877 4138 in
902 4085 1071 4138 aliena
1094 4087 1301 4138 miseria
1324 4086 1593 4140 lascivien-

586 4167 683 4218 tis:
706 4171 855 4238 quasi
874 4167 1017 4222 dicat
1028 4207 1043 4231 ,
1066 4171 1383 4224 Innocentes
1400 4187 1588 4224 manus

1669 3059 1768 3094 vos
1785 3043 1975 3094 mittite
1995 3053 2050 3092 et
2068 3041 2333 3092 conserite
2351 3055 2562 3090 manus.
2577 3037 2688 3088 Hu-

1665 3119 1900 3191 iusmodi
1917 3133 2044 3172 sunt
2061 3136 2125 3171 ea
2143 3136 2258 3190 quae
2277 3129 2610 3188 sequuntur:
2632 3127 2686 3166 et

1667 3199 1791 3252 ideo
1830 3219 1952 3252 cum
1988 3200 2405 3270 interrogatione
2437 3196 2680 3268 legimns.

1669 3283 1850 3336 AEnou.
1871 3311 1944 3320 —
1961 3281 2110 3334 Inter
2127 3282 2286 3334 binos.
2311 3284 2424 3345 An,
2449 3281 2591 3330 inter
2609 3279 2692 3330 di-

1669 3363 1786 3440 rqs?
1815 3363 2039 3416 senum.
2069 3393 2138 3402 —
2167 3361 2550 3414 cunctationes.
2575 3363 2682 3412 Ve-

1669 3457 1753 3495 tus
1778 3443 2076 3516 exemplar,
2105 3443 2406 3496 cunctatio?
2432 3459 2528 3494 nec
2551 3441 2686 3494 oeci-

1669 3525 1803 3577 dere.
1829 3526 1980 3578 Prrn.

1743 3623 1792 3658 2.
1841 3607 1958 3658 Uno
2007 3617 2219 3678 uterque
2257 3605 2396 3676 fato.
2448 3603 2684 3654 Imitatio

1667 3684 1958 3756 Ovidiana,
1975 3686 2130 3737 Trist.
2151 3683 2240 3748 tv,
2267 3699 2314 3749 ι,
2341 3697 2429 3734 10:
2461 3703 2484 3726 ιι
2499 3680 2688 3747 Quum

1677 3786 1700 3810 ι
1719 3763 1911 3816 cecidit
1923 3765 2034 3816 fato
2049 3761 2238 3814 consul
2251 3774 2481 3830 uterque
2495 3761 2636 3830 pari.
2659 3781 2682 3802 ι·

1670 3845 2039 3918 -8ιιρρ1ἱοία,
2063 3841 2167 3895 Alii
2187 3841 2468 3914 supplicio.

1743 3928 1793 3980 3.
1829 3927 1897 3978 Id
1913 3926 2149 3998 ‘denique
2175 3924 2398 3998 eoeyisti.
2425 3924 2688 3974 Francius

1671 4007 1914 4076 volebat,
1928 4008 1998 4061 ad
2015 4008 2070 4060 id
2079 4027 2096 4067 ,·
2113 4005 2207 4058 sed
2221 4003 2350 4057 nibil
2369 4001 2690 4056 mutandum

1669 4106 1804 4155 esse,
1827 4087 1984 4142 facile
2007 4083 2265 4151 censebit,
2287 4083 2380 4154 qui
2397 4080 2588 4152 legerit
2609 4099 2690 4145 ea,

1671 4187 1786 4241 quae
1813 4181 1966 4223 notat
1985 4167 2218 4220 Gronov.
2246 4163 2316 4218 ad
2337 4165 2448 4218 nv.
2475 4165 2569 4232 IV,
2603 4163 2686 4216 26.
