2855 4871
614 429 739 494 382
1118 427 1214 492 M.
1264 427 1514 492 FABu
1562 426 2202 509 QUINTILIANI

610 551 959 642 praecedit,
996 568 1063 618 et
1098 554 1400 642 epilogus
1444 551 1628 618 finita
1668 575 1740 619 re
1779 550 2042 619 dicitur.
2083 557 2404 620 Praeterea
2429 571 2700 644 utraque

608 681 716 724 res
742 659 919 725 idem
948 659 1092 724 vult
1120 660 1387 724 efficere
1410 675 1450 738 ¹,
1481 659 1832 724 conciliare
1858 657 1982 724 sibi
2003 658 2336 749 judicem:
2369 660 2500 726 hoc
2523 658 2700 726 diffe-

611 781 786 830 runt.
814 766 1140 830 Prooemia
1174 783 1485 855 praestare
1519 765 1804 846 debent,
1833 783 1905 830 ut
1935 766 2264 831 intentum
2297 765 2586 856 jndicem
2621 769 2702 830 fa—

610 871 819 936 ciant:
847 871 990 937 haec
1010 895 1159 960 pars
1184 873 1404 938 oneris
1431 872 1696 962 epilogo
1714 873 2106 938 remittitur:
2129 870 2292 937 dixit
2318 875 2530 950 enim,
2555 897 2704 962 prae·

610 976 851 1044 cedere
876 980 1142 1044 interim
1170 980 1340 1045 solet
1363 980 1731 1068 epilogum,
1759 1003 1894 1068 quo
1919 981 2236 1046 memoria
2253 979 2503 1070 judicis
2525 1003 2700 1044 reno-

610 1101 826 1149 vetur.
860 1087 957 1150 Ita
990 1085 1202 1174 prima
1236 1103 1419 1175 parte
1457 1085 1817 1168 efficimuS,
1854 1101 1928 1150 ut
1960 1089 2180 1151 omnia
2212 1085 2442 1152 audiat
2469 1085 2698 1177 judex:

613 1211 870 1254 summa
901 1207 1085 1279 parte
1117 1189 1478 1271 efficimuS,
1507 1207 1580 1257 ut
1613 1193 1990 1257 meminerit
2019 1216 2286 1272 eorum,
2317 1215 2470 1283 quae
2494 1191 2700 1256 audie·

613 1296 715 1360 rit.
760 1296 1075 1386 Epilogus
1118 1295 1364 1361 deinde
1406 1297 1904 1363 inclinationem
1941 1299 2143 1362 animi
2187 1299 2254 1361 in
2295 1319 2365 1362 se
2409 1317 2700 1385 praestare

613 1400 852 1466 debet:
883 1402 1012 1467 hoc
1050 1402 1145 1468 illi
1170 1425 1321 1468 cum
1350 1404 1677 1492 prooemio
1708 1423 2064 1468 commune
2095 1420 2230 1468 est:
2265 1390 2419 1492 plus
2455 1403 2702 1466 misera·

614 1507 847 1586 tioniS,
883 1525 949 1572 et
987 1508 1135 1596 plus
1163 1507 1483 1573 libertatis
1515 1507 1753 1573 habet’
1793 1531 1942 1596 pars
1981 1531 2272 1573 summa·
2313 1531 2468 1572 nam
2509 1531 2704 1596 prooe·

614 1615 821 1678 mium
849 1638 1057 1706 quum
1089 1617 1343 1703 precari
1378 1614 1626 1679 debeat
1649 1615 1983 1706 judicem,
2011 1615 2284 1704 fatigare
2309 1639 2446 1679 non
2479 1613 2700 1690 debet3

612 1743 737 1786 nec
771 1721 1069 1811 epilogus
1096 1721 1403 1814 quidem:
1437 1744 1588 1786 nam
1621 1739 1689 1812 et
1719 1721 1883 1787 illud
1907 1721 2324 1787 verissimum
2355 1737 2490 1800 est,
2515 1721 2702 1809 lacry-

612 1847 752 1892 mas
780 1827 1124 1894 celerrime
1153 1829 1522 1895 inarescere
1539 1827 1586 1892 3.
1617 1827 1940 1892 Prooemia
1971 1849 2046 1892 ex
2077 1829 2383 1916 personis
2415 1825 2702 1891 ducenda

618 2011 641 2034 ⁸
660 1987 729 2041 de
752 2007 855 2061 qna
882 1992 1069 2060 agitur.
1094 2013 1117 2038 ι
1152 2012 1174 2039 ⁸
1194 1992 1421 2044 Ducitur
1444 2002 1622 2040 tamen
1707 2011 1730 2034 ⁸
1749 1989 1804 2040 in
1829 1989 2070 2059 ingressu
2097 1947 2310 2060 parcius
2342 1999 2400 2040 et
2423 1987 2700 2040 modestius

618 2089 641 2113 ⁸
660 2085 1047 2140 nonnunquam
1072 2093 1095 2118 n
1150 2069 1174 2142 (
1198 2083 1257 2122 ut
1311 2071 1385 2120 ait
1438 2067 1621 2140 paullo

614 2149 767 2220 post)
793 2170 816 2193 ⁸
834 2168 899 2200 ex
920 2149 1107 2216 rebus,
1132 2170 1195 2202 ex
1219 2151 1335 2216 lite,
1364 2168 1430 2200 ex
1463 2165 1622 2200 causa

618 2248 641 2271 ⁸
663 2239 715 2278 et
736 2229 1093 2280 controversia
1120 2231 1252 2300 ipsa.
1276 2252 1298 2276 ι
1344 2229 1518 2280 AEnon.
1555 2223 1622 2278 al.

621 2307 853 2380 Utraque
871 2327 1022 2379 pars,
1048 2328 1210 2380 marg.
1239 2307 1415 2361 AErod.

692 2405 735 2441 ι.
756 2389 1007 2443 Proecerea
1026 2402 1243 2465 utraque
1262 2391 1490 2444 residem
1508 2387 1624 2442 vult

614 2471 835 2547 efficere.
871 2496 893 2520 ⁸
914 2477 1219 2545 Contraque
1252 2482 1332 2527 est
1362 2474 1570 2525 interim
1592 2496 1614 2520 ι

612 2554 749 2625 (ait,
780 2555 901 2609 loco
930 2559 1091 2609 citato
1128 2556 1173 2628 3.
1206 2558 1307 2629 73)
1338 2580 1359 2601 ⁸
1382 2557 1624 2628 prooemii

618 2656 643 2679 ⁸
664 2636 774 2699 via,
808 2636 965 2687 etiam
992 2656 1101 2688 non
1131 2639 1183 2689 in
1212 2636 1448 2689 exordio.
1482 2636 1622 2687 Nam

618 2736 643 2760 ⁸
656 2712 865 2784 judices
888 2731 940 2767 et
964 2716 1019 2768 in
1043 2720 1346 2769 narratione
1372 2731 1622 2767 nonnun-

620 2820 642 2842 κ
664 2814 857 2866 quarn,
890 2812 941 2849 et
974 2801 1025 2849 in
1063 2800 1415 2869 argumentis,
1451 2810 1508 2847 ut
1542 2808 1622 2846 at-

618 2898 642 2923 a
669 2878 890 2929 tendant
910 2892 959 2931 et
976 2894 1033 2930 ut
1048 2880 1286 2945 faveant,
1308 2896 1573 2948 rogamus.
1593 2902 1614 2925 a

620 2955 792 3007 AEnoo.
822 2986 894 2997 —
922 2960 1071 3010 Dixit
1095 2961 1256 3011 enim.
1290 2958 1419 3011 Dixi
1449 2958 1620 3023 enim,

606 3035 893 3105 procedere
919 3058 934 3086 .·
980 3056 1085 3089 non
1134 3040 1259 3089 item
1292 3038 1423 3090 solet
1457 3036 1624 3108 epilo-

609 3132 707 3186 gus
718 3136 733 3164 .·
746 3134 849 3187 quo
864 3119 1114 3170 memoria
1115 3120 1312 3192 judicis
1328 3130 1618 3175 renovatur.

614 3192 832 3247 Senum.
852 3227 923 3235 —
943 3197 1233 3250 Proecedere
1260 3200 1463 3250 interim
1493 3196 1624 3251 solet

610 3272 896 3349 ‹pilo-qum.
928 3278 1119 3327 Forte:
1158 3288 1379 3348 repetere
1412 3279 1619 3329 interim

613 3355 743 3408 solet
764 3356 1021 3433 epibym,
1046 3376 1148 3431 quo
1168 3361 1414 3410 memoria
1424 3360 1622 3431 judicis

614 3446 901 3488 movetur.
924 3438 1089 3491 Gnou.

688 3533 736 3567 2.
760 3518 863 3569 Sed
879 3518 1001 3591 plus
1018 3519 1384 3582 miserationis,
1406 3517 1533 3589 plus
1551 3518 1620 3571 li-

612 3595 819 3649 berionis
865 3597 1029 3651 habet.
1080 3599 1353 3651 Miseratio
1402 3617 1620 3670 quoque

611 3673 903 3747 aliquando
937 3696 1003 3729 ex
1032 3676 1215 3730 eadem
1248 3696 1410 3731 causa
1445 3680 1620 3743 venit,

613 3754 723 3806 nive
754 3754 882 3825 quid
910 3757 1053 3826 pusi
1080 3774 1263 3809 sumus
1292 3775 1486 3827 grave,
1513 3759 1622 3809 sive

614 3836 840 3903 passuri.
857 3836 999 3887 ⁸Nec
1014 3838 1184 3901 enim,
1210 3836 1245 3887 l.
1262 3854 1311 3889 c.
1328 3836 1371 3907 §.
1392 3838 1478 3900 28,
1503 3854 1618 3889 sum

620 3932 643 3957 ⁸
664 3914 715 3963 in
742 3912 843 3965 hac
868 3916 1148 3985 opinione,
1170 3934 1272 3987 qun
1299 3916 1544 3987 quidam,
1565 3929 1622 3967 ut

621 4010 643 4035 ⁸
664 4008 727 4041 eo
752 3990 946 4045 distare
970 3996 1287 4065 prooemium
1312 3994 1379 4047 ab
1408 3994 1620 4067 epilogo

620 4090 643 4117 ⁸
664 4073 909 4140 credam,
940 4076 1085 4146 quod
1112 4078 1165 4128 in
1194 4076 1299 4129 hoc
1328 4079 1619 4148 praten-ita,

624 4170 647 4194 ⁸
668 4151 721 4203 in
744 4153 837 4205 illo
854 4156 1036 4211 futura
1058 4156 1329 4223 dicuntum
1352 4158 1450 4211 sed
1473 4158 1621 4230 quod

1709 2089 1732 2114 ιι
1749 2069 2108 2140 praetentanda
2151 2067 2234 2120 es't
2270 2067 2474 2140 judicis
2517 2065 2704 2120 miseri·

1709 2169 1731 2193 ⁸
1752 2147 1968 2210 cordia3
1993 2149 2046 2200 in
2073 2147 2286 2221 epilogo
2312 2167 2472 2214 vero,
2497 2147 2618 2198 licet
2635 2159 2702 2196 to·

1710 2251 1732 2273 ⁸
1753 2241 1836 2282 tos
1873 2228 2153 2280 effundere
2186 2231 2454 2293 affectus,
2480 2243 2581 2280 etc.
2605 2253 2625 2270 -
2651 2229 2702 2278 Et

1699 2304 1791 2357 lib.
1813 2305 1884 2356 vl
1909 2345 1926 2372 ‚
1955 2326 2070 2380 cap.
2107 2325 2150 2372 ι,
2195 2311 2242 2376 3.
2278 2325 2314 2378 9
2335 2347 2352 2373 ,
2389 2307 2575 2360 iisdem
2607 2307 2702 2356 fere

1703 2383 1895 2459 quibus
1915 2385 2002 2441 hic
2023 2387 2217 2441 verbis:
2246 2409 2268 2433 ⁸
2291 2388 2544 2441 Dividere
2563 2390 2703 2457 igitur

1707 2488 1729 2513 ⁸
1751 2467 1861 2519 haec
1877 2470 2054 2521 officia
2069 2468 2590 2535 commodissimum,
2605 2486 2701 2539 qua

1708 2570 1730 2593 κ
1751 2547 2070 2619 plerumque
2097 2562 2220 2601 sunt
2238 2587 2256 2615 ‚
2283 2563 2346 2601 ut
2373 2548 2486 2601 dixi
2503 2587 2520 2615 ‚
2548 2566 2704 2621 prooe·

1709 2652 1731 2674 ⁸
1751 2631 1859 2680 mio
1877 2632 2064 2682 similia
2077 2670 2092 2695 ‚
2113 2630 2208 2684 sed
2221 2630 2506 2697 liberiora,
2523 2630 2704 2702 plenio-
2815 2642 2817 2645 ⁴

1709 2724 1934 2778 araque.
1977 2710 2256 2761 inclinatio
2297 2712 2444 2761 enim
2479 2708 2702 2781 judicum

1708 2812 1729 2835 ⁸
1752 2788 1816 2840 ad
1839 2808 1936 2840 nos
1959 2792 2158 2861 petitur
2175 2792 2330 2842 initio
2347 2792 2588 2863 parcius:
2607 2806 2702 2841 tum

1707 2871 1958 2923 :admitti
1995 2876 2120 2925 satis
2157 2886 2268 2937 est,
2310 2884 2363 2923 et
2403 2875 2576 2923 oratio
2605 2885 2698 2922 tota

1707 2967 2008 3025 ⁸⁸uperest.
2060 2956 2116 3005 ln
2167 2955 2385 3027 epilogo
2431 2972 2560 3006 vero
2601 2964 2700 3016 est,

1709 3054 1731 3079 ιι
1753 3032 1962 3107 qualem
1997 3035 2230 3084 animum
2265 3032 2430 3103 iudex
2459 3036 2514 3084 in
2543 3032 2703 3084 consi-

1709 3109 1880 3161 -lium
1917 3112 2082 3163 ferat:
2123 3126 2174 3163 et
2207 3114 2320 3181 jam
2359 3111 2497 3163 nihil
2529 3110 2700 3161 dicturi

1707 3214 1729 3238 ι
1749 3210 1950 3259 sumus,
1972 3210 2070 3244 nec
2091 3206 2271 3259 restat,
2293 3212 2404 3263 quo
2429 3210 2698 3244 servemur.

1707 3292 1730 3317 α
1751 3272 1839 3322 Est
1889 3274 2051 3341 igitur
2101 3273 2342 3342 utrisque
2392 3290 2666 3323 commune
2685 3308 2702 3334 ‚

1706 3374 1728 3399 ι
1749 3352 2033 3403 conciliare
2072 3351 2206 3419 sibi,
2245 3366 2488 3405 avertere
2519 3352 2588 3404 ab
2617 3351 2702 3402 ad-

1707 3452 1730 3476 ⁸
1751 3431 1982 3483 versario
2016 3430 2285 3501 judicem,
2321 3434 2595 3485 concitare
2629 3430 2700 3481 af-

1705 3524 1730 3559 ··
1748 3514 1938 3580 fectus,
1956 3526 2008 3565 et
2022 3530 2370 3584 componere.
2377 3537 2401 3561 ι
2417 3516 2599 3567 AEaoo.
2613 3510 2703 3567 sed

1693 3594 1842 3667 plus,
1859 3594 2106 3647 etiamCl.
2123 3592 2486 3665 Schultingius
2499 3595 2700 3667 prohat.

1773 3676 1826 3729 3.
1845 3677 2122 3748 Lacrymas
2135 3676 2438 3729 eelcmme'
2417 3694 2698 3730 mameae

1707 3776 1730 3799 ⁸
1751 3754 2036 3826 Nunquam
2053 3768 2259 3819 tamen,
2276 3757 2540 3826 V1,1‚27‚
2553 3755 2702 3807 dehet

1707 3858 1730 3882 ⁸
1749 3854 1862 3889 esse
1907 3836 2067 3906 longa
2108 3838 2410 3889 miseratio·
2457 3856 2557 3889 nec
2598 3854 2700 3889 une

1707 3936 1913 3971 «causa
1949 3917 2152 3970 dictum
2189 3932 2300 3983 est,
2339 3917 2468 3969 nihil
2503 3918 2700 3969 facilius

1707 4022 1730 4045 ⁸
1751 4018 1910 4070 quam
1951 4001 2206 4074 lacrymas
2242 4003 2574 4063 inarescere,
2607 4014 2697 4051 ete.

1707 4100 1730 4124 ⁸
1751 4080 1916 4148 lssitur
1932 4098 2042 4132 non
2061 4098 2334 4152 speremus
2352 4080 2494 4144 fore,
2511 4092 2570 4129 ut
2587 4076 2699 4129 alie-
2809 4080 2811 4129 ξ

1707 4182 1732 4207 ⁸
1749 4178 1819 4213 nn
1843 4163 2130 4233 quisquam
2149 4160 2240 4213 diu
2263 4160 2454 4233 ploret.
2473 4180 2497 4206 ι
2519 4160 2694 4212 Βιω.
