<?xml version="1.0" encoding="UTF-8"?>
<!DOCTYPE html PUBLIC "-//W3C//DTD XHTML 1.0 Transitional//EN"
    "http://www.w3.org/TR/xhtml1/DTD/xhtml1-transitional.dtd">
<html xmlns="http://www.w3.org/1999/xhtml" xml:lang="en" lang="en">
 <head>
  <title>
</title>
<meta http-equiv="Content-Type" content="text/html;charset=utf-8" />
  <meta name='ocr-system' content='tesseract 3.04.00' />
  <meta name='ocr-capabilities' content='ocr_page ocr_carea ocr_par ocr_line ocrx_word'/>
</head>
<body>
  <div class='ocr_page' id='page_1' title='image "./marcusfabiusqui06spalgoog_0416.png"; bbox 0 0 2855 4871; ppageno 0'>
   <div class='ocr_carea' id='block_1_1' title="bbox 549 392 2274 486">
    <p class='ocr_par' dir='ltr' id='par_1_1' title="bbox 549 392 2274 486">
     <span class='ocr_line' id='line_1_1' title="bbox 549 392 2274 486; baseline -0.001 -22"><span class='ocrx_word' id='word_1_1' title='bbox 549 393 1389 486; x_wconf 83' lang='lat' dir='ltr'>DECLAMATIONES.</span> <span class='ocrx_word' id='word_1_2' title='bbox 1440 392 1900 462; x_wconf 76' lang='lat' dir='ltr'>cccxmn.</span> <span class='ocrx_word' id='word_1_3' title='bbox 2152 401 2274 479; x_wconf 77' lang='lat'>411</span> 
     </span>
    </p>
   </div>
   <div class='ocr_carea' id='block_1_2' title="bbox 162 515 2285 1036">
    <p class='ocr_par' dir='ltr' id='par_1_2' title="bbox 162 515 2285 1036">
     <span class='ocr_line' id='line_1_2' title="bbox 169 515 2279 607; baseline 0 -23"><span class='ocrx_word' id='word_1_4' title='bbox 169 521 427 584; x_wconf 83' lang='lat' dir='ltr'>factum</span> <span class='ocrx_word' id='word_1_5' title='bbox 457 535 586 600; x_wconf 83' lang='lat' dir='ltr'>est,</span> <span class='ocrx_word' id='word_1_6' title='bbox 613 543 702 584; x_wconf 89' lang='lat' dir='ltr'>ne</span> <span class='ocrx_word' id='word_1_7' title='bbox 731 515 1006 585; x_wconf 91' lang='lat' dir='ltr'>duceret</span> <span class='ocrx_word' id='word_1_8' title='bbox 1030 519 1169 599; x_wconf 87' lang='lat' dir='ltr'>ille,</span> <span class='ocrx_word' id='word_1_9' title='bbox 1203 539 1336 583; x_wconf 91' lang='lat' dir='ltr'>non</span> <span class='ocrx_word' id='word_1_10' title='bbox 1367 535 1559 606; x_wconf 83' lang='lat' dir='ltr'>pater</span> <span class='ocrx_word' id='word_1_11' title='bbox 1586 517 1764 584; x_wconf 87' lang='lat' dir='ltr'>fecit.</span> <span class='ocrx_word' id='word_1_12' title='bbox 1800 519 2042 607; x_wconf 83' lang='lat' dir='ltr'>Rapuit</span> <span class='ocrx_word' id='word_1_13' title='bbox 2064 516 2279 598; x_wconf 82' lang='lat' dir='ltr'>dives,</span> 
     </span>
     <span class='ocr_line' id='line_1_3' title="bbox 165 624 2281 716; baseline 0 -24"><span class='ocrx_word' id='word_1_14' title='bbox 165 629 433 716; x_wconf 79' lang='lat' dir='ltr'>optavit</span> <span class='ocrx_word' id='word_1_15' title='bbox 454 627 708 716; x_wconf 87' lang='lat' dir='ltr'>puella,</span> <span class='ocrx_word' id='word_1_16' title='bbox 734 643 924 716; x_wconf 84' lang='lat' dir='ltr'>pater</span> <span class='ocrx_word' id='word_1_17' title='bbox 941 644 1194 692; x_wconf 86' lang='lat' dir='ltr'>tantum</span> <span class='ocrx_word' id='word_1_18' title='bbox 1221 627 1546 715; x_wconf 86' lang='lat' dir='ltr'><strong>promisit.</strong></span> <span class='ocrx_word' id='word_1_19' title='bbox 1569 624 1929 708; x_wconf 87' lang='lat' dir='ltr'><strong>Quomodo</strong></span> <span class='ocrx_word' id='word_1_20' title='bbox 1952 649 2110 715; x_wconf 81' lang='lat' dir='ltr'>ergo</span> <span class='ocrx_word' id='word_1_21' title='bbox 2136 627 2281 704; x_wconf 84' lang='lat' dir='ltr'>fiet,</span> 
     </span>
     <span class='ocr_line' id='line_1_4' title="bbox 164 732 2285 824; baseline 0.001 -28"><span class='ocrx_word' id='word_1_22' title='bbox 164 751 248 797; x_wconf 90' lang='lat' dir='ltr'>ut</span> <span class='ocrx_word' id='word_1_23' title='bbox 271 734 386 799; x_wconf 89' lang='lat' dir='ltr'>hic</span> <span class='ocrx_word' id='word_1_24' title='bbox 407 733 1026 822; x_wconf 79' lang='lat' dir='ltr'>circumscripserit,</span> <span class='ocrx_word' id='word_1_25' title='bbox 1057 734 1111 797; x_wconf 89' lang='lat' dir='ltr'>si</span> <span class='ocrx_word' id='word_1_26' title='bbox 1134 733 1374 822; x_wconf 88' lang='lat' dir='ltr'>probat</span> <span class='ocrx_word' id='word_1_27' title='bbox 1397 733 1620 798; x_wconf 85' lang='lat' dir='ltr'>omnia</span> <span class='ocrx_word' id='word_1_28' title='bbox 1643 732 1812 798; x_wconf 87' lang='lat' dir='ltr'>facta</span> <span class='ocrx_word' id='word_1_29' title='bbox 1832 732 2029 824; x_wconf 88' lang='lat' dir='ltr'>hujus</span> <span class='ocrx_word' id='word_1_30' title='bbox 2053 735 2285 799; x_wconf 84' lang='lat' dir='ltr'>volun-</span> 
     </span>
     <span class='ocr_line' id='line_1_5' title="bbox 165 839 2281 930; baseline 0 -26"><span class='ocrx_word' id='word_1_31' title='bbox 165 841 350 906; x_wconf 82' lang='lat' dir='ltr'>tate?</span> <span class='ocrx_word' id='word_1_32' title='bbox 376 841 660 930; x_wconf 79' lang='lat' dir='ltr'>alioqui,</span> <span class='ocrx_word' id='word_1_33' title='bbox 693 842 820 906; x_wconf 90' lang='lat' dir='ltr'>nisi</span> <span class='ocrx_word' id='word_1_34' title='bbox 849 841 978 906; x_wconf 92' lang='lat' dir='ltr'>hoc</span> <span class='ocrx_word' id='word_1_35' title='bbox 1008 841 1531 920; x_wconf 75' lang='lat' dir='ltr'>obtinuerimu5‚</span> <span class='ocrx_word' id='word_1_36' title='bbox 1568 841 1811 908; x_wconf 84' lang='lat' dir='ltr'>frustra</span> <span class='ocrx_word' id='word_1_37' title='bbox 1840 863 1855 891; x_wconf 77' lang='grc' dir='ltr'>ι</span> <span class='ocrx_word' id='word_1_38' title='bbox 1875 839 2281 930; x_wconf 81' lang='lat' dir='ltr'>plorabimus</span> 
     </span>
     <span class='ocr_line' id='line_1_6' title="bbox 162 943 662 1036; baseline 0 -28"><span class='ocrx_word' id='word_1_39' title='bbox 162 943 356 1032; x_wconf 85' lang='lat' dir='ltr'>apud</span> <span class='ocrx_word' id='word_1_40' title='bbox 379 945 662 1036; x_wconf 87' lang='lat' dir='ltr'>judices.</span> 
     </span>
    </p>
   </div>
   <div class='ocr_carea' id='block_1_3' title="bbox 879 1086 1585 1152">
    <p class='ocr_par' dir='ltr' id='par_1_3' title="bbox 879 1086 1585 1152">
     <span class='ocr_line' id='line_1_7' title="bbox 879 1086 1585 1152; baseline 0 -2"><span class='ocrx_word' id='word_1_41' title='bbox 879 1086 1585 1152; x_wconf 87' lang='lat' dir='ltr'>DECLAMATIO.</span> 
     </span>
    </p>
   </div>
   <div class='ocr_carea' id='block_1_4' title="bbox 139 1235 2283 3645">
    <p class='ocr_par' dir='ltr' id='par_1_4' title="bbox 139 1235 2283 3645">
     <span class='ocr_line' id='line_1_8' title="bbox 267 1235 2279 1335; baseline 0 -29"><span class='ocrx_word' id='word_1_42' title='bbox 267 1235 894 1334; x_wconf 87' lang='lat' dir='ltr'>Circumscriptum</span> <span class='ocrx_word' id='word_1_43' title='bbox 938 1262 1080 1308; x_wconf 90' lang='lat' dir='ltr'>esse</span> <span class='ocrx_word' id='word_1_44' title='bbox 1125 1263 1238 1306; x_wconf 89' lang='lat' dir='ltr'>me</span> <span class='ocrx_word' id='word_1_45' title='bbox 1283 1235 1575 1334; x_wconf 90' lang='lat' dir='ltr'>probare</span> <span class='ocrx_word' id='word_1_46' title='bbox 1610 1235 1799 1335; x_wconf 87' lang='lat' dir='ltr'>prius</span> <span class='ocrx_word' id='word_1_47' title='bbox 1831 1235 1985 1308; x_wconf 89' lang='lat' dir='ltr'>volo</span> <span class='ocrx_word' id='word_1_48' title='bbox 2011 1291 2029 1324; x_wconf 87' lang='lat'>‚</span> <span class='ocrx_word' id='word_1_49' title='bbox 2066 1261 2279 1335; x_wconf 87' lang='lat' dir='ltr'>quam</span> 
     </span>
     <span class='ocr_line' id='line_1_9' title="bbox 159 1333 2279 1452; baseline -0 -29"><span class='ocrx_word' id='word_1_50' title='bbox 159 1351 254 1423; x_wconf 92' lang='lat' dir='ltr'>ab</span> <span class='ocrx_word' id='word_1_51' title='bbox 290 1351 420 1423; x_wconf 86' lang='lat' dir='ltr'>isto</span> <span class='ocrx_word' id='word_1_52' title='bbox 457 1351 1089 1451; x_wconf 89' lang='lat' dir='ltr'>circumscriptum.</span> <span class='ocrx_word' id='word_1_53' title='bbox 1129 1353 1381 1424; x_wconf 89' lang='lat' dir='ltr'>Pactus</span> <span class='ocrx_word' id='word_1_54' title='bbox 1415 1380 1615 1425; x_wconf 89' lang='lat' dir='ltr'>sum:</span> <span class='ocrx_word' id='word_1_55' title='bbox 1645 1333 1789 1424; x_wconf 67' lang='lat' dir='ltr'>,hoc</span> <span class='ocrx_word' id='word_1_56' title='bbox 1823 1372 2101 1452; x_wconf 89' lang='lat' dir='ltr'>pactum</span> <span class='ocrx_word' id='word_1_57' title='bbox 2136 1378 2279 1424; x_wconf 83' lang='lat' dir='ltr'>non</span> 
     </span>
     <span class='ocr_line' id='line_1_10' title="bbox 157 1469 2283 1570; baseline 0 -28"><span class='ocrx_word' id='word_1_58' title='bbox 157 1490 505 1561; x_wconf 85' lang='lat' dir='ltr'>servatur,</span> <span class='ocrx_word' id='word_1_59' title='bbox 532 1499 660 1542; x_wconf 90' lang='lat' dir='ltr'>nec</span> <span class='ocrx_word' id='word_1_60' title='bbox 687 1490 907 1570; x_wconf 91' lang='lat' dir='ltr'>potest</span> <span class='ocrx_word' id='word_1_61' title='bbox 935 1471 1175 1569; x_wconf 87' lang='lat' dir='ltr'>repeti.</span> <span class='ocrx_word' id='word_1_62' title='bbox 1207 1471 1592 1543; x_wconf 86' lang='lat' dir='ltr'>Pecuniam</span> <span class='ocrx_word' id='word_1_63' title='bbox 1622 1469 1935 1570; x_wconf 86' lang='lat' dir='ltr'>impendi</span> <span class='ocrx_word' id='word_1_64' title='bbox 1963 1470 2093 1542; x_wconf 91' lang='lat' dir='ltr'>sub</span> <span class='ocrx_word' id='word_1_65' title='bbox 2120 1497 2283 1569; x_wconf 86' lang='lat' dir='ltr'>pac-</span> 
     </span>
     <span class='ocr_line' id='line_1_11' title="bbox 157 1584 2283 1684; baseline 0 -30"><span class='ocrx_word' id='word_1_66' title='bbox 157 1603 230 1654; x_wconf 90' lang='lat' dir='ltr'>to</span> <span class='ocrx_word' id='word_1_67' title='bbox 253 1613 272 1671; x_wconf 79' lang='lat'>3</span> <span class='ocrx_word' id='word_1_68' title='bbox 307 1609 539 1682; x_wconf 89' lang='lat' dir='ltr'>neque</span> <span class='ocrx_word' id='word_1_69' title='bbox 560 1585 933 1682; x_wconf 87' lang='lat' dir='ltr'>pecuniam</span> <span class='ocrx_word' id='word_1_70' title='bbox 956 1604 1260 1684; x_wconf 89' lang='lat' dir='ltr'>repetere</span> <span class='ocrx_word' id='word_1_71' title='bbox 1284 1610 1603 1683; x_wconf 85' lang='lat' dir='ltr'>possum3</span> <span class='ocrx_word' id='word_1_72' title='bbox 1627 1611 1855 1684; x_wconf 90' lang='lat' dir='ltr'>neque</span> <span class='ocrx_word' id='word_1_73' title='bbox 1877 1584 1982 1673; x_wconf 88' lang='lat' dir='ltr'>id,</span> <span class='ocrx_word' id='word_1_74' title='bbox 2007 1604 2283 1683; x_wconf 87' lang='lat' dir='ltr'>propter</span> 
     </span>
     <span class='ocr_line' id='line_1_12' title="bbox 157 1697 2278 1798; baseline 0.001 -30"><span class='ocrx_word' id='word_1_75' title='bbox 157 1697 363 1796; x_wconf 89' lang='lat' dir='ltr'>quod</span> <span class='ocrx_word' id='word_1_76' title='bbox 393 1698 743 1798; x_wconf 84' lang='lat' dir='ltr'>impendi,</span> <span class='ocrx_word' id='word_1_77' title='bbox 783 1698 1052 1770; x_wconf 91' lang='lat' dir='ltr'>habeo:</span> <span class='ocrx_word' id='word_1_78' title='bbox 1093 1698 1446 1798; x_wconf 78' lang='lat' dir='ltr'>navigavi,</span> <span class='ocrx_word' id='word_1_79' title='bbox 1486 1698 1815 1769; x_wconf 84' lang='lat' dir='ltr'>laboravi.</span> <span class='ocrx_word' id='word_1_80' title='bbox 1852 1698 1961 1769; x_wconf 90' lang='lat' dir='ltr'>Sic</span> <span class='ocrx_word' id='word_1_81' title='bbox 1998 1699 2278 1770; x_wconf 85' lang='lat' dir='ltr'>interim</span> 
     </span>
     <span class='ocr_line' id='line_1_13' title="bbox 158 1813 2281 1916; baseline 0.001 -30"><span class='ocrx_word' id='word_1_82' title='bbox 158 1814 455 1913; x_wconf 89' lang='lat' dir='ltr'>loquor;</span> <span class='ocrx_word' id='word_1_83' title='bbox 481 1817 840 1907; x_wconf 89' lang='lat' dir='ltr'>Quoniam</span> <span class='ocrx_word' id='word_1_84' title='bbox 875 1815 1411 1916; x_wconf 87' lang='lat' dir='ltr'>promittebatur</span> <span class='ocrx_word' id='word_1_85' title='bbox 1435 1815 1728 1914; x_wconf 85' lang='lat' dir='ltr'>aliquid,</span> <span class='ocrx_word' id='word_1_86' title='bbox 1757 1815 1889 1887; x_wconf 92' lang='lat' dir='ltr'>hoc</span> <span class='ocrx_word' id='word_1_87' title='bbox 1916 1813 2103 1912; x_wconf 89' lang='lat' dir='ltr'>quod</span> <span class='ocrx_word' id='word_1_88' title='bbox 2129 1841 2281 1915; x_wconf 89' lang='lat' dir='ltr'>pro-</span> 
     </span>
     <span class='ocr_line' id='line_1_14' title="bbox 160 1930 2274 2032; baseline 0.003 -32"><span class='ocrx_word' id='word_1_89' title='bbox 160 1930 465 2002; x_wconf 88' lang='lat' dir='ltr'>missum</span> <span class='ocrx_word' id='word_1_90' title='bbox 506 1951 687 2022; x_wconf 86' lang='lat' dir='ltr'>erat,</span> <span class='ocrx_word' id='word_1_91' title='bbox 733 1933 1035 2030; x_wconf 80' lang='lat' dir='ltr'>praestari</span> <span class='ocrx_word' id='word_1_92' title='bbox 1080 1957 1223 2004; x_wconf 91' lang='lat' dir='ltr'>non</span> <span class='ocrx_word' id='word_1_93' title='bbox 1263 1952 1526 2032; x_wconf 89' lang='lat' dir='ltr'>potest:</span> <span class='ocrx_word' id='word_1_94' title='bbox 1574 1931 2113 2032; x_wconf 87' lang='lat' dir='ltr'>circumscriptio</span> <span class='ocrx_word' id='word_1_95' title='bbox 2151 1955 2274 2005; x_wconf 85' lang='lat' dir='ltr'>est.</span> 
     </span>
     <span class='ocr_line' id='line_1_15' title="bbox 157 2045 2275 2145; baseline 0.003 -31"><span class='ocrx_word' id='word_1_96' title='bbox 157 2045 527 2117; x_wconf 87' lang='lat' dir='ltr'>Hactenus</span> <span class='ocrx_word' id='word_1_97' title='bbox 575 2072 779 2118; x_wconf 91' lang='lat' dir='ltr'>causa</span> <span class='ocrx_word' id='word_1_98' title='bbox 823 2046 1292 2118; x_wconf 88' lang='lat' dir='ltr'>fundamenta</span> <span class='ocrx_word' id='word_1_99' title='bbox 1333 2045 1707 2145; x_wconf 74' lang='lat' dir='ltr'>cepisset2:</span> <span class='ocrx_word' id='word_1_100' title='bbox 1752 2045 2111 2144; x_wconf 88' lang='lat' dir='ltr'>sequentia</span> <span class='ocrx_word' id='word_1_101' title='bbox 2154 2048 2275 2120; x_wconf 87' lang='lat' dir='ltr'>illa</span> 
     </span>
     <span class='ocr_line' id='line_1_16' title="bbox 156 2161 2278 2262; baseline 0.003 -30"><span class='ocrx_word' id='word_1_102' title='bbox 156 2183 366 2250; x_wconf 86' lang='lat' dir='ltr'>sunt,</span> <span class='ocrx_word' id='word_1_103' title='bbox 400 2182 476 2234; x_wconf 92' lang='lat' dir='ltr'>ut</span> <span class='ocrx_word' id='word_1_104' title='bbox 507 2161 802 2262; x_wconf 78' lang='lat' dir='ltr'>probem</span> <span class='ocrx_word' id='word_1_105' title='bbox 835 2190 948 2234; x_wconf 89' lang='lat' dir='ltr'>me</span> <span class='ocrx_word' id='word_1_106' title='bbox 979 2184 1044 2235; x_wconf 91' lang='lat' dir='ltr'>et</span> <span class='ocrx_word' id='word_1_107' title='bbox 1072 2162 1162 2234; x_wconf 85' lang='lat' dir='ltr'>ab</span> <span class='ocrx_word' id='word_1_108' title='bbox 1191 2161 1325 2235; x_wconf 91' lang='lat' dir='ltr'>hoc</span> <span class='ocrx_word' id='word_1_109' title='bbox 1356 2163 1962 2261; x_wconf 88' lang='lat' dir='ltr'>circumscriptum</span> <span class='ocrx_word' id='word_1_110' title='bbox 1995 2191 2134 2236; x_wconf 89' lang='lat' dir='ltr'>esse</span> <span class='ocrx_word' id='word_1_111' title='bbox 2158 2223 2175 2255; x_wconf 87' lang='lat'>‚</span> <span class='ocrx_word' id='word_1_112' title='bbox 2208 2187 2278 2238; x_wconf 85' lang='lat' dir='ltr'>et</span> 
     </span>
     <span class='ocr_line' id='line_1_17' title="bbox 157 2276 2274 2379; baseline 0.003 -33"><span class='ocrx_word' id='word_1_113' title='bbox 157 2276 656 2375; x_wconf 77' lang='lat' dir='ltr'>indignissime</span> <span class='ocrx_word' id='word_1_114' title='bbox 683 2277 1312 2378; x_wconf 88' lang='lat' dir='ltr'>circumscriptum.</span> <span class='ocrx_word' id='word_1_115' title='bbox 1345 2276 1945 2367; x_wconf 78' lang='lat' dir='ltr'>AnimadvertitiS‚</span> <span class='ocrx_word' id='word_1_116' title='bbox 1972 2279 2274 2379; x_wconf 76' lang='lat' dir='ltr'>judiceS,</span> 
     </span>
     <span class='ocr_line' id='line_1_18' title="bbox 157 2389 2271 2494; baseline 0.002 -31"><span class='ocrx_word' id='word_1_117' title='bbox 157 2389 501 2464; x_wconf 83' lang='lat' dir='ltr'>fiduciam</span> <span class='ocrx_word' id='word_1_118' title='bbox 549 2392 1208 2494; x_wconf 87' lang='lat' dir='ltr'>circumscriptoris:</span> <span class='ocrx_word' id='word_1_119' title='bbox 1258 2393 1437 2466; x_wconf 90' lang='lat' dir='ltr'>alius</span> <span class='ocrx_word' id='word_1_120' title='bbox 1478 2393 1747 2493; x_wconf 86' lang='lat' dir='ltr'>rapuit,</span> <span class='ocrx_word' id='word_1_121' title='bbox 1796 2393 1930 2465; x_wconf 85' lang='lat' dir='ltr'>alia</span> <span class='ocrx_word' id='word_1_122' title='bbox 1971 2395 2271 2493; x_wconf 82' lang='lat' dir='ltr'>optavit3</span> 
     </span>
     <span class='ocr_line' id='line_1_19' title="bbox 153 2508 2275 2610; baseline -0 -30"><span class='ocrx_word' id='word_1_123' title='bbox 153 2508 320 2581; x_wconf 89' lang='lat' dir='ltr'>ideo</span> <span class='ocrx_word' id='word_1_124' title='bbox 351 2508 893 2610; x_wconf 83' lang='lat' dir='ltr'>circumscriptio</span> <span class='ocrx_word' id='word_1_125' title='bbox 919 2530 1051 2582; x_wconf 91' lang='lat' dir='ltr'>est:</span> <span class='ocrx_word' id='word_1_126' title='bbox 1077 2535 1305 2608; x_wconf 89' lang='lat' dir='ltr'>neque</span> <span class='ocrx_word' id='word_1_127' title='bbox 1328 2510 1523 2581; x_wconf 90' lang='lat' dir='ltr'>enim</span> <span class='ocrx_word' id='word_1_128' title='bbox 1544 2535 1865 2607; x_wconf 87' lang='lat' dir='ltr'>unquam</span> <span class='ocrx_word' id='word_1_129' title='bbox 1889 2509 2275 2580; x_wconf 86' lang='lat' dir='ltr'>decurritur</span> 
     </span>
     <span class='ocr_line' id='line_1_20' title="bbox 149 2622 2269 2725; baseline 0 -30"><span class='ocrx_word' id='word_1_130' title='bbox 149 2622 246 2696; x_wconf 89' lang='lat' dir='ltr'>ad</span> <span class='ocrx_word' id='word_1_131' title='bbox 269 2624 456 2696; x_wconf 86' lang='lat' dir='ltr'>hanc</span> <span class='ocrx_word' id='word_1_132' title='bbox 474 2624 704 2724; x_wconf 76' lang='lat' dir='ltr'>legem</span> <span class='ocrx_word' id='word_1_133' title='bbox 720 2682 738 2713; x_wconf 89' lang='lat'>,</span> <span class='ocrx_word' id='word_1_134' title='bbox 761 2626 895 2697; x_wconf 89' lang='lat' dir='ltr'>nisi</span> <span class='ocrx_word' id='word_1_135' title='bbox 919 2652 1141 2723; x_wconf 89' lang='lat' dir='ltr'>quum</span> <span class='ocrx_word' id='word_1_136' title='bbox 1166 2644 1433 2697; x_wconf 89' lang='lat' dir='ltr'>rectum</span> <span class='ocrx_word' id='word_1_137' title='bbox 1448 2625 1565 2725; x_wconf 88' lang='lat' dir='ltr'>jus</span> <span class='ocrx_word' id='word_1_138' title='bbox 1586 2622 1901 2723; x_wconf 86' lang='lat' dir='ltr'>nequitia</span> <span class='ocrx_word' id='word_1_139' title='bbox 1917 2622 2269 2695; x_wconf 86' lang='lat' dir='ltr'>exclusum</span> 
     </span>
     <span class='ocr_line' id='line_1_21' title="bbox 149 2737 2267 2839; baseline -0.001 -28"><span class='ocrx_word' id='word_1_140' title='bbox 149 2760 278 2811; x_wconf 87' lang='lat' dir='ltr'>est.</span> <span class='ocrx_word' id='word_1_141' title='bbox 312 2738 384 2810; x_wconf 91' lang='lat' dir='ltr'>Si</span> <span class='ocrx_word' id='word_1_142' title='bbox 408 2766 553 2811; x_wconf 90' lang='lat' dir='ltr'>non</span> <span class='ocrx_word' id='word_1_143' title='bbox 580 2740 756 2812; x_wconf 89' lang='lat' dir='ltr'>alius</span> <span class='ocrx_word' id='word_1_144' title='bbox 782 2740 1150 2839; x_wconf 83' lang='lat' dir='ltr'>rapuisset,</span> <span class='ocrx_word' id='word_1_145' title='bbox 1181 2766 1259 2810; x_wconf 86' lang='lat' dir='ltr'>ex</span> <span class='ocrx_word' id='word_1_146' title='bbox 1287 2760 1484 2837; x_wconf 85' lang='lat' dir='ltr'>pacto</span> <span class='ocrx_word' id='word_1_147' title='bbox 1506 2737 2086 2838; x_wconf 86' lang='lat' dir='ltr'>reprehenderem</span> <span class='ocrx_word' id='word_1_148' title='bbox 2110 2738 2267 2809; x_wconf 87' lang='lat' dir='ltr'>:sed</span> 
     </span>
     <span class='ocr_line' id='line_1_22' title="bbox 147 2850 2267 2953; baseline -0 -29"><span class='ocrx_word' id='word_1_149' title='bbox 147 2854 336 2925; x_wconf 86' lang='lat' dir='ltr'>nihil</span> <span class='ocrx_word' id='word_1_150' title='bbox 357 2854 502 2926; x_wconf 85' lang='lat' dir='ltr'>haec</span> <span class='ocrx_word' id='word_1_151' title='bbox 521 2854 852 2927; x_wconf 84' lang='lat' dir='ltr'>cavillatio</span> <span class='ocrx_word' id='word_1_152' title='bbox 876 2854 1180 2953; x_wconf 88' lang='lat' dir='ltr'>proderit</span> <span class='ocrx_word' id='word_1_153' title='bbox 1198 2853 1324 2926; x_wconf 87' lang='lat' dir='ltr'>tibi</span> <span class='ocrx_word' id='word_1_154' title='bbox 1342 2911 1361 2943; x_wconf 88' lang='lat'>,</span> <span class='ocrx_word' id='word_1_155' title='bbox 1383 2878 1525 2950; x_wconf 88' lang='lat' dir='ltr'>qua</span> <span class='ocrx_word' id='word_1_156' title='bbox 1544 2853 1809 2923; x_wconf 87' lang='lat' dir='ltr'>crimen</span> <span class='ocrx_word' id='word_1_157' title='bbox 1830 2850 1907 2922; x_wconf 87' lang='lat' dir='ltr'>in</span> <span class='ocrx_word' id='word_1_158' title='bbox 1928 2875 2267 2951; x_wconf 79' lang='lat' dir='ltr'>generum</span> 
     </span>
     <span class='ocr_line' id='line_1_23' title="bbox 148 2964 2265 3069; baseline 0 -31"><span class='ocrx_word' id='word_1_159' title='bbox 148 2988 220 3038; x_wconf 90' lang='lat' dir='ltr'>et</span> <span class='ocrx_word' id='word_1_160' title='bbox 250 2967 325 3037; x_wconf 92' lang='lat' dir='ltr'>in</span> <span class='ocrx_word' id='word_1_161' title='bbox 359 2966 579 3039; x_wconf 84' lang='lat' dir='ltr'>filiam</span> <span class='ocrx_word' id='word_1_162' title='bbox 602 2970 928 3041; x_wconf 88' lang='lat' dir='ltr'>transfers</span> <span class='ocrx_word' id='word_1_163' title='bbox 956 2995 969 3039; x_wconf 92' lang='lat'>:</span> <span class='ocrx_word' id='word_1_164' title='bbox 999 2994 1166 3039; x_wconf 87' lang='lat' dir='ltr'>nam</span> <span class='ocrx_word' id='word_1_165' title='bbox 1194 2964 1247 3039; x_wconf 85' lang='lat' dir='ltr'>si</span> <span class='ocrx_word' id='word_1_166' title='bbox 1274 2967 1678 3067; x_wconf 84' lang='lat' dir='ltr'>apparuerit</span> <span class='ocrx_word' id='word_1_167' title='bbox 1701 2966 2093 3069; x_wconf 88' lang='lat' dir='ltr'>judicibus,</span> <span class='ocrx_word' id='word_1_168' title='bbox 2120 2993 2265 3038; x_wconf 89' lang='lat' dir='ltr'>om-</span> 
     </span>
     <span class='ocr_line' id='line_1_24' title="bbox 145 3080 2263 3181; baseline 0.001 -30"><span class='ocrx_word' id='word_1_169' title='bbox 145 3080 278 3151; x_wconf 88' lang='lat' dir='ltr'>nia</span> <span class='ocrx_word' id='word_1_170' title='bbox 322 3100 390 3153; x_wconf 93' lang='lat' dir='ltr'>te</span> <span class='ocrx_word' id='word_1_171' title='bbox 422 3082 694 3154; x_wconf 85' lang='lat' dir='ltr'>volente</span> <span class='ocrx_word' id='word_1_172' title='bbox 737 3084 920 3155; x_wconf 81' lang='lat' dir='ltr'>facta</span> <span class='ocrx_word' id='word_1_173' title='bbox 963 3108 1146 3170; x_wconf 83' lang='lat' dir='ltr'>esse,</span> <span class='ocrx_word' id='word_1_174' title='bbox 1183 3082 1303 3181; x_wconf 89' lang='lat' dir='ltr'>qui</span> <span class='ocrx_word' id='word_1_175' title='bbox 1351 3081 1776 3181; x_wconf 88' lang='lat' dir='ltr'>promisisti;</span> <span class='ocrx_word' id='word_1_176' title='bbox 1814 3082 2263 3154; x_wconf 86' lang='lat' dir='ltr'>manifestum</span> 
     </span>
     <span class='ocr_line' id='line_1_25' title="bbox 145 3196 2259 3297; baseline 0.001 -30"><span class='ocrx_word' id='word_1_177' title='bbox 145 3196 332 3286; x_wconf 88' lang='lat' dir='ltr'>erit,</span> <span class='ocrx_word' id='word_1_178' title='bbox 373 3224 414 3267; x_wconf 88' lang='lat' dir='ltr'>a</span> <span class='ocrx_word' id='word_1_179' title='bbox 452 3217 516 3268; x_wconf 92' lang='lat' dir='ltr'>te</span> <span class='ocrx_word' id='word_1_180' title='bbox 560 3222 703 3269; x_wconf 88' lang='lat' dir='ltr'>esse</span> <span class='ocrx_word' id='word_1_181' title='bbox 742 3196 1340 3296; x_wconf 87' lang='lat' dir='ltr'>circumscriptum</span> <span class='ocrx_word' id='word_1_182' title='bbox 1379 3224 1544 3269; x_wconf 89' lang='lat' dir='ltr'>eum</span> <span class='ocrx_word' id='word_1_183' title='bbox 1570 3255 1589 3287; x_wconf 82' lang='lat'>,</span> <span class='ocrx_word' id='word_1_184' title='bbox 1629 3198 1749 3297; x_wconf 91' lang='lat' dir='ltr'>qui</span> <span class='ocrx_word' id='word_1_185' title='bbox 1784 3198 1913 3269; x_wconf 86' lang='lat' dir='ltr'>tibi</span> <span class='ocrx_word' id='word_1_186' title='bbox 1948 3196 2259 3271; x_wconf 85' lang='lat' dir='ltr'>credidit.</span> 
     </span>
     <span class='ocr_line' id='line_1_26' title="bbox 143 3310 2260 3413; baseline 0.001 -30"><span class='ocrx_word' id='word_1_187' title='bbox 143 3310 379 3411; x_wconf 76' lang='lat' dir='ltr'>Igitur</span> <span class='ocrx_word' id='word_1_188' title='bbox 411 3311 500 3383; x_wconf 85' lang='lat' dir='ltr'>ab</span> <span class='ocrx_word' id='word_1_189' title='bbox 531 3312 726 3384; x_wconf 90' lang='lat' dir='ltr'>initio</span> <span class='ocrx_word' id='word_1_190' title='bbox 761 3313 1284 3413; x_wconf 89' lang='lat' dir='ltr'>propensiorem</span> <span class='ocrx_word' id='word_1_191' title='bbox 1322 3334 1390 3386; x_wconf 89' lang='lat' dir='ltr'>te</span> <span class='ocrx_word' id='word_1_192' title='bbox 1419 3314 1633 3386; x_wconf 84' lang='lat' dir='ltr'>fuisse</span> <span class='ocrx_word' id='word_1_193' title='bbox 1666 3314 1898 3405; x_wconf 88' lang='lat' dir='ltr'>diviti,</span> <span class='ocrx_word' id='word_1_194' title='bbox 1928 3340 2075 3385; x_wconf 86' lang='lat' dir='ltr'>non</span> <span class='ocrx_word' id='word_1_195' title='bbox 2120 3340 2260 3388; x_wconf 87' lang='lat' dir='ltr'>sus-</span> 
     </span>
     <span class='ocr_line' id='line_1_27' title="bbox 141 3426 2261 3529; baseline 0.002 -33"><span class='ocrx_word' id='word_1_196' title='bbox 141 3426 552 3526; x_wconf 88' lang='lat' dir='ltr'>picionibus</span> <span class='ocrx_word' id='word_1_197' title='bbox 576 3429 795 3527; x_wconf 87' lang='lat' dir='ltr'>probo</span> <span class='ocrx_word' id='word_1_198' title='bbox 815 3487 835 3517; x_wconf 87' lang='lat'>,</span> <span class='ocrx_word' id='word_1_199' title='bbox 865 3455 1010 3501; x_wconf 90' lang='lat' dir='ltr'>non</span> <span class='ocrx_word' id='word_1_200' title='bbox 1038 3456 1116 3501; x_wconf 90' lang='lat' dir='ltr'>eo</span> <span class='ocrx_word' id='word_1_201' title='bbox 1149 3430 1338 3529; x_wconf 87' lang='lat' dir='ltr'>quod</span> <span class='ocrx_word' id='word_1_202' title='bbox 1366 3429 1696 3501; x_wconf 88' lang='lat' dir='ltr'>credibile</span> <span class='ocrx_word' id='word_1_203' title='bbox 1722 3449 1841 3500; x_wconf 89' lang='lat' dir='ltr'>est.</span> <span class='ocrx_word' id='word_1_204' title='bbox 1876 3430 2095 3528; x_wconf 89' lang='lat' dir='ltr'>Capta</span> <span class='ocrx_word' id='word_1_205' title='bbox 2118 3429 2261 3501; x_wconf 84' lang='lat' dir='ltr'>filia</span> 
     </span>
     <span class='ocr_line' id='line_1_28' title="bbox 139 3542 2256 3645; baseline 0.001 -32"><span class='ocrx_word' id='word_1_206' title='bbox 139 3563 273 3613; x_wconf 87' lang='lat' dir='ltr'>tua</span> <span class='ocrx_word' id='word_1_207' title='bbox 291 3597 312 3630; x_wconf 89' lang='lat'><strong>,</strong></span> <span class='ocrx_word' id='word_1_208' title='bbox 344 3566 560 3639; x_wconf 88' lang='lat' dir='ltr'>quam</span> <span class='ocrx_word' id='word_1_209' title='bbox 591 3542 880 3640; x_wconf 88' lang='lat' dir='ltr'>posuisti</span> <span class='ocrx_word' id='word_1_210' title='bbox 910 3542 1434 3617; x_wconf 81' lang='lat' dir='ltr'>conditionem?</span> <span class='ocrx_word' id='word_1_211' title='bbox 1463 3544 1611 3645; x_wconf 86' lang='lat' dir='ltr'>ejus</span> <span class='ocrx_word' id='word_1_212' title='bbox 1630 3545 1949 3616; x_wconf 84' lang='lat' dir='ltr'>futuram</span> <span class='ocrx_word' id='word_1_213' title='bbox 1968 3601 1986 3635; x_wconf 83' lang='lat'>,</span> <span class='ocrx_word' id='word_1_214' title='bbox 2012 3545 2132 3645; x_wconf 89' lang='lat' dir='ltr'>qui</span> <span class='ocrx_word' id='word_1_215' title='bbox 2159 3567 2256 3616; x_wconf 89' lang='lat' dir='ltr'>re-</span> 
     </span>
    </p>
   </div>
   <div class='ocr_carea' id='block_1_5' title="bbox 137 3725 2257 4202">
    <p class='ocr_par' dir='ltr' id='par_1_5' title="bbox 137 3725 2257 4123">
     <span class='ocr_line' id='line_1_29' title="bbox 227 3725 2253 3803; baseline 0.001 -23"><span class='ocrx_word' id='word_1_216' title='bbox 227 3746 246 3780; x_wconf 88' lang='grc' dir='ltr'><strong>ι</strong></span> <span class='ocrx_word' id='word_1_217' title='bbox 263 3768 275 3778; x_wconf 98' lang='grc'>.</span> <span class='ocrx_word' id='word_1_218' title='bbox 299 3725 648 3783; x_wconf 76' lang='lat' dir='ltr'>Plorabimm.</span> <span class='ocrx_word' id='word_1_219' title='bbox 675 3730 974 3795; x_wconf 79' lang='lat' dir='ltr'>orabimus,</span> <span class='ocrx_word' id='word_1_220' title='bbox 999 3732 1164 3783; x_wconf 81' lang='lat' dir='ltr'>Fran·</span> <span class='ocrx_word' id='word_1_221' title='bbox 1245 3735 1463 3786; x_wconf 68' lang='lat' dir='ltr'>Senum.</span> <span class='ocrx_word' id='word_1_222' title='bbox 1488 3734 1554 3785; x_wconf 87' lang='lat' dir='ltr'>Et</span> <span class='ocrx_word' id='word_1_223' title='bbox 1577 3736 1647 3785; x_wconf 87' lang='lat' dir='ltr'>ita</span> <span class='ocrx_word' id='word_1_224' title='bbox 1674 3732 1950 3785; x_wconf 82' lang='lat' dir='ltr'>AErodius:</span> <span class='ocrx_word' id='word_1_225' title='bbox 1977 3734 2065 3803; x_wconf 85' lang='lat' dir='ltr'>qui</span> <span class='ocrx_word' id='word_1_226' title='bbox 2087 3750 2253 3803; x_wconf 85' lang='lat' dir='ltr'>porro</span> 
     </span>
     <span class='ocr_line' id='line_1_30' title="bbox 137 3808 2255 3884; baseline 0 -22"><span class='ocrx_word' id='word_1_227' title='bbox 137 3812 295 3862; x_wconf 80' lang='lat' dir='ltr'>cius:</span> <span class='ocrx_word' id='word_1_228' title='bbox 323 3808 455 3859; x_wconf 87' lang='lat' dir='ltr'>nihil</span> <span class='ocrx_word' id='word_1_229' title='bbox 474 3824 652 3875; x_wconf 82' lang='lat' dir='ltr'>muto,</span> <span class='ocrx_word' id='word_1_230' title='bbox 679 3824 728 3863; x_wconf 87' lang='lat' dir='ltr'>et</span> <span class='ocrx_word' id='word_1_231' title='bbox 747 3809 871 3862; x_wconf 90' lang='lat' dir='ltr'>hinc</span> <span class='ocrx_word' id='word_1_232' title='bbox 891 3812 1028 3863; x_wconf 82' lang='lat' dir='ltr'>forte</span> <span class='ocrx_word' id='word_1_233' title='bbox 1048 3830 1166 3884; x_wconf 83' lang='lat' dir='ltr'>pos·</span> <span class='ocrx_word' id='word_1_234' title='bbox 1245 3808 1396 3884; x_wconf 75' lang='lat' dir='ltr'>legit,</span> <span class='ocrx_word' id='word_1_235' title='bbox 1421 3812 1511 3863; x_wconf 81' lang='lat' dir='ltr'>sed</span> <span class='ocrx_word' id='word_1_236' title='bbox 1527 3830 1608 3884; x_wconf 84' lang='lat' dir='ltr'>seq</span> <span class='ocrx_word' id='word_1_237' title='bbox 1618 3812 1793 3864; x_wconf 71' lang='lat' dir='ltr'>nentia</span> <span class='ocrx_word' id='word_1_238' title='bbox 1816 3812 1850 3862; x_wconf 80' lang='grc' dir='ltr'>ι’.</span> <span class='ocrx_word' id='word_1_239' title='bbox 1870 3832 1907 3865; x_wconf 80' lang='lat' dir='ltr'>s.</span> <span class='ocrx_word' id='word_1_240' title='bbox 1930 3841 2003 3852; x_wconf 92' lang='lat'>—-</span> <span class='ocrx_word' id='word_1_241' title='bbox 2019 3810 2255 3863; x_wconf 76' lang='lat' dir='ltr'>Decurri-</span> 
     </span>
     <span class='ocr_line' id='line_1_31' title="bbox 137 3886 2252 3963; baseline 0.001 -24"><span class='ocrx_word' id='word_1_242' title='bbox 137 3903 224 3941; x_wconf 80' lang='lat' dir='ltr'>set</span> <span class='ocrx_word' id='word_1_243' title='bbox 253 3888 458 3940; x_wconf 82' lang='lat' dir='ltr'>firmari</span> <span class='ocrx_word' id='word_1_244' title='bbox 479 3886 638 3941; x_wconf 84' lang='lat' dir='ltr'>lectio</span> <span class='ocrx_word' id='word_1_245' title='bbox 663 3890 807 3943; x_wconf 85' lang='lat' dir='ltr'>MSS.</span> <span class='ocrx_word' id='word_1_246' title='bbox 841 3892 984 3963; x_wconf 87' lang='lat' dir='ltr'>apud</span> <span class='ocrx_word' id='word_1_247' title='bbox 1009 3891 1161 3945; x_wconf 83' lang='lat' dir='ltr'>ovid.</span> <span class='ocrx_word' id='word_1_248' title='bbox 1247 3904 1345 3944; x_wconf 83' lang='lat' dir='ltr'>tur.</span> <span class='ocrx_word' id='word_1_249' title='bbox 1381 3893 1699 3958; x_wconf 59' lang='lat' dir='ltr'>Iit-curritur,</span> <span class='ocrx_word' id='word_1_250' title='bbox 1730 3890 1909 3943; x_wconf 82' lang='lat' dir='ltr'>AErod.</span> <span class='ocrx_word' id='word_1_251' title='bbox 1944 3918 2007 3929; x_wconf 92' lang='lat'><strong>—</strong></span> <span class='ocrx_word' id='word_1_252' title='bbox 2040 3890 2252 3943; x_wconf 77' lang='lat' dir='ltr'>Rectum</span> 
     </span>
     <span class='ocr_line' id='line_1_32' title="bbox 137 3968 2257 4047; baseline -0.001 -24"><span class='ocrx_word' id='word_1_253' title='bbox 137 3974 244 4041; x_wconf 79' lang='lat' dir='ltr'>Ep.</span> <span class='ocrx_word' id='word_1_254' title='bbox 277 3968 432 4034; x_wconf 85' lang='lat' dir='ltr'>vm,</span> <span class='ocrx_word' id='word_1_255' title='bbox 473 3986 532 4020; x_wconf 81' lang='lat'>21</span> <span class='ocrx_word' id='word_1_256' title='bbox 561 3990 572 4020; x_wconf 91' lang='lat'>:</span> <span class='ocrx_word' id='word_1_257' title='bbox 621 3992 642 4015; x_wconf 70' lang='lat' dir='ltr'>a</span> <span class='ocrx_word' id='word_1_258' title='bbox 661 3970 715 4022; x_wconf 90' lang='lat' dir='ltr'>Si</span> <span class='ocrx_word' id='word_1_259' title='bbox 749 3990 904 4025; x_wconf 80' lang='lat' dir='ltr'>socer</span> <span class='ocrx_word' id='word_1_260' title='bbox 944 3974 1162 4045; x_wconf 77' lang='lat' dir='ltr'>ignavus</span> <span class='ocrx_word' id='word_1_261' title='bbox 1229 3972 1412 4047; x_wconf 70' lang='lat' dir='ltr'>just</span> <span class='ocrx_word' id='word_1_262' title='bbox 1426 3986 1535 4040; x_wconf 84' lang='lat' dir='ltr'>est,</span> <span class='ocrx_word' id='word_1_263' title='bbox 1552 3971 1959 4025; x_wconf 65' lang='lat' dir='ltr'>directumvid.</span> <span class='ocrx_word' id='word_1_264' title='bbox 1978 3969 2257 4024; x_wconf 72' lang='lat' dir='ltr'>CLSchul-</span> 
     </span>
     <span class='ocr_line' id='line_1_33' title="bbox 145 4046 2251 4123; baseline 0 -22"><span class='ocrx_word' id='word_1_265' title='bbox 145 4074 168 4095; x_wconf 67' lang='grc' dir='ltr'>ιι</span> <span class='ocrx_word' id='word_1_266' title='bbox 189 4046 360 4101; x_wconf 76' lang='lat' dir='ltr'>vidua</span> <span class='ocrx_word' id='word_1_267' title='bbox 396 4048 658 4120; x_wconf 80' lang='lat' dir='ltr'>plorasset</span> <span class='ocrx_word' id='word_1_268' title='bbox 691 4052 746 4102; x_wconf 84' lang='lat' dir='ltr'>in</span> <span class='ocrx_word' id='word_1_269' title='bbox 776 4051 913 4103; x_wconf 79' lang='lat' dir='ltr'>aula.</span> <span class='ocrx_word' id='word_1_270' title='bbox 938 4076 960 4098; x_wconf 72' lang='grc' dir='ltr'><strong><em>υ</em></strong></span> <span class='ocrx_word' id='word_1_271' title='bbox 995 4054 1163 4104; x_wconf 70' lang='lat' dir='ltr'>Banu.</span> <span class='ocrx_word' id='word_1_272' title='bbox 1247 4055 1470 4123; x_wconf 81' lang='lat' dir='ltr'>tingium</span> <span class='ocrx_word' id='word_1_273' title='bbox 1502 4050 1573 4102; x_wconf 84' lang='lat' dir='ltr'>ad</span> <span class='ocrx_word' id='word_1_274' title='bbox 1604 4052 1858 4105; x_wconf 82' lang='lat' dir='ltr'>Senecam</span> <span class='ocrx_word' id='word_1_275' title='bbox 1888 4052 2068 4104; x_wconf 87' lang='lat' dir='ltr'>Contr.</span> <span class='ocrx_word' id='word_1_276' title='bbox 2104 4051 2251 4115; x_wconf 78' lang='lat' dir='ltr'>XVI,</span> 
     </span>
    </p>

    <p class='ocr_par' dir='ltr' id='par_1_6' title="bbox 217 4128 1515 4202">
     <span class='ocr_line' id='line_1_34' title="bbox 217 4128 1515 4202; baseline 0.002 -23"><span class='ocrx_word' id='word_1_277' title='bbox 217 4144 271 4179; x_wconf 66' lang='grc' dir='ltr'>α.</span> <span class='ocrx_word' id='word_1_278' title='bbox 323 4128 686 4181; x_wconf 79' lang='lat' dir='ltr'>Fundamenta</span> <span class='ocrx_word' id='word_1_279' title='bbox 732 4132 951 4201; x_wconf 79' lang='lat' dir='ltr'>cepisset.</span> <span class='ocrx_word' id='word_1_280' title='bbox 1003 4132 1161 4199; x_wconf 75' lang='lat' dir='ltr'>Cepit.</span> <span class='ocrx_word' id='word_1_281' title='bbox 1244 4150 1365 4202; x_wconf 77' lang='lat' dir='ltr'>pag.</span> <span class='ocrx_word' id='word_1_282' title='bbox 1395 4148 1515 4183; x_wconf 80' lang='lat'><em>221.</em></span> 
     </span>
    </p>
   </div>
  </div>
 </body>
</html>
