2855 4871
606 432 731 500 290
1110 412 1203 475 M.
1252 408 1497 473 mnu
1541 406 2169 491 QUINTILIANI

599 664 693 683 ‘m
700 662 882 682 mm
895 656 2618 683 mmmmmmmm
2625 660 2666 679 ν

1412 841 1858 919 CCCXX.

1360 1070 1646 1145 Multati
1673 1076 1913 1144 socius.

590 1282 903 1341 Sociomffl
945 1296 1275 1338 consumta
1307 1295 1446 1335 snt-r
1481 1294 1696 1335 mutu
1733 1292 1809 1333 m·
1847 1294 2062 1335 nuan.
2106 1276 2192 1334 Ex
2224 1272 2470 1336 duobus
2500 1276 2669 1335 sociis

668 1374 819 1437 alter
851 1378 917 1436 in
950 1375 1195 1435 civitate
1225 1387 1388 1449 erat,
1423 1370 1576 1433 alter
1611 1393 1880 1454 peregre.
1921 1366 2134 1449 Quum
2165 1371 2331 1433 bello
2369 1372 2671 1433 laboraret

668 1474 912 1548 civitas,
944 1468 1243 1547 decrevit,
1274 1484 1344 1531 ut
1378 1470 1545 1529 intra
1581 1482 1814 1529 certum
1855 1466 2022 1529 diem
2057 1482 2531 1545 reverterentur,
2567 1470 2672 1550 qui

668 1572 976 1631 abessent:
1006 1571 1115 1650 qui
1148 1590 1275 1630 non
1304 1568 1596 1643 venisset,
1629 1566 1998 1627 multaretur
2029 1563 2450 1649 publicatione
2477 1567 2672 1627 bono-

668 1690 829 1731 rum.
858 1672 1079 1731 Exacta
1102 1684 1189 1731 est
1210 1690 1351 1752 pars
1376 1689 1411 1728 a
1437 1678 1733 1750 praesente
1757 1668 2136 1746 negotiatore
2157 1665 2444 1727 absentis.
2466 1668 2676 1727 Rever-

669 1790 769 1829 sus
798 1767 902 1829 ille
933 1782 1172 1851 partem
1204 1768 1354 1851 petit
1387 1764 1770 1846 reliquorum
1799 1763 2139 1825 bonorum.

1445 1930 1807 1997 SERMO.

674 2094 861 2182 Saepe
888 2090 1079 2157 vobis
1104 2090 1294 2171 dixi¹‚
1326 2088 1666 2182 quomodo
1699 2088 1785 2154 ad
1814 2088 2292 2155 inveniendum
2318 2108 2562 2157 statum
2587 2091 2672 2155 fa-

587 2199 830 2264 cillime
876 2198 1345 2287 perveniretis:
1393 2196 1511 2286 qui
1557 2196 1718 2277 sint,
1765 2218 1996 2261 omnes
2038 2196 2336 2262 novistis.
2387 2198 2674 2261 Primum

588 2307 882 2395 singulos
906 2307 1222 2393 repetite:
1251 2303 1523 2369 sublatis
1547 2302 1681 2385 his,
1709 2326 1877 2394 quos
1905 2322 2160 2369 certum
2185 2306 2311 2369 erit
2338 2328 2476 2369 non
2505 2328 2675 2380 esse,

586 2413 758 2479 inter
798 2410 1098 2479 residuos
1136 2432 1544 2503 quaeremus:
1581 2408 1921 2501 quaerendi
1965 2428 2186 2477 autem
2221 2412 2324 2478 via
2360 2411 2503 2478 haec
2535 2413 2675 2478 erit.

586 2517 947 2585 Videamus
971 2519 1135 2610 quid
1159 2535 1490 2608 proponat
1513 2521 1778 2607 petitor,
1805 2515 1967 2608 quid
1993 2519 2086 2583 illi
2113 2519 2512 2608 respondeat
2533 2541 2676 2608 pos-

588 2648 822 2708 sessor,
850 2629 955 2692 vel
981 2649 1164 2692 reus:
1204 2649 1281 2690 ex
1315 2650 1396 2690 eo
1431 2626 1709 2716 quaestio
1735 2625 2053 2690 nascitur:
2085 2649 2162 2690 ea
2191 2625 2382 2691 nobis
2407 2625 2680 2692 demon·

584 2731 833 2798 strabit.
861 2735 1094 2824 Neque
1119 2733 1248 2799 hoe
1271 2731 1453 2812 dico,
1489 2730 1649 2820 quid
1683 2733 1970 2820 primum
2009 2729 2185 2798 dieat
2215 2733 2483 2821 petitor,
2513 2729 2678 2822 quid

583 2835 695 2904 ille
727 2837 1162 2928 respondeat;
1196 2862 1333 2904 non
1369 2839 1548 2904 enim
1583 2861 1660 2902 ex
1693 2838 1904 2928 prima
1930 2839 2296 2928 quaestione
2329 2837 2680 2903 ducendus

586 2959 687 3008 est
724 2962 962 3024 status,
998 2942 1116 3010 sed
1155 2969 1235 3010 ex
1276 2946 1752 3033 potentissima.
1786 2941 2172 3010 Videndum
2203 2945 2366 3024 erit,
2405 2967 2492 3008 an
2532 2959 2680 3034 post

584 3048 980 3116 'divisionem
1004 3051 1166 3116 socii
1194 3052 1345 3116 sint.
1645 3052 1653 3061 ’

1274 3229 1982 3314 DECLAMATlo.

528 3481 545 3498 ’
680 3390 1066 3462 Sociorum
1089 3411 1349 3464 DAMNA
1370 3411 1464 3465 ΕΤ
1491 3413 1727 3466 ιυοιω
1745 3411 2144 3465 commonui
2161 3411 2349 3464 sm‘r.
2373 3395 2684 3464 Fortasse

582 3502 794 3576 videri
841 3526 1060 3603 potest
1104 3533 1651 3606 supervacuum,
1707 3504 1995 3578 laudare
2041 3505 2272 3604 legem
2321 3533 2336 3576 :
2397 3533 2570 3577 nam
2621 3527 2686 3576 et

660 3673 705 3706 ι.
730 3657 877 3727 Soepe
905 3655 1040 3709 vobis
1065 3657 1190 3710 dixi.
1215 3656 1331 3710 Vid.
1362 3655 1585 3726 Quintil.
1668 3656 1826 3708 etiam
1851 3657 1971 3720 VH,
2001 3673 2045 3721 1,
2072 3655 2170 3716 58;
2193 3655 2317 3718 vn,
2342 3655 2402 3719 4,
2431 3655 2521 3712 25;
2547 3653 2684 3718 vll,

581 3735 670 3788 lib.
696 3739 799 3803 111,
824 3754 942 3806 cap.
968 3735 1003 3787 6
1021 3775 1037 3802 ,
1061 3739 1111 3805 s.
1143 3754 1163 3788 1
1182 3775 1199 3803 ‚
1228 3755 1438 3789 necnon
1463 3739 1588 3802 vn,
1667 3736 1701 3788 6
1729 3749 1860 3788 extr.
1891 3749 1944 3786 et
1978 3753 2121 3805 seqq.
2141 3773 2158 3801 ‚
2189 3733 2284 3785 ubi
2316 3743 2590 3804 precepta
2621 3731 2685 3783 de

587 3834 606 3868 ι
629 3857 645 3884 ,
678 3836 745 3887 9.,
778 3817 871 3868 ubi
904 3815 1040 3868 haec:
1084 3821 1319 3869 «Verum
1358 3835 1421 3868 ex
1458 3835 1587 3868 eon·
1669 3814 2046 3886 quaestionibus
2071 3811 2363 3866 statuendis
2389 3811 2564 3864 funins
2597 3831 2684 3864 ex-

585 3919 607 3941 ·
620 3900 809 3967 juncta
840 3897 1207 3967 propositione
1239 3895 1414 3967 plures
1443 3913 1587 3965 quoe-
1665 3893 1950 3964 plicantur.
1975 3895 2069 3945 En.
2093 3921 2165 3932 —
2188 3893 2270 3944 Ea
2294 3892 2436 3945 nobis
2458 3891 2686 3944 demon-

584 3997 608 4021 «
630 3979 825 4028 stiones
850 3989 901 4026 et
926 3989 1092 4027 status
1116 3992 1229 4027 osse
1256 3985 1513 4044 possunt,
1542 3975 1586 4024 si
1665 3973 1856 4025 sti-abit.
1883 3975 1994 4038 An,
2017 3987 2135 4044 qua·
2162 3981 2345 4022 coetem
2363 3969 2684 4021 demonstra·

587 4075 607 4098 u
628 4053 767 4105 aliud
794 4067 950 4122 negat
974 4073 1093 4106 reus
1106 4091 1121 4118 .,
1147 4051 1291 4106 aliud
1314 4051 1552 4104 defendit
1567 4090 1583 4118 ‚
1667 4051 1774 4102 bit?
1789 4069 1874 4116 an,
1886 4071 1946 4102 ea
1961 4062 2142 4102 coetem
2157 4049 2265 4117 (vel
2279 4047 2499 4116 omnia),
2515 4045 2684 4097 ἅρπη..)

588 4149 609 4174 ¹«
630 4130 773 4183 aliud
778 4133 899 4200 jure
914 4131 1139 4182 actionis
1152 4127 1399 4182 excludit.
1418 4153 1441 4176 a
1461 4129 1580 4180 vid.
1664 4131 1884 4182 Senum.
1910 4130 2072 4182 Nobis
2098 4138 2291 4182 statum
2315 4127 2451 4178 dem.
2493 4125 2676 4178 Exod.
