2855 4871
548 433 1388 502 DECLAMATIONES.
1433 434 1883 504 CCLXXIX.
2143 453 2259 537 147

179 562 282 661 jus
321 558 737 647 abdicandi,
787 575 1064 657 propter
1105 557 1274 647 hoc,
1329 557 1519 655 quod
1568 556 1675 630 lex
1719 558 1881 632 huic
1926 566 2263 662 permisit.

185 681 456 765 Vereor,
479 702 568 747 ne
589 674 812 745 risum
834 692 1180 745 mereatur
1198 670 1344 746 haec
1365 671 1675 745 defensio
1696 701 1851 747 mea
1864 733 1885 767 ,
1903 697 2263 779 tamquam

186 794 286 865 hic
313 790 732 865 utrumlibet
763 815 902 861 non
939 788 1260 887 potuerit.
1292 787 1426 860 Sed
1456 790 1755 887 potuerit
1782 818 1947 865 sane
1977 822 1991 865 :
2020 799 2267 872 marito

186 909 284 981 vel
315 908 632 980 occidere
670 904 1104 991 adulterum,
1138 902 1246 973 vel
1280 924 1559 1003 accepta
1598 907 1895 1003 pecunia
1925 908 2269 988 dimittere

187 1022 380 1093 licet:
417 1044 564 1089 non
603 1036 835 1115 potest
858 1035 1136 1115 propter
1167 1016 1240 1087 id
1268 1016 1501 1108 irasci,
1528 1020 1719 1116 quod
1741 1022 1905 1122 jura
1931 1024 2095 1098 huic
2118 1054 2273 1127 per-

189 1135 542 1207 miserunt.
567 1134 928 1227 Loquatur
947 1129 1240 1203 maritus
1263 1155 1427 1203 cum
1458 1134 1701 1206 animo
1722 1149 1740 1179 ¹
1773 1164 1923 1229 suo,
1947 1138 2275 1238 loquatur

187 1277 340 1321 cum
387 1248 648 1320 affectu
694 1273 856 1335 suo,
909 1270 1070 1317 cum
1129 1246 1406 1345 propria
1457 1248 1682 1321 animi
1732 1251 1841 1323 sui
1886 1275 2150 1328 natura.
2200 1258 2275 1329 Si

187 1386 460 1464 propter
499 1363 635 1435 hoc
670 1361 828 1434 licet
859 1360 1180 1433 abdicare
1199 1418 1219 1453 ‚
1263 1362 1487 1453 istud,
1530 1365 1724 1462 quod
1757 1368 1923 1440 fecit
1947 1371 2233 1445 maritus
2255 1430 2275 1465 ,

189 1508 320 1555 non
354 1481 567 1553 licet:
601 1478 864 1576 alioqui
897 1477 1088 1550 enim
1127 1479 1557 1554 tolerabilius
1586 1503 1653 1554 et
1682 1504 1861 1557 certe
1899 1486 2277 1565 humanius

189 1621 354 1689 erat,
393 1595 760 1670 arbitrium
789 1596 899 1668 vel
931 1594 1294 1669 occidendi
1327 1597 1660 1691 adulteri,
1696 1600 1805 1675 vel
1836 1624 2117 1704 accepta
2148 1632 2263 1705 pe-

192 1713 386 1787 cunia
421 1709 862 1799 dimittendi,
889 1710 1238 1782 transferri
1272 1710 1362 1783 ad
1397 1728 1703 1811 patres²t
1734 1717 2073 1813 quoniam
2100 1741 2281 1793 certe

192 1830 396 1904 levius
422 1850 525 1901 est
545 1848 772 1899 vetare
795 1826 1064 1923 aliqua,
1089 1852 1308 1925 quam
1335 1829 1609 1928 punire.
1634 1830 1744 1903 Sic
1769 1832 2278 1929 defenderetur,

193 1948 238 2017 si
267 1948 430 2047 jure
470 1965 709 2015 tecum
754 1962 1026 2040 ageret:
1075 1941 1292 2041 ipsius
1329 1970 1491 2015 vero
1532 1945 1693 2017 facti
1734 1947 1840 2019 vel
1888 1949 2019 2021 hoc
2068 1951 2279 2024 modo

191 2060 526 2133 rationem
549 2058 751 2131 facile
780 2057 1232 2131 reddidissem
1260 2084 1457 2131 anon
1482 2082 1582 2171 est
1612 2061 1795 2135 istud
1824 2083 2023 2163 turpe
2040 2124 2059 2156 ,
2090 2068 2282 2165 quod
2394 2076 2399 2083 '

193 2175 290 2249 lex
311 2172 676 2275 permittit.
713 2176 1018 2272 Accepta
1049 2173 1394 2273 pecunie
1424 2175 1752 2249 dimisisti
1784 2204 1801 2250 ε
1839 2179 1973 2250 nisi
2009 2200 2285 2281 oporte-

197 2312 320 2380 ret,
373 2318 508 2363 nec
550 2290 808 2364 liceret.
863 2294 976 2363 An
1027 2316 1188 2363 vero
1236 2303 1495 2390 p'arum
1540 2294 1759 2366 sancti
1810 2292 1912 2366 illi
1961 2296 2285 2369 videntur

191 2407 394 2480 fuisse
427 2406 764 2508 majoreS,
797 2404 900 2478 illi
927 2406 1410 2482 constitutores
1433 2405 1655 2510 juris,
1682 2412 1805 2511 qui
1836 2412 2137 2485 civitates
2168 2411 2285 2485 ad-

195 2525 374 2616 huc,
423 2525 618 2599 velut
663 2524 958 2621 antiquo
1011 2524 1136 2597 illo
1188 2552 1412 2598 errore
1464 2527 1829 2616 confusas,
1883 2529 1971 2599 ad
2022 2549 2283 2600 certam

195 2640 466 2712 ιίνειιάἰ
489 2641 797 2712 formam
829 2639 1284 2737 redegerunt?
1315 2639 1457 2713 illis
1482 2667 1627 2718 non
1660 2662 1763 2713 est
1790 2627 2017 2712 visum
2052 2641 2246 2712 nefas
2265 2697 2284 2730 ,

195 2755 504 2854 accipere
543 2754 968 2854 pecuniam:
1007 2755 1131 2826 sed
1170 2755 1378 2828 etiam
1425 2755 1557 2827 hac
1599 2781 1800 2854 poena
1836 2755 2287 2828 animadverti

197 2891 639 2970 putaverunt,
662 2871 842 2942 sicut
863 2869 1192 2970 pleraque
1213 2870 1459 2942 delicta
1482 2873 1916 2970 puniuntur:
1939 2896 2069 2943 nec
2092 2873 2286 2944 enim

195 3012 468 3087 semper
500 3012 723 3084 usque
745 2984 840 3057 ad
874 3005 1176 3057 mortem
1215 2985 1648 3085 perveniunt.
1674 2986 1897 3059 Credo
1933 3008 2169 3060 autem
2202 2987 2291 3058 il-

199 3099 386 3191 lum,
423 3101 740 3200 quisquis
777 3101 916 3172 fuit
956 3101 1126 3198 legis
1160 3100 1447 3204 hujusce
1480 3101 1915 3193 constitutor,
1952 3103 2072 3175 illa
2104 3102 2287 3175 intra

199 3241 264 3286 se
295 3215 632 3316 cogitasse
668 3243 684 3286 z
731 3241 878 3287 non
920 3217 1250 3289 omnium
1283 3215 1552 3288 animos
1586 3217 2001 3290 maritorum
2038 3216 2287 3290 durare

191 3359 342 3428 jutae
375 3377 492 3420 nun
529 3369 656 3410 sunt
685 3355 772 3411 hic
805 3355 1204 3412 abdicationum
1283 3376 1411 3412 eero
1441 3358 1511 3411 ad
1542 3362 1689 3412 Fam.
1723 3359 1801 3424 11,
1834 3375 1865 3428 7
1883 3381 1897 3410 ε
1932 3381 1959 3405 α
1976 3361 2175 3410 Tecum
2208 3357 2291 3410 lo-

199 3457 398 3506 cam,
423 3457 526 3491 nec
552 3437 891 3508 hujumodi,
917 3453 978 3492 ut
1001 3458 1034 3492 a
1055 3439 1204 3512 judi—
1289 3463 1311 3488 ιι
1332 3459 1530 3512 quere,
1568 3453 1619 3493 te
1656 3439 1850 3492 adhibe
1886 3441 1943 3492 in
1978 3441 2289 3510 consilium,
2316 3507 2323 3513 ἣ

199 3520 344 3574 cibus
359 3519 660 3593 approbari
671 3518 1041 3586 debeantffsive
1061 3521 1205 3574 hune
1287 3543 1314 3567 a
1331 3533 1384 3571 te
1409 3518 1561 3587 audi,
1586 3518 1683 3570 tihi
1706 3518 2033 3590 obtempera.
2056 3539 2079 3566 u

197 3600 656 3672 inpulsa-eniam
671 3603 918 3654 maritum
935 3601 1206 3673 appellare
1357 3619 1406 3653 a.
1425 3599 1711 3652 Arbitrium
1732 3601 1999 3672 transferri
2015 3601 2087 3651 ad
2099 3611 2287 3673 patres.

203 3679 1080 3752 plne21‚qunquodlmunfecit=
1099 3685 1209 3736 sive
1285 3684 1364 3736 lta
1395 3681 1629 3754 tnjt'cere
1658 3679 1814 3735 Ovid.
1844 3683 1972 3735 Met.
2002 3684 2131 3752 ΧΠ,
2154 3701 2286 3736 vers.

195 3761 282 3827 jus
315 3761 496 3813 mariti
525 3773 654 3812 ctas
687 3759 940 3832 impedit,
975 3780 1099 3834 quta
1131 3763 1248 3814 vi·-
1285 3760 1383 3813 ult.
1405 3783 1421 3810 =⁴
1470 3780 1492 3805 a
1510 3759 1801 3813 Arbitrium
1841 3761 1946 3815 litis
1987 3763 2195 3834 trajecit
2234 3762 2289 3812 in

203 3843 752 3896 rium-exeusationem
769 3841 964 3908 habet,
983 3843 1128 3915 quod
1149 3847 1211 3897 si-
1293 3855 1539 3891 ·omnes.
1563 3861 1587 3886 ι

199 3909 1211 3997 uuluhlterunieumadulterainipen
1361 3920 1412 3972 3.
1443 3921 1671 3991 Accepta
1696 3918 1941 3992 pecunia.
1974 3922 2089 3972 Hoc
2118 3937 2291 3972 exem-

201 4000 660 4073 turpitudinem'
641 4023 686 4057 nv
705 4004 824 4074 ‘m'
844 4001 1088 4058 occidere
1101 4023 1214 4058 non
1291 3997 1441 4070 plum
1468 4013 1549 4052 est
1576 3998 1951 4052 scholasticum
1980 3999 2295 4052 sacramenti

201 4083 484 4150 potuisset.
509 4084 692 4136 AEnon.
1291 4082 1346 4133 in
1373 4097 1533 4134 causa
1562 4081 1825 4144 criminis,
1854 4091 1911 4129 ut
1940 4092 1993 4130 et
2018 4079 2159 4132 infra
2184 4079 2293 4132 De-

281 4176 328 4212 1.
351 4162 624 4234 Loquetu-
641 4179 762 4216 cum
787 4162 986 4216 auimo.
1013 4163 1097 4216 Sic
1121 4163 1214 4217 ci-
1291 4163 1501 4216 dunat.
1524 4160 1829 4216 ecam.
1854 4161 2001 4214 Prrn.

1961 4265 2042 4304 10.
