2855 4871
577 439 701 517 504
1065 433 1158 498 M.
1205 433 1458 498 FABII
1503 430 2145 515 QUINTILIANI

573 556 778 630 sceris
794 613 812 647 ,
843 553 1176 628 morietur
1203 553 1488 651 alioqui.
1509 555 1718 625 Putas
1742 551 1943 624 illum
1966 551 2352 626 dilaturum
2378 557 2651 656 nuptias

574 692 724 746 tuas
753 697 768 742 :
804 667 1187 758 denuncio,
1217 667 1472 742 iterum
1508 665 1746 767 rapiet.

2022 911 2651 934 mmm*-

1236 1075 1999 1153 CCCLXXXIV.

1099 1271 1174 1343 V
1165 1274 1312 1366 irqo
1347 1267 1701 1340 immolata
1728 1267 2143 1366 pestilentioe.

575 1462 648 1519 In
677 1457 1056 1542 pestilentia¹
1095 1475 1464 1537 responsum
1494 1467 1615 1529 est,
1640 1456 1941 1536 virg-inem
1976 1454 2465 1516 immolandam.
2498 1457 2653 1516 Sorte

653 1555 908 1615 ductam
949 1564 1124 1636 pater
1167 1553 1471 1634 virginem
1517 1554 1782 1632 negavit.
1832 1551 2225 1632 Magistratus
2276 1551 2649 1613 immolavit:

651 1669 783 1710 non
805 1647 1137 1708 finiebatur
1161 1647 1530 1729 pestilentia:
1558 1647 1781 1706 iterum
1804 1647 1996 1706 sortiti
2021 1659 2194 1706 sunt:
2227 1645 2431 1707 altera
2458 1651 2654 1708 immo·

653 1746 780 1806 lata
791 1741 920 1805 'estt
947 1743 1154 1804 sedata
1175 1756 1273 1804 est
1293 1743 1658 1826 pestilentia.
1684 1743 1911 1805 Prioris
1933 1743 2095 1824 patri
2112 1743 2512 1825 magistratus
2532 1765 2653 1804 reus

634 1843 830 1904 ’undis
841 1854 962 1904 est.

1327 1957 1905 2024 COLORATAE.

675 2109 941 2180 Sortem
981 2105 1137 2180 filiae
1172 2125 1305 2181 tuae
1333 2107 1523 2178 Deus
1551 2104 1727 2176 inter
1749 2103 2043 2202 virgines
2072 2127 2219 2174 esse
2246 2102 2511 2177 noluit:
2546 2103 2653 2175 sed

609 2247 941 2318 amquam
971 2218 1218 2292 alienae
1235 2205 1516 2291 ²·‘turbae
1541 2218 1822 2291 exemit:

1183 2339 1190 2344 .
1379 2326 1396 2351 s

579 2440 2653 2487 mmmmm

1191 2680 1200 2698 .
1265 2628 1970 2707 CCCLXXXV.

769 2826 1069 2901 Lemni-²·
1098 2853 1277 2915 reus,
1309 2831 1430 2924 qui
1463 2828 1797 2898 merea-ici
1826 2829 2246 2897 amatorium
2278 2826 2481 2898 dedit.

580 3012 795 3070 Dauni
825 3030 1077 3071 neman
1103 3032 1245 3072 mn
1269 3031 1360 3072 sn·
1390 3031 1584 3071 acrio.
1616 3007 1973 3070 Adolescens
1996 3030 2197 3091 quum
2222 3023 2457 3071 amaret
2474 3008 2651 3069 ancil-

657 3108 782 3167 lam
811 3111 1190 3169 meretricem
1207 3156 1225 3187 ,
1248 3124 1307 3171 et
1335 3108 1531 3170 multa
1558 3110 1612 3169 ei
1641 3107 1956 3185 donasset,
1982 3110 2357 3170 amatorium
2380 3110 2434 3170 ei
2458 3106 2645 3169 dedit:

659 3206 985 3268 videbatur
1020 3228 1228 3269 amare
1264 3210 1491 3274 ancilla
1524 3208 2008 3271 adolescentem:
2054 3210 2184 3291 agit
2216 3209 2364 3269 leno
2406 3230 2543 3269 cum
2582 3228 2649 3268 eo

660 3306 874 3368 damni
897 3303 1128 3387 injuria
1155 3306 1306 3367 dati.
1440 3292 1449 3311 ⁵

1179 3429 1186 3437 ’
1266 3463 1975 3532 DECLAMATIO.

679 3602 747 3675 Si
783 3604 935 3704 quis
967 3625 1340 3707 utramque
1370 3627 1641 3709 partem
1684 3608 2087 3715 inspexerit,
2130 3607 2457 3706 intelliget
2484 3632 2645 3706 pro-

587 3768 610 3793 «
629 3744 936 3798 muneribus
967 3746 1232 3801 invidere:
1253 3774 1276 3799 υ
1317 3750 1410 3803 ubi
1446 3750 1579 3803 vide.
1735 3769 1783 3803 2.
1826 3751 2043 3805 Alienae.
2086 3750 2255 3822 Lege.
2288 3752 2543 3816 alienant,
2570 3748 2651 3800 vel

581 3822 642 3874 In
666 3822 866 3876 AErodii
888 3824 1114 3879 editione
1139 3840 1275 3893 erat,
1303 3846 1443 3881 senes
1466 3848 1585 3879 mu·
1662 3830 1895 3900 explica,
1926 3830 2113 3882 aliene
2138 3830 2299 3883 turboe
2315 3868 2334 3895 ,
2362 3830 2489 3882 nihil
2510 3826 2577 3881 ad
2598 3846 2651 3879 se

585 3918 710 3966 nm,
739 3903 883 3974 quod
907 3924 1014 3958 non
1037 3906 1289 3975 intelligo.
1315 3908 1483 3961 Bonna.
1660 3910 1975 3978 pertinenti,
2002 3920 2061 3960 ut
2086 3911 2153 3961 sit
2178 3910 2513 3979 magistratus
2536 3924 2653 3959 ora-

663 4000 707 4035 ι.
721 3985 788 4037 In
804 3986 1118 4056 pestilentia.
1138 3984 1258 4037 Vid.
1283 3986 1348 4039 ad
1370 3987 1576 4041 Petron.
1660 3991 1757 4042 tio.
1780 3990 1994 4043 Senot-r.

583 4076 699 4128 cap.
731 4078 771 4111 ι.
795 4062 973 4113 AErod.
991 4062 1291 4133 distinguit,
1313 4066 1368 4118 V
1363 4066 1579 4138 irqinem
1732 4066 1784 4119 3.
1808 4068 2019 4119 Lenoni.
2044 4066 2163 4118 vid.
2183 4067 2407 4135 Quintil.
2428 4066 2521 4119 lib.
2536 4066 2651 4129 vn,

583 4136 956 4191 immolandum
973 4155 1105 4195 sorte
1121 4145 1344 4198 ducum.
1368 4148 1541 4199 Pater.
1658 4165 1776 4219 cap.
1800 4164 1862 4216 9,
1888 4165 1937 4199 2.
1962 4146 2139 4199 AEnon.
