2855 4871
764 441 1602 510 DECLAMATIONES.
1647 442 1725 509 x.
2167 445 2286 532 ⁵37

1907 710 2295 733 mmm

1191 914 1293 989 X.

850 1144 1061 1214 Pater
1090 1148 1371 1241 receptis
1401 1142 1636 1216 oculis.

204 1344 315 1403 cui
352 1356 533 1405 erant
565 1357 685 1405 tres
719 1344 861 1421 filii,
893 1345 1129 1405 amissis
1167 1344 1445 1421 duobus,
1483 1344 1689 1407 flendo
1728 1344 1942 1406 oculos
1979 1344 2288 1427 perdidit3

276 1442 616 1502 somniavit
650 1462 712 1501 se
748 1453 1139 1523 recepturum
1182 1438 1391 1501 oculos
1416 1486 1434 1515 ‚
1484 1443 1534 1500 si
1575 1442 1788 1501 tertius
1826 1440 1991 1500 filius
2033 1448 2292 1523 perisset.

274 1540 605 1600 Somnium
644 1540 941 1599 indicavit
976 1541 1191 1615 uxori3
1231 1538 1337 1599 illa
1369 1538 1502 1599 filio
1546 1540 1851 1621 prodidit3
1887 1539 2200 1621 suspendit
2231 1560 2296 1599 se

278 1638 653 1698 adolescens.
685 1640 767 1698 Pa
778 1654 868 1699 ter
890 1638 1116 1721 recepit
1143 1636 1387 1700 oculos:
1413 1638 1698 1721 repudiat
1721 1659 2007 1712 uxorem3
2035 1640 2162 1719 agit
2189 1636 2298 1697 illa

276 1734 495 1817 injusti
517 1734 777 1817 repudii.

974 1890 1009 1935 r
1030 1890 1068 1936 n
1081 1878 1127 1936 'o
1171 1890 1224 1935 M
1240 1892 1281 1936 A
1302 1890 1340 1936 n
1360 1890 1381 1935 ι
1399 1890 1442 1935 ‘r
1459 1890 1522 1935 o.

290 2015 474 2085 Ante
499 2014 742 2086 omnia
764 2014 897 2086 hoc
921 2014 1008 2085 ad
1030 2040 1153 2086 vos
1172 2041 1347 2087 meae
1369 2014 1607 2086 defero
1629 2013 2078 2105 infelicitatis,
2104 2014 2295 2113 quod

196 2112 427 2199 videre
460 2128 655 2228 coepi.
696 2129 805 2201 Sic
836 2143 1272 2229 spectatores¹
1318 2129 1504 2202 oculi
1543 2130 1754 2203 tertiae
1791 2131 2083 2202 redeunt
2115 2128 2295 2201 orbi·

196 2244 379 2316 tatis:
396 2245 517 2344 qui
539 2246 1056 2318 calamitatibus
1077 2267 1442 2336 cesserant,
1463 2246 1829 2346 parricidio
1847 2265 2288 2318 reverterunt.

194 2358 508 2431 Mirabar
538 2362 846 2460 profecto
866 2419 884 2453 ,
919 2360 1109 2461 quod
1139 2360 1215 2433 in
1246 2361 1604 2462 utriusque
1640 2360 1924 2434 orbitate
1957 2360 2142 2433 solus
2177 2387 2295 2460 pa·

190 2496 295 2548 ter
333 2475 572 2548 oculos
609 2477 1083 2577 perdidisse-v.
1126 2479 1369 2551 Jussus
1411 2505 1570 2549 sum
1613 2478 1881 2567 videre,
1918 2496 2292 2575 postquam

190 2590 451 2663 orbitas
478 2589 673 2663 tertia
705 2611 1165 2690 spectatorem
1200 2619 1343 2662 non
1378 2591 1707 2663 habebat.
1742 2590 2109 2688 Numquid
2145 2589 2292 2660 dis-

186 2706 475 2777 cutiunt
494 2704 660 2776 recti
683 2705 1155 2778 necessitatem
1171 2761 1190 2793 ‚
1216 2705 1339 2805 qui
1356 2704 1624 2805 aliquid
1645 2731 1877 2776 amore
1897 2703 1926 2750 3
1941 2705 2292 2777 fecerunt?

272 2896 291 2930 ι
306 2919 319 2930 .
344 2880 404 2932 Si
417 2890 732 2952 metatores.
752 2881 941 2948 Forte,
961 2881 1050 2936 Sic
1065 2899 1203 2952 spec-

184 2972 395 3014 tatores.
434 2965 581 3014 Pia-u.
616 2961 745 3014 Dele
782 2981 1001 3033 prorsus
1042 2958 1097 3013 τὸ
1140 2964 1201 3014 si.

184 3045 403 3112 Integra
438 3044 701 3095 sententia
737 3056 846 3096 est:
884 3045 1203 3114 Spectator-es

186 3123 335 3177 oculi
370 3125 531 3176 tertioe
568 3126 779 3177 nde-ant
812 3125 1041 3178 orbitatis
1060 3149 1075 3176 .-
1110 3124 1204 3196 qui

186 3203 579 3256 calamitatibus
605 3213 883 3270 cesserant,
920 3204 1201 3276 parricidio

188 3294 522 3337 reverterunt.
549 3284 715 3336 Gnon.
741 3283 1029 3350 Acumiua,
1055 3286 1204 3355 igno-

186 3367 377 3418 rantiae
404 3367 531 3417 vitio
548 3403 565 3430 ‚
593 3383 831 3418 errorum
863 3363 1203 3418 mendorum-

190 3465 299 3518 que
337 3465 451 3500 esse
482 3464 696 3498 causam
726 3447 837 3499 haec
870 3447 1199 3501 demonstrat

186 3526 553 3579 Declamatio:
582 3545 739 3598 quam
764 3530 1101 3582 manifestum
1121 3541 1201 3582 est

190 3607 453 3678 elegantia
478 3625 572 3660 sua
598 3619 799 3660 tantum
824 3627 931 3662 non
962 3612 1195 3680 periisse.

186 3691 325 3741 Rem
340 3707 439 3741 nos
453 3687 661 3740 dedisse
674 3701 943 3742 auctorem
960 3689 1201 3742 fatebun-

188 3783 301 3836 tur,
336 3773 425 3841 qui
450 3769 650 3840 judicio
685 3789 810 3835 suo,
842 3789 957 3842 quae
989 3770 1057 3823 ad
1088 3771 1199 3824 haec

188 3848 501 3900 illustranda
547 3846 915 3900 adduxerimus
932 3887 948 3912 ‚
990 3849 1199 3919 perlus-

186 3929 463 3978 traverint.
484 3928 620 3978 Huic
645 3926 765 3978 loco
790 3925 1103 3978 medicinam
1127 3928 1201 3978 fa·

188 4024 316 4056 cere
338 4004 643 4058 facillimum
668 4019 776 4068 est,
801 4023 907 4056 non
932 4001 1115 4056 itidem
1148 4017 1199 4056 et

188 4084 409 4134 caeteris.
436 4084 717 4135 Levissima
743 4083 879 4134 enim
904 4083 1197 4134 mutatione

188 4160 305 4214 haec
324 4163 393 4213 ita
413 4161 761 4232 concipienda
772 4199 789 4227 ‚
803 4161 889 4213 Sic
899 4171 1199 4234 spectatores

1282 2881 1424 2934 oculi
1460 2881 1619 2934 tertioe
1655 2879 1870 2932 adeunt
1899 2881 2144 2933 orbitatis.
2191 2881 2292 2950 Qui

1280 2960 1686 3023 calamitatibus,
1713 2973 1814 3012 etc.
1839 2958 2058 3012 Senum.
2081 2961 2140 3013 Si
2163 2960 2290 3012 omi·

1284 3043 1353 3092 sit
1370 3039 1502 3091 Obr.

1355 3135 1401 3170 2.
1429 3117 1582 3171 Solus
1600 3129 1754 3190 pater
1777 3119 1952 3174 ocutos
1972 3118 2285 3191 perdidisset.

1282 3197 1438 3249 Nunc
1457 3199 1630 3250 minus
1651 3200 1840 3250 mirum
1859 3197 1988 3250 mihi
2009 3217 2117 3250 non
2137 3197 2286 3250 flesse

1281 3289 1532 3344 matrem,
1554 3295 1668 3348 quae
1692 3279 1866 3349 potuit
1889 3289 1942 3329 et
1964 3276 2128 3328 fllium
2153 3277 2288 3328 occi-

1283 3354 1407 3410 dere
1420 3397 1437 3422 .,
1461 3371 1514 3410 et
1537 3377 1620 3410 me
1639 3359 1817 3410 facere
1837 3368 2186 3428 spectatorem
2205 3375 2290 3408 or·

1278 3437 1460 3493 bitatis
1486 3441 1664 3492 tertie.
1693 3439 1913 3490 Senum.

1349 3517 1401 3570 3.
1443 3518 1561 3587 Qut*
1581 3517 1786 3589 aliquid
1821 3533 1998 3568 amore
2022 3513 2284 3586 fecerunt.

1277 3597 1514 3666 Respicit
1536 3593 1642 3646 hoc
1667 3593 1734 3646 ad
1761 3592 1905 3646 istud
1920 3631 1938 3658 ‚
1963 3593 2110 3665 quod
2138 3611 2286 3646 ama-

1278 3689 1454 3727 torum
1477 3677 1530 3726 in
1555 3677 1978 3741 excusationem,
2007 3693 2168 3745 quum
2203 3677 2284 3726 in-

1278 3753 1667 3806 considerantia
1693 3768 1785 3806 aut
1808 3767 1860 3806 et
1879 3752 2110 3805 violenta
2131 3765 2286 3805 teme-

1278 3835 1434 3886 ritate
1462 3846 1841 3905 peccaverunt‚
1871 3851 2111 3886 sermone
2145 3852 2284 3904 quo-

1278 3914 1480 3967 tidiano
1505 3918 1684 3968 tritum
1713 3929 1792 3967 est
1807 3953 1824 3981 ‚
1851 3929 1904 3967 et
1925 3916 2154 3984 magistri
2179 3913 2284 3967 hoc

1280 3999 1474 4049 amoris
1503 4000 1734 4049 cannine
1759 4015 2090 4068 expressum,
2119 4019 2141 4042 α
2161 3999 2285 4048 Non

1282 4101 1304 4125 ι
1322 4076 1427 4129 hoc
1449 4080 1640 4149 injuria
1664 4079 1894 4143 factum,
1915 4079 2114 4129 Verum
2137 4094 2286 4130 amor

1282 4181 1305 4204 ι
1324 4172 1419 4212 est.
1443 4183 1465 4206 ιι
1495 4159 1711 4214 Senum.
