2855 4871
620 424 741 516 §96
1112 396 1205 490 Μ.
1254 422 1506 489 FABII
1551 423 2189 507 QUINT-ILIANI

610 550 720 621 Ad
759 548 1051 620 domum
1088 545 1315 617 divitis
1354 545 1516 619 veni
1559 546 1743 640 (non
1791 544 1984 615 enim
2023 564 2290 616 nomen
2331 546 2511 619 inter
2555 572 2680 619 non

611 682 1058 760 agnoscentes
1081 658 1443 757 requisivi)
1469 687 1484 729 ε
1518 658 1850 757 parasitus
1875 658 2194 730 inventus
2217 679 2336 731 est.
2368 662 2458 730 Et
2479 659 2682 759 placet

609 780 865 851 rustico
894 775 1109 876 patri?
1128 773 1409 865 erubui,
1445 774 1767 847 nondum
1787 787 1805 818 ¹
1829 794 1896 845 te
1915 774 2356 847 invenissem.
2377 776 2488 847 Ad
2513 802 2680 847 com·

610 892 1049 992 parationem
1077 916 1247 960 voco
1278 888 1634 985 utriusque
1661 888 1812 957 vitae
1841 914 1858 959 :
1893 887 1969 959 in
1999 890 2358 987 praesentia
2388 888 2524 961 hoc
2557 916 2682 959 uno

585 1026 971 1077 'contentus
1002 1030 1209 1092 sum‚⁴
1234 1002 1618 1100 suscipere²
1657 1000 1908 1071 laboris
1945 1002 2050 1072 tui
2088 1022 2394 1100 partem3
2430 1004 2588 1075 satis
2621 1003 2682 1073 in

606 1142 675 1193 te
718 1118 1218 1206 laboravimus;
1257 1117 1405 1216 jam
1459 1114 1690 1187 deficit
1737 1134 1898 1186 zetas
1921 1170 1940 1203 ‚
1975 1116 2132 1216 jam
2184 1117 2492 1215 quietem
2547 1144 2685 1218 pos-

608 1238 703 1308 cit
730 1257 1087 1308 senectus:
1128 1253 1199 1303 et
1232 1258 1360 1330 ego
1400 1231 1732 1304 delicatus
1770 1256 1952 1302 sum.
1995 1232 2344 1305 Abdicant
2384 1260 2498 1305 me
2545 1234 2684 1305 licet

606 1353 776 1425 boni
828 1374 1091 1439 ωσι-ες,
1132 1370 1367 1419 tamen
1412 1347 1638 1419 clamo
1681 1374 1694 1417 :
1742 1372 1870 1445 ego
1911 1367 1975 1418 te
2019 1347 2194 1418 mihi
2239 1349 2504 1445 genui:
2559 1376 2682 1422 non

606 1491 769 1564 ergo
812 1463 1143 1561 cogitabis
1166 1519 1182 1549 ‚
1232 1461 1407 1561 quid
1451 1460 1628 1532 mihi
1679 1460 1983 1534 debeas?
2015 1461 2153 1533 illae
2181 1482 2374 1533 terrae
2407 1464 2681 1561 gratiam

606 1584 958 1653 referunt:
994 1606 1125 1649 nec
1152 1576 1540 1677 quidquam
1577 1577 1869 1650 inveniri
1906 1576 2172 1677 potest3
2199 1578 2274 1650 in
2307 1604 2544 1650 rerum
2573 1606 2685 1651 na-

606 1716 798 1783 tura,
837 1694 911 1764 in
944 1720 1083 1791 quo
1118 1692 1313 1763 labor
1346 1712 1602 1791 pereat.
1633 1694 1743 1763 De
1773 1691 2214 1764 abdicatione
2243 1712 2320 1764 tu
2349 1693 2683 1789 quereris?

602 1811 794 1908 prior
836 1830 1104 1908 patrem
1149 1807 1488 1907 reliquisti
1525 1836 1539 1877 :
1584 1808 1867 1906 quando
1911 1808 2102 1880 enim
2141 1808 2374 1881 videre
2415 1829 2484 1881 te
2525 1809 2682 1880 mihi

602 1925 812 1997 licet?
844 1945 1191 2025 quantum
1224 1925 1478 1997 absum
1521 1925 1610 1996 ab
1647 1924 1980 1996 orbitate?
2019 1928 2356 2023 Impone,
2391 1925 2679 2027 judiceS‚

596 2040 969 2113 affectibus
992 2041 1211 2129 meis,
1232 2042 1368 2137 -qui
1402 2040 1588 2111 nihil
1621 2040 1852 2112 adhuc
1887 2040 2066 2112 inter
2097 2040 2416 2139 querelas
2443 2041 2679 2129 babeo,

600 2156 735 2227 nisi
756 2156 1223 2227 desiderium:
1246 2156 1403 2256 jam
1427 2155 1623 2227 irasci
1645 2181 1923 2227 necesse
1943 2176 2044 2227 est
2069 2182 2084 2225 :
2115 2155 2440 2227 nondum
2465 2177 2680 2228 tamen

600 2270 688 2341 ad
724 2269 1050 2341 ultimam
1084 2272 1186 2341 tui
1220 2268 1722 2342 contumeliam
1755 2270 1958 2341 venio
1988 2299 2002 2341 :
2039 2269 2296 2370 objicio
2331 2271 2464 2342 tibi
2500 2271 2682 2342 luxu·-

603 2386 818 2457 riam:
856 2385 911 2456 si
948 2385 1081 2459 hoc
1119 2406 1392 2458 tantum
1422 2386 1813 2458 diceremus
1841 2414 1856 2458 ε
1891 2386 2060 2458 vivis
2094 2386 2272 2458 inter
2305 2388 2682 2459 meretrices

602 2521 671 2572 et
702 2499 1022 2590 lenones,
1056 2498 1310 2598 dignus
1342 2527 1411 2572 es
1436 2499 1916 2591 abdica-'ticum
1954 2503 2199 2591 etiam,
2230 2503 2288 2574 si
2319 2503 2677 2601 parasitum

599 2614 891 2687 habes4:
932 2616 1114 2688 inter
1140 2617 1375 2688 aliena
1404 2618 2133 2709 servitiamumeraris,
2167 2640 2240 2691 et
2269 2620 2394 2691 tibi
2431 2619 2678 2714 luxuria

600 2726 949 2830 objicitur,
975 2732 1184 2806 etiam
1212 2758 1355 2803 non
1387 2733 1839 2810 tuaL'Omitto
1866 2733 2144 2806 interim
2177 2739 2425 2832 ex'quo
2452 2759 2679 2832 genere

596 2847 748 2916 vitae
782 2848 855 2916 in
889 2845 1070 2917 istud
1105 2847 1489 2936 transieris,
1523 2848 1653 2918 sub
1689 2873 1830 2946 qno
1865 2849 2213 2921 institutus
2241 2870 2457 2948 patre.
2489 2849 2680 2921 Dissi-

599 2959 861 3029 mulata
884 2981 951 3030 et
970 2982 1232 3032 remota
1253 2987 1548 3059 persona
1574 2989 1730 3033 mea
1749 3021 1766 3054 ,
1797 2963 2178 3064 parasitum
2200 2963 2454 3035 abdico
2479 2991 2492 3034 :
2519 2989 2676 3034 num

684 3119 724 3151 ι.
756 3101 829 3151 Et
860 3100 1032 3169 placet
1067 3105 1250 3156 mstt'co
1280 3105 1460 3175 patri?
1490 3123 1604 3156 eru-
1684 3107 1822 3160 Setu's
1851 3108 1906 3158 iu
1941 3119 1989 3160 te
2023 3105 2392 3160 laboravimus.
2417 3107 2676 3160 AErodius:

602 3183 717 3242 bui,
762 3181 1016 3232 nondum.
1058 3183 1215 3234 Forte
1239 3206 1251 3234 ε
1291 3185 1364 3234 Et
1399 3183 1610 3255 placeat
1685 3188 1805 3240 satis
1831 3190 2185 3262 injuventute
2209 3189 2568 3242 laboravimus.
2591 3189 2678 3240 Le-

598 3263 787 3314 rustt'co
797 3263 955 3332 patri.
948 3265 969 3300 ⁷
982 3263 1193 3314 Erubui.
1212 3262 1464 3330 Mallem,
1483 3283 1609 3315 non·
1686 3285 1784 3336 go.
1774 3287 1785 3315 :
1803 3266 1926 3318 satis
1941 3269 1999 3318 in
2017 3286 2119 3318 rem
2137 3266 2499 3321 laboravimus.
2513 3266 2568 3317 ld
2581 3279 2678 3331 est,

600 3345 728 3395 dum
752 3342 1072 3395 invenissem.
1094 3344 1167 3395 Te
1184 3345 1255 3394 ad
1270 3348 1613 3416 comparatio-
1693 3349 1770 3399 rei
1797 3348 2067 3400 familiaris
2089 3367 2266 3401 causa.
2288 3347 2426 3400 vide
2450 3348 2512 3400 ad
2532 3347 2679 3398 Sene·

600 3439 743 3488 nem,
764 3419 1033 3483 lucadius,
1056 3422 1259 3473 utinam
1284 3423 1516 3474 nondum
1542 3433 1611 3488 te,
1691 3447 1808 3480 cam
1829 3428 1896 3481 de
1913 3428 2186 3500 Tranquil.
2209 3448 2296 3480 an.
2317 3447 2438 3500 cap.
2467 3426 2675 3480 1.Gno=.

601 3502 835 3554 Οιοιεον.
868 3503 941 3554 Et
973 3501 1181 3573 placeat
1216 3505 1399 3557 rustico
1433 3507 1596 3575 patri.
1590 3508 1612 3540 ³
1691 3508 1826 3560 Satis
1847 3526 1943 3578 pro
1965 3520 2038 3572 te,
2055 3506 2166 3572 vel,
2183 3507 2277 3558 tibi
2286 3505 2674 3574 ‚Schultingius

601 3581 824 3631 Erubui.
841 3580 1087 3632 Nondum
1108 3591 1155 3632 te
1156 3601 1372 3654 Juvems
1388 3584 1459 3635 ad
1475 3601 1610 3635 com-
1685 3587 1825 3639 Satis
1845 3589 1952 3639 siue
1973 3598 2021 3638 te
2041 3585 2416 3650 laboravimus,
2443 3581 2673 3638 Obrecht

599 3661 927 3732 parationem
974 3680 1095 3713 voco
1142 3665 1405 3736 utriusque
1451 3683 1500 3716 v.
1507 3677 1604 3717 tae:
1758 3667 1808 3719 3.
1829 3667 1943 3718 Nec
1961 3666 2292 3740 quidquam
2271 3666 2497 3718 inueniri
2507 3673 2675 3736 potest·

602 3739 831 3804 Embut',
857 3757 1017 3810 quum
1044 3742 1277 3793 noudum
1308 3754 1356 3794 te
1381 3743 1609 3796 invenis-
1681 3744 1920 3811 ’Δυῦσιμον
1938 3765 2158 3815 opat-yper.
2174 3741 2574 3812 ειιιὶεηλιωουῃόν
2587 3742 2676 3792 ἑτι-

601 3839 723 3872 sem.
740 3821 961 3871 Senum.
965 3849 1037 3859 —
1053 3821 1331 3893 Utriusque
1350 3824 1485 3875 vitoe.
1501 3823 1605 3874 La-
1679 3823 1848 3892 μίλακι
1869 3822 1950 3876 καὶ
1972 3843 2114 3880 οονος
2139 3821 2238 3876 ἰπὶ
2239 3845 2290 3885 v,
2311 3824 2480 3895 inquit
2497 3821 2676 3872 Plutar-

601 3904 764 3953 tinius
790 3903 1055 3974 utriusque
1072 3903 1249 3954 vitam.
1685 3905 1836 3959 chus
1858 3907 2124 3959 AEnontus.

676 3999 723 4034 α.
744 3983 1023 4055 Suscipere.
1044 3984 1283 4054 Suu-ipe,
1304 3985 1540 4036 Latinius
1555 3997 1606 4037 et
1755 3987 2012 4056 4.Etiam,
2027 4007 2070 4041 st
2061 3985 2674 4059 'parasitumAE'te'amjan

604 4060 851 4112 AErod.in
864 4061 1133 4132 pumentia
1150 4079 1255 4113 non
1270 4061 1472 4115 diutius
1485 4081 1608 4116 cou-
1682 4066 1942 4139 parasitus
1979 4066 2193 4119 haberis.
2227 4065 2441 4117 Senum-r.
2471 4063 2542 4114 Ae
2560 4065 2672 4134 jam

603 4149 773 4192 tentus
810 4159 922 4194 sum
968 4143 1233 4214 suscipere.
1276 4144 1494 4197 Senum.
1537 4173 1610 4186 --
1689 4155 1738 4196 te
1755 4141 2046 4216 parasitum
2071 4144 2285 4209 habent,
2311 4141 2482 4196 AErod.
