2855 4871
626 440 748 507 ¹70
1117 418 1211 483 M.
1261 418 1517 485 FABII
1562 420 2201 503 QUINTILIAM

617 542 790 611 filios
817 544 1166 611 occiderit:
1198 544 1599 611 invidiosum
1630 545 1857 637 itaque
1886 562 2059 628 crat,
2093 548 2149 614 si
2178 536 2341 638 quid
2372 548 2683 639 'petiisset

613 654 952 741 pertinens
977 652 1064 723 ad
1091 652 1619 741 gratulationem.

1303 855 2009 920 DECLAMATIO.

707 1016 1075 1111 Tyrannus
1104 1014 1313 1112 genui
1343 1042 1358 1084 :
1397 1040 1589 1085 nunc
1617 1034 1783 1113 opto
1805 1069 1824 1104 ‚
1860 1033 1939 1084 ut
1970 1012 2163 1086 filius·
2180 1014 2461 1087 exsulet.
2486 1016 2679 1106 Quod

613 1130 786 1202 mihi
813 1152 880 1203 et
897 1132 1068 1203 citra
1091 1131 1459 1231 praemium
1485 1130 1773 1221 licebat,
1803 1130 1937 1201 hoc
1960 1150 2027 1202 et
2049 1157 2175 1229 pro
2194 1133 2480 1231 praemio
2504 1156 2677 1231 peto,

609 1267 678 1349 et
719 1276 843 1347 pro
887 1248 1034 1347 ipso
1067 1247 1349 1349 juvene.
1387 1247 1584 1319 Nihil
1622 1247 1781 1319 dico
1818 1246 1907 1319 de
1943 1249 2086 1321 fato
2125 1249 2381 1320 domus
2422 1270 2677 1339 nostrae,

607 1388 753 1457 non
791 1388 1164 1462 persequor
1184 1363 1521 1435 rationem
1550 1388 1831 1460 quoque
1860 1383 2087 1437 metus
2116 1365 2298 1435 mci:
2334 1364 2511 1436 illud
2533 1366 2678 1437 inte·

606 1479 744 1550 rim
798 1496 1165 1550 contentus
1211 1504 1407 1567 sum,
1444 1476 1711 1568 dicere,
1764 1482 2171 1577 supervacui
2221 1501 2390 1552 sunt
2436 1500 2675 1569 metus,

610 1592 788 1665 nihil
822 1593 1186 1666 imminet:
1224 1593 1344 1665 sed
1379 1614 1447 1665 et
1481 1612 1739 1691 spectat
1771 1592 1903 1666 ista
1929 1594 2348 1693 plerumque
2370 1595 2679 1693 sapientia

607 1709 942 1807 gravior2.
970 1710 1167 1799 Quid
1201 1731 1276 1782 tu
1314 1709 1618 1781 accidere
1658 1709 1875 1783 credis
1914 1709 2084 1801 illis,
2123 1710 2244 1809 qui
2285 1711 2533 1785 liberos
2572 1711 2676 1782 ha-

609 1822 820 1895 bent?
860 1825 1031 1924 quid
1073 1824 1377 1897 maritis?
1417 1845 1615 1923 pater
1654 1826 1887 1897 timeo.
1924 1824 2058 1912 Sed
2098 1826 2435 1897 rationem
2475 1847 2673 1898 metus

603 1937 872 2011 habent
899 1967 912 2011 :
943 1941 1080 2011 sive
1099 1999 1116 2033 ,
1143 1962 1224 2012 ut
1246 1939 1549 2012 maxime
1572 1966 1832 2029 vereor,
1860 1942 2085 2012 fatum
2114 1940 2299 2013 istud
2325 1962 2431 2013 cst
2452 1941 2675 2013 domus

605 2077 871 2127 nostrae.
909 2060 1228 2155 Ignosces
1273 2055 1466 2127 enim
1504 2055 1696 2154 quod
1740 2054 1921 2127 filios
1966 2082 2157 2127 meos
2190 2056 2372 2127 ultra
2404 2077 2673 2128 mortem

605 2197 980 2271 persequor
1021 2199 1035 2242 :
1084 2171 1269 2243 nihil
1311 2170 1397 2243 de
1435 2169 1557 2243 illo
1596 2170 1840 2261 timui,
1888 2170 2010 2267 qui
2058 2169 2326 2269 primus
2366 2191 2675 2269 tyrannus

602 2286 743 2358 fuit
780 2314 793 2356 :
842 2286 1086 2359 iisdem
1128 2286 1484 2386 praeceptis
1527 2306 1669 2357 crat
1700 2282 2075 2373 educatuS,
2121 2284 2379 2385 quibus
2412 2306 2531 2359 tu:
2577 2283 2673 2355 illo

606 2404 828 2476 occiso
851 2403 1098 2477 timere
1123 2430 1270 2478 non
1300 2403 1551 2494 debui,
1580 2430 1671 2476 ne
1704 2402 1859 2503 quis
1890 2400 2190 2494 ex‘vobis
2216 2400 2409 2475 idem
2438 2400 2673 2502 cogita-

607 2539 753 2592 ret:
801 2519 1163 2618 occupavit
1201 2539 1435 2592 tamen
1478 2545 1713 2592 arcem
1760 2519 1955 2608 alter,
2000 2543 2147 2590 non
2186 2516 2263 2590 in
2302 2536 2531 2588 totum
2572 2541 2673 2588 sua

606 2637 856 2735 culpa:
896 2634 1185 2709 difficile
1227 2635 1362 2707 fuit
1394 2635 1667 2708 obstare
1710 2634 1883 2724 illis,
1927 2633 2049 2731 qui
2091 2654 2556 2706 convenerant
2588 2653 2675 2726 ty-

604 2749 868 2824 ranno³
908 2751 1178 2851 priore,
1223 2771 1290 2822 et
1323 2752 1518 2822 velut
1554 2749 1645 2823 ad
1685 2749 2044 2822 heredem.
2078 2750 2240 2819 Non
2282 2768 2475 2845 potes
2513 2768 2673 2818 tutus

603 2892 740 2937 esse
765 2867 836 2936 in
861 2892 942 2936 ea
956 2866 1221 2940 civitate
1236 2922 1256 2955 ‚
1287 2865 1359 2936 in
1383 2890 1524 2964 qua
1548 2863 1813 2936 timeris
1838 2893 1851 2936 :
1878 2861 2057 2935 nihil
2080 2861 2387 2959 cogitasti
2420 2887 2437 2931 t
2460 2862 2666 2945 timec,

601 2979 774 3051 dum
803 2979 1138 3054 innocens
1169 3008 1272 3054 es:
1305 3008 1565 3072 vereor,
1601 3007 1690 3053 ne
1712 2979 1768 3054 si
1796 2979 1951 3078 quis
1982 2999 2047 3051 te
2073 2977 2445 3066 occiderit,
2472 2976 2669 3050 videa·

598 3115 712 3166 tur
747 3093 1289 3192 tyrannicidium
1324 3093 1586 3169 fecisse.

677 3315 722 3349 ι.
769 3297 1017 3352 Petiisset.
1057 3299 1136 3351 Ex
1174 3299 1285 3371 Bip.
1330 3299 1609 3353 maluimus
1687 3299 1880 3353 sustin.
1924 3297 2006 3366 X,
2048 3317 2164 3370 cap.
2206 3296 2335 3349 ult.:
2382 3319 2404 3343 ιι
2424 3291 2667 3348 Hereditas

599 3394 700 3447 pro
731 3375 976 3446 periisset.
1694 3401 1717 3424 α
1737 3381 1884 3448 regni
1938 3375 2093 3432 Ocho
2155 3375 2365 3429 tradita.
2388 3400 2412 3424 n
2473 3375 2663 3426 sam.

674 3472 722 3506 2.
754 3453 990 3506 Gravior.
1016 3455 1286 3506 Graviora.
1314 3455 1533 3510 Scnnvr.
1692 3457 2176 3526 Quaeconvenerant
2189 3473 2309 3506 cum
2326 3447 2668 3524 otrannopn'o-

670 3531 721 3583 3.
748 3531 854 3602 Qui
873 3543 1222 3584 convenerant
1239 3541 1481 3604 tyranno.
1505 3535 1609 3608 Qui
1688 3555 1766 3601 re,
1794 3545 1852 3586 ut
1878 3533 2021 3587 velut
2048 3535 2117 3586 ad
2146 3533 2383 3588 heredem
2404 3529 2667 3604 (transierit

598 3623 950 3665 convenerant
991 3616 1205 3682 tyranni
1240 3616 1426 3684 prioris
1470 3616 1608 3670 velut
1685 3611 1957 3686 affectatio
1972 3607 2665 3686 tyrannam-&deffu-

599 3689 670 3742 σά
703 3689 956 3744 heredem.
987 3689 1048 3744 ld
1075 3705 1181 3758 est,
1223 3711 1603 3748 successorem.
1688 3705 1781 3747 tus.
1808 3691 1987 3747 AErod.
2013 3706 2145 3748 tuus.

1506 3932 1784 3946 ψ
