2855 4871
532 479 1373 547 DECLAMA‘moNES.
1419 481 1898 547 cccan.
2138 487 2259 569 427

162 626 288 678 aut
313 626 538 678 morte
567 605 846 678 alterius
873 633 888 676 τ
920 632 1150 705 neque
1185 604 1585 704 repudiavi,
1617 626 1687 679 et
1715 626 1897 678 certe
1919 605 2107 677 vivo:
2142 605 2263 677 sed

161 751 410 796 rumor
442 723 530 796 de
558 745 780 795 morte
803 725 1032 814 venit3
1069 721 1214 795 haec
1239 723 1474 794 statim
1504 723 1777 821 nupsit,
1812 722 1949 795 alio
1976 721 2265 794 marito:

163 839 344 938 quid
375 860 475 912 est
503 841 635 912 hoc
664 839 861 912 aliud
880 897 898 928 ,
933 866 1145 937 quam
1177 839 1566 940 improbius
1595 837 2061 911 adulterium?
2088 840 2263 909 Meae

162 953 380 1052 igitur
404 955 661 1054 nuptiae
687 975 1100 1028 manserunt
1116 1013 1135 1047 ,
1160 952 1294 1028 illae
1319 980 1464 1027 non
1495 955 1688 1026 fuere
1708 954 2071 1053 legitimae:
2100 953 2266 1052 legi-

161 1071 426 1142 timum
479 1096 682 1168 porro
728 1070 1254 1142 matrimonium
1281 1129 1299 1161 ,
1349 1070 1489 1141 nisi
1536 1069 1759 1142 soluto
1809 1069 2073 1170 priore,
2122 1095 2265 1141 esse

163 1210 310 1255 non
364 1204 582 1282 potest
617 1209 632 1254 :
679 1211 768 1256 an
813 1185 1142 1284 opinione
1175 1184 1478 1257 contenti
1524 1183 1815 1257 sumus?
1845 1187 1981 1255 Isto
2016 1209 2266 1282 genere

161 1299 446 1370 etiarnsi
489 1299 686 1372 caedis
721 1299 1065 1390 absolvar3
1115 1299 1449 1372 omnibus
1482 1319 1717 1370 tamen
1750 1297 2096 1398 periclitor
2132 1297 2267 1368 bo-

163 1414 320 1487 nis:
369 1416 628 1516 quippe
667 1436 1159 1488 testamentum
1204 1441 1446 1487 meum
1494 1414 1753 1487 lectum
1801 1434 1935 1504 est,
1985 1433 2051 1486 et
2096 1439 2268 1485 uxor

163 1529 492 1602 omnium
511 1530 859 1603 bonorum
879 1531 1076 1603 heres
1096 1531 1374 1602 inventa
1393 1549 1526 1602 est:
1555 1549 1623 1602 et
1647 1555 1773 1629 ego
1793 1529 2052 1601 scilicet
2070 1547 2269 1600 testa-

163 1665 408 1717 mento
437 1673 596 1719 meo
626 1645 1120 1720 exheredatus?
1153 1643 1344 1745 quod
1373 1645 1430 1718 si
1450 1643 1569 1745 jus
1598 1644 1870 1717 domini
1899 1665 2053 1743 post
2084 1644 2266 1717 hane

161 1760 579 1859 opinionem
619 1762 917 1854 retinui,
955 1760 1209 1834 retinui
1243 1759 1451 1832 etiam
1488 1757 1716 1831 mariti
1748 1785 1763 1830 ε
1800 1758 1979 1829 mihi
2015 1757 2103 1829 ad
2138 1757 2267 1829 de-

161 1877 556 1952 fensionem
589 1879 722 1954 hoc
754 1881 912 1953 satis
946 1901 1083 1972 est,
1117 1877 1316 1950 licuit
1343 1904 1358 1948 :
1397 1875 1669 1977 possitis
1696 1876 2087 1948 occisorum
2120 1875 2267 1946 for-

163 2013 340 2066 tasse
385 1993 730 2086 misereri,
777 1993 966 2093 quod
1004 1993 1269 2093 decepti
1311 2013 1508 2084 sunt,
1545 1992 1737 2092 quod
1768 1990 1923 2062 illos
1956 2015 2109 2090 spes
2142 2015 2270 2061 sua

161 2108 456 2181 fefellit:
493 2109 794 2183 adulteri
819 2131 1056 2183 tamen
1086 2111 1410 2201 fuerunt,
1446 2106 1717 2180 etiamsi
1752 2104 2261 2205 ignoraverunt.

159 2231 276 2296 An
309 2252 462 2325 ego,
499 2226 556 2297 si
592 2227 1018 2325 ignorassem
1040 2241 1088 2317 ¹,
1125 2225 1313 2325 quod
1341 2223 1611 2316 liceret,
1643 2247 1788 2295 non
1822 2217 2269 2310 occidissem?

163 2361 411 2414 utrum
459 2341 758 2416 domum
799 2369 1036 2416 meam
1081 2367 1228 2424 non
1275 2340 1380 2412 fui
1430 2335 1851 2413 intraturus?
1895 2349 2150 2408 an‘me
2192 2333 2266 2406 in

160 2534 286 2587 litiae
297 2537 654 2609 expeditione,
664 2553 756 2593 aut
769 2538 1062 2611 longinqua
1076 2536 1176 2589 alia

161 2618 500 2687 profectione
519 2619 776 2686 abfuerit,
801 2634 892 2672 aut
919 2631 1177 2691 quatenus

163 2694 418 2765 abfuerit,
434 2696 868 2769 quadriennium,
886 2701 1178 2771 quinquen-

157 2775 342 2841 nium,
369 2788 460 2829 aut
483 2780 818 2849 septennium
840 2800 852 2829 :
879 2791 932 2830 et
953 2776 1036 2829 vel
1053 2780 1177 2848 jure

160 2852 308 2905 civili
342 2853 424 2907 vel
464 2856 740 2926 pontificio
783 2870 1019 2923 utamur,
1064 2856 1176 2909 haee

159 2952 308 2985 nunc
325 2933 458 2986 nihil
474 2934 543 2986 ad
555 2936 694 2989 hanc
705 2936 1176 2989 Declamationem.

157 3013 258 3066 lua
293 3032 358 3067 ex
389 3016 497 3067 suis
529 3015 658 3069 locis
689 3019 800 3087 peti
831 3028 1084 3088 poterunt
1112 3034 1176 3066 ex

159 3091 216 3142 d.
241 3092 280 3157 l,
307 3110 527 3159 uxot-ee,
551 3114 613 3146 ex
639 3094 672 3146 Ι.
700 3113 847 3146 uxor.
867 3096 926 3147 C.
948 3093 1068 3146 eod.
1091 3097 1172 3146 tit.

159 3191 226 3224 ex
261 3190 402 3225 nova
431 3177 646 3227 constit.
681 3174 748 3227 de
775 3177 992 3246 nuptiis.
1027 3192 1090 3227 υ
1123 3184 1176 3226 et

166 3268 186 3301 ι
209 3268 268 3318 ¹7
315 3252 372 3301 in
414 3272 494 3305 ex.
533 3273 652 3326 cap.
695 3256 750 3307 in
792 3257 1065 3326 praesentia
1107 3253 1174 3325 do

157 3331 405 3401 sponsal.
430 3347 484 3386 et
505 3338 808 3387 niatu-imon.
832 3336 900 3387 At
920 3335 1010 3387 hic
1035 3326 1178 3407 qua·-

157 3416 306 3465 ritur
346 3411 454 3482 (de
500 3432 607 3484 quo
655 3414 798 3486 apud
838 3416 972 3486 jur-is
1013 3414 1179 3465 nostri

159 3493 484 3562 interpretes
519 3510 708 3563 magna
747 3496 1018 3545 contentio
1061 3506 1136 3544 est
1158 3492 1180 3563 )

159 3590 336 3643 quum
381 3588 598 3644 accepta
639 3588 810 3627 morte
851 3576 944 3627 viri
965 3612 982 3640 ‚
1023 3573 1180 3627 liceat

157 3652 321 3703 uxori
340 3652 494 3704 alteri
511 3652 740 3720 nubere,
760 3672 828 3705 an
848 3653 915 3705 ad
935 3652 1040 3705 hoc
1065 3654 1179 3707 sola

159 3733 308 3783 fama
321 3770 340 3798 ,
358 3750 462 3784 vox
485 3734 782 3785 communis
801 3746 852 3785 et
871 3750 1052 3784 rumor
1072 3734 1180 3785 suf-

159 3814 342 3880 fidat,
365 3824 428 3865 ut
454 3812 578 3865 hinc
607 3826 753 3866 certa
778 3826 830 3865 et
851 3827 933 3865 sat
954 3813 1180 3886 probata

157 3912 310 3946 mors
339 3895 514 3945 mariti
543 3893 648 3947 dici
674 3896 860 3965 possit.
884 3893 1016 3961 Quae
1037 3896 1179 3947 varie

157 3993 194 4025 a
218 3975 380 4025 vau-iia
405 3984 704 4025 tractantur
724 3975 776 4025 in
798 3973 834 4025 1.
859 3992 917 4040 2,
939 3976 990 4042 s.
1017 3976 1061 4027 si
1083 3973 1181 4025 du-

159 4054 384 4117 bitetur,
409 4054 471 4105 ff.
495 4053 736 4126 quemad.
762 4067 876 4106 test.
905 4072 1050 4125 aper.
1076 4052 1181 4105 sed

161 4152 250 4184 me
287 4132 618 4186 Declamatio
647 4131 758 4185 haec
791 4135 1091 4203 persuasit,
1119 4145 1181 4183 ut

162 4232 352 4265 eorum
376 4214 701 4267 sententiam
723 4230 990 4285 sequerer,
1011 4214 1104 4285 qui
1125 4212 1184 4264 il-

1257 2533 1350 2587 lud
1371 2533 1597 2606 amplius
1616 2534 1671 2586 in
1690 2549 1901 2586 rumore
1922 2543 1975 2583 et
1988 2530 2129 2581 fama
2146 2546 2269 2579 con·

1258 2616 1524 2682 siderant,
1548 2634 1619 2667 an
1644 2616 1818 2666 statim
1841 2612 2083 2684 profecto
2110 2609 2266 2659 mari-

1258 2708 1343 2761 to,
1368 2713 1553 2746 rumor
1576 2692 1666 2744 ille
1692 2706 1837 2745 ortus
1860 2693 1927 2743 sit
1948 2713 1961 2741 :
1993 2707 2061 2740 an
2092 2688 2265 2740 statim

1256 2794 1390 2828 uxor
1407 2775 1559 2827 alteri
1577 2773 1841 2843 nupserit,
1858 2768 2169 2838 nullumque
2182 2785 2269 2818 re-

1255 2856 1467 2929 liquerit
1488 2851 1791 2907 rumoribus
1815 2863 2053 2922 tempus,
2070 2864 2175 2922 quo
2193 2864 2267 2900 se·

1255 2948 1519 2989 noscerent
1536 2975 1553 3002 ‚
1596 2946 1655 2986 ut
1697 2932 1869 3004 inquit
1904 2930 2119 2983 Tacitus
2138 2966 2154 2995 ,
2199 2938 2268 2979 an

1255 3016 1388 3071 nihil
1423 3030 1676 3088 praeterea
1711 3014 2126 3086 pretermiserit,
2156 3028 2269 3082 quo

1254 3092 1473 3149 aliunde
1496 3095 1768 3147 certiorari
1789 3102 1987 3166 posset.
2016 3092 2103 3143 Ait
2128 3090 2268 3141 enim

1253 3174 1343 3227 hic
1369 3174 1767 3241 Quintilianus:
1811 3194 1833 3217 ι
1852 3170 1955 3225 Sed
1987 3185 2171 3221 rumor
2200 3166 2267 3218 do

1261 3274 1285 3300 a
1303 3266 1475 3304 morte
1510 3253 1683 3303 venit:
1726 3248 1839 3303 haec
1877 3248 2053 3302 statim
2091 3246 2268 3315 nupsit

1263 3354 1288 3378 α
1307 3331 1412 3383 alio
1432 3333 1639 3383 marito.
1664 3352 1689 3377 ι»
1710 3332 1779 3383 Et
1798 3342 2006 3399 postea:
2036 3348 2058 3371 ι
2072 3322 2269 3375 Audita

1263 3434 1286 3458 c·
1305 3426 1478 3465 morte
1498 3413 1701 3477 mariti,
1726 3430 1833 3463 non
1856 3408 2151 3479 inquisivit,
2176 3404 2269 3457 nbi

1262 3514 1288 3538 οι
1310 3495 1600 3563 periissem.
1623 3516 1646 3540 a
1672 3492 1803 3559 Quae
1819 3490 2011 3541 iterum
2028 3500 2139 3537 tum
2160 3486 2267 3537 cito

1257 3570 1443 3637 nubit,
1468 3589 1581 3622 non
1606 3572 1723 3623 sine
1750 3566 1937 3639 probri
1964 3564 2268 3635 suspicione

1259 3650 1429 3703 nubit.
1474 3652 1594 3719 Qua
1638 3649 1844 3699 ratione
1883 3644 2055 3697 Julius
2098 3644 2269 3697 caesar

1261 3731 1517 3802 quasdam
1564 3731 1776 3799 nuptias
1824 3726 2031 3779 diremit
2051 3762 2068 3790 ,
2110 3725 2267 3775 etiam

1259 3829 1424 3883 quum
1454 3811 1803 3881 praecessisset
1826 3805 2127 3859 divortium.
2153 3803 2265 3853 AElt.

1258 3894 1503 3945 -Morte
1516 3888 1745 3943 alterius.
1762 3886 2096 3949 Alter-utrius,
2112 3886 2270 3936 Fran-

1261 3974 1371 4024 cius
1409 3971 1647 4043 legebam
1686 3982 1735 4021 et
1774 3984 1895 4019 mox
1912 4004 1928 4031 ,
1966 3963 2138 4035 nupsit
2170 3962 2271 4015 alic·

1259 4052 1469 4105 marito.
1497 4052 1694 4121 Nupsit
1710 4087 1727 4115 ,
1756 4046 1865 4099 alio
1888 4046 2078 4099 marito
2093 4084 2112 4112 ,
2135 4043 2266 4099 Obr.

1343 4151 1386 4185 ι.
1421 4132 1509 4184 An
1528 4133 1571 4185 si
1594 4132 1921 4205 {quor-assem·
1946 4127 2033 4182 An
2066 4146 2192 4203 eqo,
2226 4128 2271 4181 εἰ

1261 4216 1592 4287 {quon-assent.
1614 4212 1830 4267 Senot-r.
