2855 4871
667 351 1505 487 DECLAMATfONES.
1552 424 1813 491 cccv.
2205 432 2289 515 49

209 686 480 709 mmm
488 688 680 707 utm
694 689 779 708 §⁸ss
787 688 2293 719 uxmmmffm'mmmmwmmv

1071 872 1416 971 CCLv.

819 1141 1218 1239 Transfuqoe
1255 1118 1679 1214 excludendi.

207 1348 373 1407 {nter
400 1347 550 1407 duas
581 1348 858 1407 civitates
885 1346 1122 1408 bellum
1154 1361 1312 1409 erat:
1353 1348 1422 1407 in
1454 1347 1711 1408 alteram
1747 1348 1928 1411 multi
1962 1350 2297 1433 transfugae

455 1444 822 1506 veniebant:
852 1444 974 1505 fert
998 1445 1254 1527 quidam
1282 1445 1514 1527 legem,
1540 1468 1619 1507 ne
1641 1448 2031 1531 recipiantur.

1067 1633 1431 1700 SERMO.

291 1796 588 1859 Proxime
624 1791 709 1861 ad
745 1794 1070 1859 suasorias
1105 1790 1359 1859 accedit
1401 1792 1532 1857 hoc
1569 1817 1814 1883 genus:
1854 1819 2006 1861 nam
2048 1812 2117 1861 et
2148 1820 2295 1863 sua-

203 1901 516 1965 soriarum
537 1950 554 1981 ,
590 1915 661 1963 et
689 1897 852 1987 legis
887 1899 1102 1964 suasio
1142 1914 1208 1963 et
1241 1897 1563 1965 dissuasio
1608 1894 1725 1966 est.
1770 1902 1946 1991 Ergo
1979 1901 2156 1968 dicet
2202 1904 2255 1969 is
2278 1954 2295 1981 ‚

203 2008 314 2096 qui
339 2006 556 2096 legem
588 2006 795 2087 feret,
825 2029 960 2070 non
993 2028 1136 2071 esse
1164 1988 1521 2073 honestum
1554 2004 1852 2098 recip'ere
1889 2000 2293 2098 transfugaS,

203 2112 359 2177 nihil
397 2113 754 2202 prodesse:
795 2112 1070 2179 forsitan
1099 2112 1184 2178 ad
1211 2116 1412 2179 finem
1444 2116 1605 2179 beni
1630 2126 1672 2178 ¹.
1712 2118 2058 2181 Summum
2091 2115 2256 2183 illud
2276 2170 2293 2201 ,

201 2238 471 2312 propter
497 2221 682 2313 quod
718 2221 826 2286 lex
855 2223 1086 2302 fertur,
1122 2221 1569 2311 periculosum
1603 2246 1767 2291 esse.

903 2420 1595 2488 DECLAMATIO.

293 2579 580 2652 Etiamsi
615 2569 768 2651 non‘
793 2598 969 2650 esset
998 2578 1072 2649 in
1104 2606 1185 2650 eo
1217 2600 1395 2652 statu
1432 2559 1732 2670 Bellum,
1759 2603 1838 2653 ut
1860 2581 2148 2655 honesta
2177 2575 2295 2655 co?-

199 2697 418 2796 gitare
445 2716 754 2768 vacaret:
802 2695 907 2767 vel
946 2722 1108 2767 cum
1147 2695 1458 2794 periculo
1496 2717 1765 2786 tamen,
1804 2697 2071 2794 optima
2105 2719 2171 2769 et
2202 2697 2295 2770 ad

197 2814 469 2884 famam
496 2811 674 2884 itura
697 2810 934 2883 fecisse
953 2869 972 2901 ‚
1015 2812 1294 2883 fortasse
1329 2810 1688 2884 honestius
1714 2812 1889 2884 foret
1911 2870 1929 2901 ,
1974 2839 2190 2911 quam
2217 2835 2295 2885 ut

197 2925 465 2999 obstare
507 2925 768 3000 utilitas
807 2925 1198 2998 videretur:
1245 2953 1436 2997 nunc
1498 2927 1736 2997 minus
1770 2924 2030 3017 laudis,
2067 2927 2292 3000 immo

196 3041 356 3142 plus
391 3063 626 3114 tamen
654 3040 1036 3114 securitatis
1064 3060 1196 3130 est,
1227 3039 1517 3112 honesta
1549 3040 1794 3112 facere.
1825 3043 2052 3113 Nemo
2084 3043 2297 3140 igitur

197 3157 615 3230 dubitaverit
645 3156 1076 3257 turpissimos
1111 3181 1291 3244 esse,
1327 3155 1450 3255 qui
1482 3157 1998 3254 transfugerint.
2036 3159 2299 3256 Specte-

195 3301 358 3346 mus
382 3274 574 3345 enim
607 3299 756 3345 rem
783 3273 1004 3372 ipsam
1019 3329 1038 3362 ‚
1061 3299 1290 3370 neque
1311 3298 1392 3343 eo
1414 3269 1882 3373 decipiamur,
1909 3272 2100 3370 quod
2121 3273 2295 3346 utile

191 3387 504 3461 videtur:
533 3386 747 3461 hostis
771 3408 901 3479 est,
920 3387 1042 3487 qui
1063 3387 1258 3459 facit:
1288 3386 1489 3458 aliter
1516 3387 2021 3460 constituamus
2036 3446 2056 3476 ,
2077 3415 2297 3487 quam

197 3527 278 3578 ut
295 3505 800 3604 intelligamus²
813 3504 1116 3603 potuisse
1130 3502 1262 3574 hoc
1278 3523 1349 3574 et
1363 3524 1633 3575 nostros
1647 3503 1891 3574 facere.
1911 3506 2295 3602 Nunquam

195 3623 482 3723 prodest
496 3622 766 3695 malum
781 3621 1180 3720 exemplum
1198 3647 1212 3692 :
1229 3621 1500 3694 etiamsi
1516 3621 1589 3693 in
1608 3620 1922 3719 praesenti
1939 3621 2301 3694 occasione

197 3737 513 3836 quadam
533 3738 830 3810 delectat
846 3795 866 3827 ‚
895 3737 966 3808 in
991 3738 1310 3809 futurum
1339 3757 1576 3808 tamen
1597 3737 1805 3808 altius
1830 3757 2053 3808 nocet.
2074 3736 2299 3807 Proxi-

197 3881 356 3926 mos
404 3855 726 3927 existimo
761 3880 902 3956 esse
949 3881 1061 3926 eos
1113 3853 1493 3952 tranfugis‚
1536 3880 1578 3924 a
1621 3853 1880 3952 quibus
1929 3851 2297 3950 transfugae

281 4024 328 4058 1.
353 4005 622 4080 Adfinem
645 4007 786 4060 belli.
817 4007 905 4059 Ad
918 4006 972 4078 f.
1004 4007 1048 4058 b.
1081 4008 1210 4059 reci-
1295 4017 1504 4058 mamus
1516 4012 1837 4070 causam,·ut
1852 4012 1905 4054 et
1920 3999 2295 4072 intelliqamus.

191 4085 439 4158 pie-udos.
463 4088 644 4140 AEnou.
1293 4075 1869 4129 Senum—Occasione
1882 4073 2129 4144 quadam.
2143 4074 2303 4124 Fran·

279 4186 328 4220 2.
353 4167 524 4239 Quam
543 4182 604 4222 ut
620 4166 994 4240 intelligamus.
1017 4166 1215 4220 Constt'-
1293 4161 1406 4212 cius
1424 4157 1656 4211 malebat
1672 4153 1941 4229 quiddam·

423 4258 472 4309 s.
2018 4250 2055 4316 4
