2855 4871
618 484 736 549 182
1111 490 1205 553 M.
1251 487 1505 551 FABII
1550 486 2187 569 QUINTILIANI

615 606 754 679 duo
784 609 1082 683 vindicas
1115 611 1400 710 praemia
1431 608 1453 699 ξ
1495 629 1573 681 ut
1607 636 1735 681 nec
1772 634 2055 681 causam
2092 609 2319 701 dicas,
2366 630 2435 683 et
2473 609 2673 681 homi-

612 748 780 795 nem
813 727 1122 799 occidas:
1162 752 1324 824 ergo
1359 752 1503 797 non
1535 725 1771 823 utique
1802 725 2389 823 comprehensum
2426 725 2503 796 in
2534 750 2673 825 prae·

612 840 754 910 mio
783 862 882 913 est
898 898 915 931 ,
949 842 1179 913 statim
1206 840 1514 914 occidere
1540 868 1555 912 z
1583 860 1653 912 et
1673 840 1945 939 quoties
1967 840 2248 913 nullum
2272 841 2674 939 praefinitum

614 978 714 1027 est
744 979 1023 1065 tempus
1042 1015 1060 1048 ,
1088 958 1331 1056 incipit
1363 984 1508 1030 esse
1543 958 1619 1029 in
1644 977 1973 1056 potestate
2003 958 2251 1030 dantis.
2282 958 2355 1031 Si
2384 958 2676 1029 abolitio-

613 1096 777 1143 nem
826 1068 1388 1172 petis,'alterum
1435 1072 1819 1173 praemium·
1848 1094 1947 1145 est
1986 1100 2001 1145 :
2056 1094 2122 1145 et
2165 1072 2365 1174 cujus
2412 1073 2673 1144 tandem

599 1186 857 1288 judicii
892 1191 1071 1288 petis
1099 1189 1594 1263 abolitionem?
1624 1217 1769 1262 non
1802 1191 2067 1289 privata
2094 1190 2490 1291 disceptatio
2514 1189 2677 1262 venit

611 1302 684 1375 in
732 1304 1223 1403 quaestionem,
1278 1332 1422 1377 non
1470 1304 1784 1404 pecuniae
1831 1303 2001 1376 lis¹z
2052 1330 2491 1404 quamquam
2535 1325 2677 1376 tunc

615 1444 896 1519 quoque
943 1420 1125 1519 leges
1173 1420 1779 1511 commendarem,
1826 1441 1899 1493 et
1941 1447 2210 1493 morem
2242 1420 2675 1521 judiciorum.

611 1536 715 1606 Ne
761 1537 982 1633 agaris
1030 1565 1222 1629 reus,
1273 1538 1622 1637 postulas:
1669 1536 1761 1610 ad
1795 1564 2153 1610 summam
2195 1536 2677 1638 rempublicam

615 1653 911 1751 pertinet
938 1682 952 1726 :
992 1656 1144 1728 dico
1174 1655 1529 1755 proditum
1553 1655 1897 1755 populum
1916 1712 1935 1746 ,
1962 1655 2118 1727 dico
2150 1675 2427 1756 tempus
2456 1652 2678 1726 consti-

614 1789 886 1842 tutum:
924 1772 1342 1869 quantulum
1381 1771 1511 1863 est,
1548 1794 1627 1845 ut
1655 1770 1904 1871 neges?
1944 1772 2013 1844 Si
2046 1771 2346 1843 maxime
2388 1770 2677 1856 festinas,

614 1887 803 1987 apud
845 1888 972 1962 hos
1019 1890 1200 1990 ipsos
1241 1889 1352 1989 agi
1389 1888 1539 1990 jam
1580 1890 1810 1989 potuit
1845 1916 1859 1961 ε
1904 1914 1984 1960 ac
2023 1888 2268 1960 eadem
2308 1886 2443 1958 hac
2474 1912 2677 1971 mora,

615 2028 760 2104 qua
791 2002 1176 2104 rejicimus,
1212 2004 1443 2105 potuit
1482 2004 1949 2104 pronunciari.
1992 2003 2188 2076 Nihil
2222 2023 2355 2093 est,
2392 2001 2579 2099 quod
2606 1998 2680 2069 ti-

616 2144 806 2189 meas
829 2176 848 2209 ,
877 2121 932 2192 si
962 2120 1296 2193 innocens
1335 2147 1443 2193 es:
1476 2120 1753 2193 accessit
1778 2119 1905 2191 tibi
1938 2146 2195 2219 magna
2224 2145 2378 2219 pars
2408 2114 2681 2217 patroci-

618 2230 762 2303 nii:
798 2232 1062 2305 fortiter
1087 2233 1348 2305 fecisti:
1385 2260 1595 2333 super
1625 2232 1820 2305 illam
1850 2234 2231 2333 potentiam
2266 2220 2679 2317 divitiarum,

617 2348 810 2418 venit
835 2374 1011 2421 nova
1036 2351 1288 2449 gratia:
1319 2377 1447 2422 nec
1476 2350 1761 2451 potuisti
1784 2350 2005 2450 magis
2026 2349 2351 2450 experiri,
2373 2367 2681 2449 quantam

619 2464 748 2535 tibi
797 2467 1087 2564 gratiam
1133 2468 1373 2540 fecerit
1419 2469 1546 2540 ista
1592 2466 1841 2539 militia
1887 2494 1901 2537 :
1957 2489 2255 2539 mortem
2300 2462 2681 2538 accusatoris

621 2579 930 2679 accipere
956 2581 1238 2682 potuisti
1265 2611 1278 2654 :
1307 2581 1477 2682 quid
1501 2602 1600 2653 est
1616 2581 1795 2654 istud
1812 2639 1829 2672 ‚
1856 2583 2047 2682 quod
2071 2609 2216 2654 non
2240 2603 2439 2682 putas
2463 2578 2681 2652 eadem

623 2695 838 2792 gratia
868 2695 1222 2796 impetrari
1252 2724 1453 2798 posse
1490 2717 1684 2769 tuam
1720 2696 2057 2769 salutem?

1492 2901 1853 2969 SEBMO.

712 3053 791 3118 In
815 3077 1182 3122 summum²
1207 3076 1435 3150 aperte
1454 3081 1646 3148 paene
1671 3061 1833 3124 irate
1856 3057 2015 3125 dicit
2036 3057 2144 3124 hic
2162 3073 2530 3126 accusator:
2556 3075 2683 3118 nam

629 3159 912 3228 subinde
936 3163 1318 3254 interponit.

1335 3358 2023 3425 DECLAMATIO.

730 3511 802 3584 Si
836 3507 1039 3583 vultis
1059 3568 1077 3601 ,
1113 3511 1167 3583 si
1198 3534 1420 3586 vestra
1454 3513 1772 3606 interest,
1808 3515 1980 3616 quid
2013 3515 2102 3586 ad
2130 3539 2279 3606 me,
2312 3515 2436 3612 qui
2467 3513 2689 3615 peritu-

553 3643 556 3650 '
635 3653 748 3702 rus
771 3627 1170 3720 sum?VoS‚
1201 3632 1494 3724 suadeo,
1529 3635 1859 3707 caveatis:
1888 3654 1957 3706 et
1982 3633 2240 3705 suadeo
2274 3627 2687 3732 permittatis»,

711 3825 756 3862 1.
775 3807 1018 3861 Pecunioe
1031 3807 1111 3862 lis.
1133 3810 1453 3879 Pecttnialn‘s,
1470 3831 1635 3884 marg.
1721 3811 1867 3886 quod
1896 3814 2151 3884 nequitur,
2186 3829 2312 3862 nam
2342 3808 2564 3864 subinde.
2590 3807 2687 3862 An,

639 3890 822 3945 AErod.
1718 3917 1751 3948 a
1774 3908 1924 3967 parte
1942 3914 2038 3949 sua
2062 3895 2229 3947 irate?
2252 3893 2471 3946 Senum.
2494 3891 2555 3942 In
2570 3901 2687 3970 sum.-

709 3990 758 4024 α.
783 3973 852 4024 In
873 3991 1148 4026 summum.
1173 3972 1260 4026 Ad
1273 3993 1561 4042 summum,
1581 3987 1642 4027 ut
1720 3995 1863 4027 mam
1894 3987 2087 4047 apertoe
2114 3990 2285 4046 poenoe
2312 3972 2443 4026 irate
2472 3970 2589 4021 dicit
2617 3963 2689 4014 Μ·

639 4071 790 4124 saepo.
809 4055 920 4120 An,
949 4057 1128 4109 omnia
1143 4075 1406 4109 summum
1427 4054 1521 4125 (id
1542 4069 1639 4122 est,
1720 4071 1985 4111 aecusator
2022 4075 2146 4110 nam
2190 4055 2401 4108 subinde
2440 4043 2689 4120 immoni·

637 4131 884 4202 tandem)
904 4147 1077 4206 aperte
1098 4153 1160 4187 ac
1175 4153 1327 4207 poene
1351 4136 1482 4187 imte
1500 4135 1639 4188 dicit.
1720 4151 1832 4204 tur,
1870 4136 2063 4190 AErod„
2092 4137 2160 4189 In
2198 4153 2403 4190 summa
2442 4133 2496 4184 in
2534 4132 2687 4198 opem

645 4212 836 4265 Omnia
879 4215 1218 4268 inserendum
1273 4231 1495 4288 propter
1548 4217 1603 4268 id
1624 4255 1641 4284 ,
1717 4235 1901 4289 poena,
1926 4233 2092 4286 marg.
