2855 4871
596 407 1438 490 DECLAMATIONES.
1483 419 1872 484 CCLVIII.
1913 431 1920 446 '
2195 417 2281 504 59

208 576 355 622 mus
385 549 503 622 iste
544 547 635 621 ad
674 548 1275 622 contemnendum
1318 546 1632 646 pericula
1664 567 1972 648 paratus,
2007 570 2090 617 ex
2121 569 2281 616 meo

205 663 428 736 fluxit:
468 690 596 763 ego
614 685 681 736 te
704 663 827 736 diu
852 662 1207 763 praeceptis
1232 661 1367 735 feci
1390 662 1624 734 virum
1649 662 1933 752 fortem,
1969 659 2317 761 proxime·
2372 741 2378 756 .

204 779 475 876 quidem
493 781 707 854 etiam
723 780 1065 880 exemplo.
1078 782 1736 878 Quantumcunque
1753 779 1842 852 sit
1853 778 2038 851 istud
2052 834 2071 867 ‚
2093 775 2282 877 quod

205 916 381 992 peto,
430 924 576 970 non
603 897 909 972 indicare
943 897 1103 970 satis
1127 917 1261 988 est,
1284 923 1444 992 'non
1470 894 1904 971 desiderium
1927 895 2284 993 pervenire

206 1010 273 1080 in
302 1011 615 1086 notitiam
658 1035 857 1087 tuam
904 1011 1192 1103 sufficit,
1234 1011 1373 1084 nisi
1417 1037 1652 1110 preces
1686 1005 2112 1082 adhibuero?
2153 1007 2284 1080 nisi

204 1128 659 1202 auctoritatem
675 1149 1033 1230 paternam
1052 1125 1502 1200 summisero?
1526 1124 1834 1204 multum
1853 1149 2252 1226 peccaveras
2265 1179 2283 1210 ,

202 1241 452 1316 etiamsi
500 1244 943 1346 praestitisses.
991 1247 1197 1318 Nunc
1240 1269 1400 1320 vero
1457 1242 1631 1342 quid
1687 1270 1728 1314 a
1785 1263 1852 1314 te
1906 1237 2288 1341 petieram?

204 1378 274 1429 ut
298 1360 471 1432 mihi
510 1362 799 1461 proemio
833 1361 1149 1434 cederes:
1187 1385 1333 1432 non
1367 1359 1520 1448 dico
1563 1359 1736 1460 quid
1777 1359 1990 1432 fuerit
2023 1377 2286 1430 secutu-

204 1500 367 1546 rum.
411 1477 596 1550 Sane
630 1477 727 1550 ita
756 1478 844 1550 sit
884 1478 1253 1550 constituta
1282 1475 1421 1568 lex,
1454 1497 1534 1550 ut
1571 1477 1646 1549 in
1683 1476 1958 1577 judicio
1994 1494 2288 1546 conten-

202 1589 465 1684 damus,
500 1614 578 1665 ut
600 1593 767 1668 citra
789 1595 1182 1694 periculum
1211 1595 1470 1667 feratur
1505 1593 1594 1667 de
1622 1612 1851 1666 nostra
1872 1593 2120 1664 virtute
2138 1617 2288 1664 sen·

203 1705 437 1796 tentia3
468 1734 619 1780 non
648 1729 792 1782 erat
815 1735 1097 1808 aequum
1123 1709 1366 1784 cedere
1397 1730 1462 1783 te
1480 1768 1499 1801 ‚
1532 1731 1610 1782 ut
1637 1735 1786 1782 non
1811 1707 2044 1782 dicam
2077 1705 2286 1806 patri,

202 1820 373 1893 seni?
418 1823 555 1908 tibi
604 1826 1080 1926 approbandae
1111 1827 1380 1900 virtutis
1429 1829 1656 1901 multa
1686 1847 1998 1925 tempora
2039 1849 2286 1922 super-

202 1959 381 2012 sunt:
418 1961 501 2014 tu
542 1967 821 2042 sperare
854 1943 928 2016 id
950 2001 971 2036 ‚
1019 1945 1209 2043 quod
1242 1944 1456 2018 hodie
1499 1945 1814 2033 cesseris,
1847 1963 2074 2042 potes:
2111 1940 2287 2014 mihi

204 2051 484 2132 indulsit
506 2059 791 2132 fortuna
812 2060 1005 2135 hunc
1030 2088 1444 2162 supremum
1470 2063 1834 2136 h'onorem.
1863 2062 2056 2133 Inter
2077 2079 2292 2132 extra·

204 2197 353 2244 neos
378 2200 669 2274 qnoque
702 2198 769 2249 et
796 2176 1065 2252 alienos
1098 2200 1199 2252 est
1228 2179 1518 2280 aliquod
1552 2177 1992 2281 privilegium
2033 2174 2242 2248 aetatis
2271 2201 2285 2245 ε

204 2284 484 2364 honores
514 2291 705 2390 prior
726 2312 1073 2391 peterem:
1100 2294 1191 2368 ad
1212 2297 1640 2396 signandum
1665 2295 2067 2387 advocatus,
2103 2291 2293 2392 prior

206 2428 504 2503 rogarer:
552 2405 627 2479 in
656 2406 768 2481 his
797 2408 1008 2483 etiam
1042 2409 1361 2493 minimis
1394 2411 2031 2502 observationibus,
2071 2407 2288 2481 inhu-

206 2545 395 2595 mane
447 2548 595 2595 non
649 2524 925 2599 cederes
974 2525 1316 2611 honorem
1357 2528 1610 2606 lateris.
1677 2532 1824 2629 Age
1879 2553 2039 2599 vero
2067 2582 2086 2615 ‚
2145 2549 2289 2595 non

204 2658 429 2733 praeter
462 2636 599 2710 hoc
631 2640 843 2733 etiam
874 2640 1157 2741 dignior
1182 2644 1472 2744 proemio
1499 2646 1637 2718 fuit
1666 2645 1876 2719 virtus
1909 2637 2116 2715 mea?
2145 2663 2286 2712 non

204 2771 294 2822 est
311 2772 453 2824 tam
472 2751 913 2850 admirabile,
939 2782 1165 2856 quum
1184 2759 1452 2833 fortiter
1473 2760 1607 2851 faci
1616 2757 1926 2861 tjuvenis
1946 2785 1961 2828 ε
1981 2755 2116 2828 hoc
2131 2764 2290 2826 aetas

202 2868 483 2964 postulat
502 2928 523 2961 ,
568 2870 703 2945 hoc
742 2874 959 2947 robur
993 2874 1297 2975 juventae
1344 2877 1614 2975 poscit:
1662 2900 1865 2976 pene·
1906 2894 2107 2971 turpe
2147 2890 2250 2943 est
2271 2928 2289 2959 ‚

205 3007 333 3054 non
370 2985 639 3059 fecisse:
682 2986 816 3060 hoc
863 3010 962 3061 est
997 2990 1266 3063 honore
1310 2990 1594 3090 dignius
1638 2989 1878 3079 vicisse
1917 3012 2172 3077 annos,
2225 3006 2293 3058 et

204 3094 373 3169 ultra
408 3119 679 3174 aetatem
711 3101 1037 3179 durantes
1078 3131 1280 3206 agere
1314 3108 1618 3180 virtutes.
1655 3108 1758 3179 Eo
1795 3125 2108 3204 tempore
2140 3102 2290 3173 for-

206 3208 347 3283 titer
374 3214 503 3286 feci
527 3272 547 3305 ,
594 3242 737 3315 quo
764 3220 917 3319 cogi
952 3246 1097 3293 non
1135 3248 1448 3320 possem,
1482 3243 1560 3294 ut
1591 3221 1986 3294 militarem.
2031 3218 2289 3290 Utrum

204 3326 468 3401 tandem
489 3330 594 3401 vis
616 3358 963 3433 magnum
983 3363 1126 3409 esse
1143 3392 1163 3427 ‚
1188 3338 1379 3434 qnod
1400 3365 1529 3437 ego
1554 3338 1715 3425 feci,
1737 3364 1828 3409 an
1850 3334 2090 3407 minus
2111 3358 2257 3405 esse
2271 3389 2290 3421 ,

206 3442 377 3535 quod
402 3466 479 3518 tu
502 3446 766 3520 fecisti?
792 3449 1155 3523 videamus
1179 3478 1373 3525 nunc
1398 3453 1582 3525 haec:
1611 3452 1768 3552 quis
1794 3450 2008 3525 fuerit
2031 3468 2294 3520 secutu-

210 3580 312 3627 rus
345 3560 601 3633 exitus:
641 3563 697 3635 si
734 3563 809 3635 in
845 3563 979 3638 ista
1016 3568 1463 3654 contentione
1504 3566 1811 3669 praemii,
1841 3565 2032 3638 idem
2068 3562 2291 3635 animi

210 3698 321 3771 ego
354 3705 638 3778 quoque
672 3682 1115 3776 habuissem,
1150 3686 1363 3759 armis
1390 3682 1968 3759 contendendum
1999 3701 2183 3753 erat:
2227 3701 2294 3752 et

200 3830 355 3899 fed-“1⁰
376 3840 553 3895 robore
570 3854 624 3895 et
639 3859 851 3915 corpore
872 3846 965 3897 tuo
980 3884 998 3910 ,
1022 3864 1201 3899 meum
1288 3870 1311 3897 ι
1328 3848 1458 3913 isto,
1481 3864 1660 3901 meum
1681 3860 1777 3901 est.
1799 3867 1824 3892 ι
1851 3844 1923 3896 Ut
1951 3856 2004 3895 et
2025 3858 2160 3894 vers.
2193 3838 2290 3908 173

210 3923 286 3963 est.
322 3916 537 3973 Senum.
582 3920 746 3974 Color
783 3921 977 3977 ductus
1020 3938 1099 3977 est
1135 3943 1201 3977 a
1278 3927 1484 3983 dixerat
1509 3950 1524 3980 :
1564 3953 1587 3976 .
1607 3926 1768 3998 Quod
1804 3924 1998 3979 Theboe
2019 3918 2290 3985 cecidere,
2360 3924 2366 3940 ¹

212 3990 297 4047 5¹5⁸
326 3998 481 4053 Ulixi·
515 4002 664 4075 apud
694 4004 849 4057 Ovid.
884 4004 1015 4059 Met.
1044 4004 1199 4076 ΧΠΓ,
1284 4030 1308 4057 ι
1328 4028 1504 4063 meum
1521 4021 1616 4061 est.
1634 4032 1658 4056 ι
1676 4008 1860 4075 Quare
1871 4002 2126 4074 legerem:
2143 4000 2295 4070 Quod

214 4071 304 4127 ²35
320 4098 330 4126 ²
356 4100 377 4123 '¹
394 4081 661 4155 Tempore
678 4081 748 4135 ab
768 4082 872 4137 hoc
884 4124 902 4152 ,
922 4085 1201 4158 quodcun-
1269 4090 1493 4161 fortiter
1498 4089 1682 4162 fecisti
1689 4128 1710 4157 ,
1728 4103 1906 4139 meum
1925 4094 2026 4149 est,
2045 4084 2190 4159 quod
2210 4100 2292 4135 ro-

222 4172 243 4195 ·
261 4172 351 4227 que
368 4176 543 4233 potest
567 4162 761 4219 fecisse
780 4166 945 4221 videri
972 4169 1201 4222 Fortiter
1282 4170 1415 4223 boris
1443 4180 1494 4221 et
1517 4168 1735 4240 pectoris
1758 4164 1850 4219 tibi
1870 4174 1972 4230 est,
2003 4182 2179 4217 meum
2203 4172 2288 4215 est.
