2855 4871
591 486 1430 582 DECLAMATIONES.
1478 488 1857 554 ccxcvl.
2152 490 2269 569 187

167 608 406 701 aliud,
437 636 654 709 quam
686 630 766 682 ut
802 630 864 682 te
891 608 1169 682 abdicet
1202 608 1579 709 indulgens
1609 608 1845 709 pater?
1874 608 2047 708 quid
2083 608 2275 681 enim

167 749 271 799 est
293 728 643 829 parasitus
662 786 680 818 ‚
708 727 839 799 nisi
871 754 1101 800 comes
1128 726 1507 798 vitiorum?
1538 725 1913 826 turpissimi
1942 696 2295 829 cujusque⁸

165 845 335 915 facti
377 842 742 917 laudator?
781 869 1010 914 unum
1056 863 1292 914 tamen
1333 841 1695 916 videbatur
1730 869 1873 915 esse
1916 841 2278 931 solatium,

170 956 366 1057 quod
401 957 750 1061 ejusmodi
777 958 949 1047 vita,
988 956 1075 1029 ad
1106 957 1569 1030 homicidium
1602 985 1821 1056 usque
1856 984 1998 1030 non
2036 983 2281 1055 perve-

173 1073 376 1145 niret.
416 1072 699 1173 Objicio
732 1072 896 1163 tibi,
942 1071 1132 1171 quod
1177 1073 1460 1143 fratrem
1499 1073 1679 1144 intra
1721 1072 1893 1145 fines
1928 1070 2226 1143 invitasti
2264 1099 2279 1144 :

175 1189 383 1261 fuerit
418 1188 856 1287 quantalibet
888 1215 1090 1259 causa
1129 1189 1459 1279 convivii,
1498 1188 1751 1261 melius
1780 1203 1895 1260 ea¹
1932 1209 2108 1260 certe
2137 1186 2285 1286 ipse

177 1302 262 1375 ad
297 1302 596 1374 fratrem
630 1302 810 1374 isses.
843 1304 1086 1373 Manet
1113 1300 1246 1373 hoc
1276 1302 1509 1401 ipsum
1540 1303 1721 1375 inter
1748 1329 1986 1374 causas
2012 1301 2287 1374 abdica-

177 1417 386 1488 tionis
425 1445 444 1487 :
495 1416 702 1515 objici
743 1414 872 1487 tibi
918 1436 1174 1514 potest,
1221 1415 1408 1513 quod
1458 1438 1603 1488 tam
1646 1415 1903 1516 impius
1934 1444 2005 1489 es
2040 1444 2054 1487 :
2096 1414 2289 1515 quod

181 1533 466 1604 fratrem
496 1554 652 1632 post
684 1530 879 1603 illam
911 1532 1236 1603 miseram
1269 1532 1624 1604 fortunam
1660 1560 1803 1604 non
1832 1531 2083 1604 videris
2104 1588 2122 1621 ,
2152 1531 2289 1605 nisi

181 1648 266 1719 ad
297 1670 364 1719 te
404 1646 970 1719 descendentem.
1015 1650 1198 1719 Nam
1241 1646 1341 1718 illi
1378 1648 1641 1746 ignosci
1684 1668 1942 1748 potest,
1978 1646 2087 1719 vel
2122 1673 2287 1718 cum

183 1762 494 1862 periculo
532 1762 924 1834 venienti²z
972 1761 1156 1833 nihil
1202 1760 1326 1832 tibi
1370 1788 1531 1834 vero
1575 1762 1728 1859 quis
1769 1762 2119 1859 ignoscat,
2164 1760 2289 1860 qui

186 1904 406 1977 quum
439 1876 587 1948 sine
619 1875 926 1976 periculo
951 1874 1040 1947 ad
1066 1875 1273 1947 illum
1300 1875 1396 1948 ire
1422 1904 1651 1977 posses
1670 1935 1688 1968 ,
1716 1877 1790 1948 in
1819 1877 1891 1949 id
1918 1875 2289 1949 discrimen

188 1993 556 2066 adduxeris
578 1993 864 2064 fratrem
895 2014 1101 2065 tuum
1122 2050 1140 2081 ,
1170 2013 1250 2064 ut
1274 2019 1439 2063 eum
1464 1992 1672 2064 etiam
1700 1994 2043 2091 parasitus
2068 2012 2294 2092 posset

191 2110 520 2181 occidere.
547 2107 830 2209 Objicio
858 2104 1053 2196 tibi3‚
1083 2106 1274 2206 quod
1302 2105 1705 2179 adhibueris
1735 2134 1942 2179 coenae
1969 2106 2286 2178 tertium:

192 2224 243 2295 si
267 2224 400 2297 boc
425 2226 691 2296 factum
718 2223 983 2322 pietatis
1007 2245 1136 2313 est,
1163 2250 1338 2325 opus
1361 2245 1458 2297 est
1476 2245 1764 2297 secreto:
1794 2223 2079 2325 objicio,
2102 2219 2296 2321 quod

193 2342 578 2441 parasitum
621 2340 1066 2440 potissimum
1112 2340 1565 2415 adhibueris:
1614 2342 1746 2415 hoc
1789 2342 1982 2415 enim
2009 2340 2297 2417 vacabat

195 2459 476 2546 misero,
504 2457 641 2528 hoc
665 2456 880 2529 exsuli
905 2484 920 2528 :
955 2457 1263 2530 coenabat
1286 2485 1450 2530 cum
1472 2459 1769 2558 parasito
1785 2458 1837 2531 4.
1864 2461 2121 2532 Caetera
2141 2455 2293 2558 jam

196 2571 508 2670 intelligo
551 2597 695 2642 non
740 2569 1084 2670 pertinere
1128 2571 1216 2643 ad
1254 2572 1811 2644 abdicationem:
1860 2572 2104 2645 altiora
2134 2588 2298 2642 sunt

201 2690 498 2761 crimina
529 2710 598 2762 et
629 2689 772 2761 suis
804 2689 1071 2788 legibus
1106 2690 1357 2789 digna,
1393 2717 1539 2763 non
1578 2711 1813 2762 tamen
1849 2688 2106 2760 debent
2136 2685 2296 2758 ideo

201 2803 561 2892 lucrifieri,
611 2804 800 2904 quod
849 2805 922 2876 in
973 2825 1239 2904 patrem
1289 2805 1709 2877 inciderunt.
1758 2803 2129 2906 Objiciunt
2167 2801 2297 2875 tibi

199 2919 559 2992 occidendi
579 2921 798 2993 fratris
832 2919 1226 2993 consilium.
1262 2921 1334 2992 Si
1364 2941 1721 2992 accusator
1748 2947 1999 3010 essem,
2031 2917 2085 2990 si
2115 2938 2181 2990 te
2220 2917 2299 2989 in

201 3035 528 3108 culeum⁵
560 3055 860 3134 peterem
882 3094 902 3128 ,
937 3033 1058 3109 illa
1086 3037 1414 3109 dixissem
1447 3064 1461 3109 ε
1504 3063 1798 3136 persona
1830 3033 2109 3108 crimini
2139 3034 2300 3105 ido-

273 3193 316 3228 ι.
343 3173 546 3228 Melius
574 3194 652 3226 ea.
685 3176 766 3226 Eo
794 3173 1086 3245 Ugolinus‚
1115 3174 1207 3227 sed
1287 3175 1473 3247 objicio
1490 3173 1583 3225 tibi
1594 3172 2031 3247 quodpansitum
2052 3169 2301 3222 adhibue-

203 3257 419 3319 omittit,
439 3253 764 3325 adframem.
785 3257 854 3307 Ut
874 3268 927 3305 et
945 3253 1124 3306 ,ΕΙ-σᾶ.
1147 3273 1210 3308 ea
1290 3253 1388 3305 ris.-
1416 3251 1515 3304 hoc
1545 3251 1686 3304 enim
1722 3253 1935 3303 vacabat
1969 3247 2149 3301 misero
2180 3247 2302 3300 huic

201 3331 338 3385 delet
359 3335 628 3400 Latinius,
653 3334 743 3386 sed
769 3336 984 3402 retinet,
1009 3333 1078 3386 ad
1088 3335 1210 3407 fra-
1288 3330 1455 3384 exsuli
1478 3340 1534 3383 ut
1556 3341 1779 3382 coenaret
1800 3337 1925 3383 cum·
1937 3345 2067 3401 par-,-
2094 3327 2301 3379 omissis

205 3425 347 3465 trem.
1291 3409 1526 3481 reliquis.
1553 3407 1733 3462 AErod.

269 3511 318 3545 2.
349 3494 482 3544 Cum
511 3492 747 3564 periculo
781 3493 1008 3546 venienti
1025 3514 1040 3543 .-
1074 3492 1214 3546 nihil
1363 3492 1413 3558 4.
1436 3492 1681 3544 Cenabat
1694 3508 1815 3542 cum
1829 3489 2074 3561 parasito.
2094 3485 2299 3538 Scribe:

207 3571 293 3624 tibi
311 3590 435 3624 vero
453 3573 572 3643 quis
596 3572 826 3644 iynoscae't.
855 3571 939 3624 Sic
963 3571 1210 3624 Pithoeus.
1289 3571 1407 3624 Hoc
1434 3572 1574 3621 enim
1600 3570 1815 3622 vacabat
1837 3569 2019 3620 misero
2036 3605 2053 3633 ,
2085 3565 2183 3618 hoc
2210 3585 2303 3618 ex-

205 3652 522 3712 Thaddaens,
539 3652 673 3703 mihi
689 3653 780 3704 tibi
795 3672 926 3705 veru.
946 3653 1211 3721 AErodius,
1291 3651 1396 3704 suli
1408 3691 1429 3718 ,
1453 3669 1655 3704 coenare
1678 3669 1794 3703 cum
1820 3650 2069 3721 parasito.
2092 3645 2187 3699 vel
2200 3683 2219 3712 ‚
2244 3658 2305 3698 ut

208 3753 344 3788 nunc
369 3735 465 3785 tibi
491 3752 625 3786 vero.
652 3735 796 3804 Quin
817 3749 876 3788 tu
894 3754 1076 3788 omnes
1097 3734 1212 3788 illas
1293 3742 1516 3784 coenaret
1544 3748 1659 3782 eum
1692 3728 1921 3802 parasito
1938 3768 1955 3794 ,
1980 3740 2042 3779 nt
2070 3739 2123 3779 et
2145 3727 2303 3778 AEro-

209 3832 370 3884 nugas
415 3813 641 3885 exstirpa
661 3851 677 3880 ‚
717 3826 768 3866 et
810 3833 1018 3865 mecum
1061 3812 1212 3884 lege:
1294 3809 1429 3860 dius.
1456 3809 1625 3860 Gnon.
1651 3808 1762 3873 An,
1790 3807 1893 3858 huc
1920 3807 2059 3860 em'm
2089 3803 2308 3856 vocabat

211 3893 344 3944 Nam
369 3891 458 3945 illa·
481 3893 679 3966 {qnosci
695 3905 863 3966 potest
884 3893 968 3945 vel
984 3911 1102 3944 cum
1123 3911 1214 3965 pe-
1291 3889 1537 3940 miserum
1552 3925 1571 3953 ‚
1603 3885 1703 3940 huc
1728 3883 1953 3939 exulem
1972 3924 1991 3950 ,
2016 3883 2109 3936 uba·
2131 3900 2304 3934 coena-

215 3973 369 4028 riculo
397 3976 626 4026 venienti
641 3997 656 4026 .·
681 3976 772 4026 tibi
797 3992 912 4026 vero
933 3977 1046 4046 quis
1067 3976 1215 4046 iqno-
1293 3971 1382 4022 bat
1409 3989 1457 4020 c.
1493 3988 1551 4040 p.
1573 3966 1686 4034 vel,
1716 3967 1813 4019 boc
1844 3967 1985 4018 enim
2020 3980 2201 4016 vacare
2232 3973 2306 4014 eu

213 4065 454 4118 scat,etc.
479 4071 602 4104 cum
621 4054 1048 4124 interrogationis
1067 4065 1212 4106 nota.
1295 4051 1481 4104 misero
1506 4051 1557 4102 h.
1584 4071 1628 4103 e.
1654 4068 1854 4102 coenare
1878 4067 1921 4100 c.
1943 4069 2000 4120 p.
2028 4047 2249 4098 Senum.

217 4131 373 4184 Gnon.
391 4132 585 4185 Delent
601 4133 742 4186 nihil
755 4132 874 4186 Sch.
891 4135 1006 4185 L-at.
1020 4147 1071 4186 et
1081 4133 1212 4186 Obr.
1369 4131 1419 4182 5.
1444 4131 1510 4180 In
1532 4127 1757 4180 culeum.
1781 4126 1911 4193 Alii,
1927 4129 1983 4178 in
2001 4123 2303 4198 equuleum,

286 4211 334 4262 3.
366 4211 607 4264 oce-idm
629 4213 811 4285 objicio
839 4213 946 4295 tibi.
978 4211 1219 4264 Occidam
1295 4229 1462 4282 marg.
1490 4209 1707 4263 AErodii.
