2855 4871
576 371 1406 441 DECLAMATIONES.
1456 374 1803 441 CCXCII.
2104 404 2228 473 ¹79

185 506 392 575 batur:
414 501 468 572 si
494 498 771 571 erubuit
797 497 1139 588 indicare,
1167 496 1402 569 multis
1427 519 1661 569 tamen
1690 499 1840 571 aliis
1864 504 2233 599 generibus

185 616 356 717 queri
397 615 636 715 potuit.
684 616 968 711 Propter
1008 612 1352 711 hospitem
1393 612 1699 684 morior:
1742 641 1868 686 nec
1907 619 2235 692 credibile

187 754 304 822 est,
339 750 493 803 eum
523 729 898 829 pepercisse
928 727 1179 826 hospiti
1200 785 1218 818 ,
1254 727 1374 824 qui
1405 728 1538 799 sibi
1570 756 1713 799 non
1743 734 2065 830 pepercit.
2102 736 2239 807 Sed

184 844 654 947 suspicionibus
683 842 953 942 agitur:
993 842 1300 914 formoso
1322 898 1339 931 ,
1373 841 1645 940 inquit,
1682 842 2063 944 hospitium
2098 849 2243 949 pol-

67 968 74 975 '
182 961 380 1033 licitus
419 986 525 1031 es:
569 959 870 1030 viderint
908 956 1056 1045 isti,
1091 955 1213 1055 qui
1250 956 1555 1055 prodigis
1601 984 1845 1031 omnes
1887 961 2100 1034 oculis
2138 964 2246 1035 in-

183 1096 470 1147 tuentur:
505 1072 682 1145 mihi
718 1093 1028 1169 tempore
1059 1068 1178 1141 illo
1206 1069 1445 1141 nullus
1478 1070 1859 1169 Olynthius
1901 1076 2245 1151 formosus

182 1192 342 1265 visus
369 1212 499 1282 est,
541 1189 801 1262 scilicet
832 1184 1020 1259 enim
1052 1184 1469 1259 sollicitabat
1505 1186 1866 1287 lacrymis,
1902 1194 2241 1292 squalore.

183 1309 346 1381 Male
389 1307 648 1379 sentitis
695 1305 782 1375 de
830 1330 1085 1405 puero,
1135 1303 1193 1373 si
1237 1302 1521 1375 adversa
1562 1305 1826 1378 fortiter
1875 1308 2053 1382 tulit.
2106 1314 2249 1384 Cur

183 1446 394 1497 tamen
427 1420 781 1495 obtulisti?
805 1418 1246 1492 Atheniensis
1270 1444 1452 1490 sum.
1480 1422 1939 1519 Assignentur
1962 1427 2251 1499 fortasse

183 1538 393 1612 invitis
429 1537 728 1624 civibuS,
774 1534 896 1631 qui
938 1560 1102 1608 cum
1140 1533 1408 1625 liberis,
1458 1535 1579 1634 qui
1630 1564 1793 1609 cum
1838 1542 2252 1642 conjugibus

181 1654 486 1745 veniunt,
537 1652 656 1750 qui
701 1677 938 1723 secum
980 1650 1246 1723 habent
1290 1650 1747 1724 comitatum:
1793 1655 2256 1734 miserabilior

183 1788 269 1841 est
289 1795 456 1867 puer
486 1767 694 1839 solus.
733 1768 824 1837 At
859 1776 1019 1837 cur¹
1057 1765 1302 1837 eadem
1340 1787 1541 1838 nocte
1578 1768 1981 1867 suspendit?
2016 1792 2255 1845 utrum

182 1884 298 1957 hoc
341 1911 410 1957 re
451 1882 876 1957 admirabile
908 1881 1206 1973 videtur,
1253 1908 1343 1953 an
1390 1909 1718 1981 persona,
1762 1912 1853 1957 an
1900 1890 2257 1988 tempore?

183 2001 454 2073 miratur
481 1998 736 2097 aliquis
759 1995 1182 2096 Olynthium
1215 1997 1521 2096 potuisse
1555 1998 1688 2071 hoc
1714 2000 2046 2074 Athenis?
2079 2004 2258 2077 illud

183 2116 354 2187 enim
402 2134 508 2189 est
549 2134 828 2211 tempus
871 2111 1147 2184 doloris.
1199 2112 1388 2211 Saepe
1433 2111 1523 2184 ad
1568 2113 2003 2188 retinendam
2042 2118 2259 2193 vitam

183 2252 447 2328 prosunt
475 2231 630 2330 ipsa
658 2228 1004 2331 pericula:
1044 2224 1218 2300 redit
1244 2248 1507 2320 metm,
1537 2250 1987 2328 posteaquam
2014 2233 2259 2308 desivit

179 2345 409 2421 instare
439 2346 658 2418 hostis
685 2374 705 2434 ;
738 2364 908 2417 tunc
939 2344 1258 2443 cogitatio
1297 2346 1677 2438 fortunae23
1718 2366 1886 2419 tunc
1910 2371 2106 2423 vacat
2141 2350 2257 2422 di-

183 2487 348 2554 cere,
375 2485 476 2536 est
491 2461 650 2564 jam
674 2459 796 2561 qui
819 2459 1126 2560 sepeliat.
1154 2463 1314 2560 Ipsa
1335 2461 1733 2534 mehercule
1760 2464 1995 2537 officia
2016 2465 2259 2539 admo-

181 2605 326 2651 nere
373 2581 586 2654 illum
628 2599 1008 2679 potuerunt
1043 2580 1336 2652 fortunae
1377 2581 1663 2680 prioris:
1710 2582 1931 2681 patuit
1970 2583 2257 2679 quidem

181 2693 454 2788 domus,
485 2696 612 2769 sed
637 2723 779 2768 non
803 2722 932 2768 sua
959 2723 972 2766 :
1011 2721 1334 2796 excepere
1363 2697 1654 2786 servuli,
1687 2698 1808 2769 sed
1836 2697 2092 2770 alieni:
2125 2700 2258 2770 for·

179 2809 337 2883 sitan
385 2833 454 2886 et
501 2811 624 2884 illa
671 2811 1064 2910 cogitaverit
1103 2839 1117 2882 :
1165 2837 1437 2912 semper
1482 2838 1643 2910 ergo
1688 2811 1918 2884 alieno
1966 2837 2259 2886 munere

178 2925 547 3000 vivendum
574 2948 706 2999 est:
737 2926 1020 2999 interim
1051 2926 1187 2998 sive
1212 2925 1390 2998 illud
1413 2924 1737 3026 Olynthii
1757 2925 2065 2998 factum³
2095 2930 2259 3021 fuit,

179 3040 302 3114 sive
325 3041 770 3143 impatientia
793 3040 1008 3141 ipsius
1027 3099 1046 3131 ‚
1072 3039 1337 3113 nullius
1362 3041 1587 3143 major
1606 3040 1866 3141 injuria
1889 3061 1985 3113 est
2000 3075 2025 3134 ,·
2048 3068 2263 3142 quam

179 3183 353 3247 mea;
387 3157 670 3259 perdidi
702 3157 1122 3230 beneficium
1138 3215 1160 3248 ,
1185 3178 1253 3230 et
1279 3159 1509 3230 adhuc
1536 3177 1889 3257 suspectus
1914 3184 2074 3230 sum
2101 3187 2116 3230 ε
2148 3160 2266 3230 ha-

179 3271 486 3348 biturum
507 3301 625 3348 me
643 3275 980 3376 putabam
996 3332 1015 3365 ,
1039 3273 1161 3373 qui
1179 3275 1444 3347 veniret
1462 3276 1536 3347 in
1557 3276 1791 3347 locum
1812 3273 2214 3348 liberorum.

248 3477 289 3512 1.
311 3461 395 3514 Ac
420 3481 538 3514 cnr.
573 3460 646 3514 At
674 3481 795 3529 cur,
826 3457 1184 3531 Schultingius
1339 3479 1386 3512 2.
1415 3461 1669 3513 Fortunoe.
1699 3460 1816 3526 An,
1835 3461 2078 3513 Fortunoe
2099 3461 2269 3514 subit?

179 3549 224 3588 et
257 3539 384 3592 Obr.
427 3541 506 3592 At
540 3558 638 3591 cur
675 3557 726 3592 se
767 3539 976 3592 tandem
1015 3541 1187 3611 ηυρλ
1265 3540 1484 3593 δοιιυιτ.

180 3615 1184 3692 AErod.——1psapericula.AE1-od.md¹rg.
1337 3619 1387 3671 3.
1433 3615 1673 3688 Olynthii
1698 3616 1929 3688 factum.
1965 3615 2271 3688 Legendum

180 3698 280 3766 ipsa
319 3700 567 3772 pericula
613 3711 792 3751 metus.
841 3699 1186 3767 Posteaquam
1265 3695 1493 3762 videtur,
1506 3696 1707 3768 fatum.
1732 3695 1881 3747 Prrn.
1907 3709 1961 3747 et
1982 3697 2057 3749 ita
2079 3695 2270 3750 schul-

181 3777 316 3833 d'est'it
338 3783 462 3836 inst.
494 3780 546 3833 h.
573 3793 698 3833 nanc
722 3778 851 3833 medi!
872 3777 1133 3854 coqitatio.
1267 3775 1479 3845 tingius.
