2855 4871
608 419 734 497 ,ψ
1108 412 1202 475 Μ.
1252 408 1504 473 FABII
1549 408 2188 492 QUINTILIANI

605 536 797 610 Fecit
822 534 1087 607 amicus
1116 558 1315 604 meus
1348 557 1429 602 eo
1451 551 1800 629 tempore,
1831 556 1972 626 quo
2000 556 2116 603 me
2141 532 2538 603 instituebat
2561 532 2666 605 he-

608 654 879 743 redem,
912 650 1314 750 legitimum
1350 667 1844 721 testamentum
1881 674 1895 717 :
1939 674 2106 719 nam
2145 670 2214 721 et
2242 650 2585 723 constabat
2611 654 2662 723 ei

604 788 756 841 tum
770 765 1170 867 judicium:
1202 789 1345 862 quo
1374 761 1612 833 minus
1641 761 1970 834 erubeseo
1997 762 2128 833 ista
2155 766 2533 837 mutatione
2559 766 2666 837 he-

606 882 807 954 redis.
842 884 921 952 ln
962 880 1073 951 his
1096 875 1361 976 'tabulis
1392 875 1569 947 alius
1606 874 1876 973 legitur,
1913 900 2066 973 quae
2089 876 2209 978 jus
2239 902 2386 949 non
2419 878 2662 951 habue—

603 1018 766 1072 runt
782 1056 801 1085 ‚
827 1024 981 1097 quae
1010 1020 1152 1068 non
1176 995 1329 1093 iege
1352 992 1748 1092 conscriptae
1771 1014 1937 1065 sunt
1953 1050 1972 1083 ‚
1998 1020 2152 1092 quae
2179 995 2460 1069 fortasse
2483 998 2661 1069 etiam

504 1100 513 1113 ’
599 1135 878 1214 propter
908 1112 1042 1183 hoe
1072 1111 1417 1182 damnatae
1452 1129 1650 1197 sunt,
1682 1108 1873 1204 quod
1905 1108 2238 1207 indignus
2267 1110 2462 1183 heres
2491 1112 2663 1183 vide-

598 1229 826 1303 batur.
876 1230 958 1300 In
1004 1222 1520 1323 comparatione
1571 1248 1851 1294 summa
1878 1237 1897 1267 ¹
1949 1249 2093 1294 non
2139 1227 2503 1317 recusabo,
2549 1254 2663 1323 quo

600 1347 837 1418 minus
866 1344 975 1415 vei
1012 1340 1443 1442 propinquos
1477 1340 1642 1411 istos
1669 1338 1990 1411 amicitiae
2021 1342 2388 1413 conferatis
2419 1368 2436 1413 :
2471 1370 2583 1442 per
2609 1370 2664 1414 se

601 1459 783 1531 mihi
815 1458 923 1531 vel
956 1456 1257 1529 sanctius
1284 1480 1546 1527 nomen
1571 1453 1782 1527 amici
1804 1453 2076 1527 videtur
2103 1484 2117 1526 :
2151 1456 2282 1527 hoe
2315 1458 2508 1528 enim
2531 1485 2665 1557 pro-

601 1573 929 1646 ficiscitur
948 1572 1044 1645 ab
1066 1570 1306 1642 animo
1330 1597 1345 1640 :
1380 1569 1514 1641 hoc
1544 1569 2006 1669 proficiscitur
2027 1597 2068 1642 a
2091 1572 2442 1671 proposito
2467 1600 2482 1644 ε
2509 1571 2662 1645 istud

602 1690 721 1762 dat
744 1716 939 1761 casus
956 1745 974 1779 ‚
1004 1687 1311 1761 conditio
1336 1686 1704 1777 nascendi,
1739 1706 1807 1758 et
1838 1714 1994 1785 quae
2017 1714 2161 1759 non
2189 1710 2438 1787 sponte
2465 1710 2664 1761 nostra

600 1805 973 1903 eliguntur.
1008 1806 1129 1876 Me
1160 1802 1494 1875 heredem
1523 1830 1703 1893 esse,
1735 1803 2005 1875 amicus
2038 1830 2273 1894 mens,
2308 1806 2501 1904 quod
2529 1804 2664 1878 satis

600 1940 733 2008 est,
764 1918 1141 2017 aliquando
1168 1917 1421 2008 voluit,
1459 1944 1575 1990 vos
1613 1945 1986 2016 nunquam
2017 1946 2097 1990 eo
2133 1940 2446 2021 tempore
2465 1935 2515 2011 ²,
2549 1947 2666 2018 quo

590 2034 980 2134 judicabat,
1020 2060 1249 2131 neque
1282 2058 1365 2105 eo
1396 2052 1749 2131 tempore,
1786 2059 1928 2131 quo
1963 2034 2248 2106 errabat.

1458 2221 1823 2289 SERMO.

690 2364 961 2454 majam
985 2364 1364 2430 communia
1387 2386 1512 2452 pro
1536 2364 1848 2431 omnihus
1873 2366 2301 2432 testamentis.

1294 2539 1993 2608 DECLAMATIO.

696 2685 856 2755 Non
899 2703 1177 2756 tanturn
1223 2681 1311 2754 ad
1354 2683 1686 2754 heredem
1724 2682 1854 2756 ista
1892 2683 1976 2755 lis
2015 2683 2330 2787 pertinet.
2363 2684 2666 2788 Aliquem

603 2798 877 2869 fortasse
920 2798 1306 2870 amicorum
1349 2797 1746 2887 honoravit,
1786 2797 2094 2896 aliquem
2134 2801 2423 2873 fortasse
2464 2827 2668 2873 servu-

601 2912 831 2983 lorum
864 2915 1298 2985 manumisit.
1334 2915 1478 2986 Vos
1519 2939 1796 3012 poenam
1835 2913 2262 3011 quamdam—⁷⁶
2294 2918 2664 3016 propinquo

600 3046 821 3097 vestro
844 3028 1287 3118 constituitis,
1310 3049 1389 3100 ut
1407 3028 1766 3102 intestatus
1789 3029 2179 3122 decesserit,
2211 3051 2283 3110 et
2308 3031 2500 3110 bona
2514 3053 2666 3107 tam-

602 3165 817 3235 quam
850 3138 1113 3232 relicta,
1148 3163 1516 3240 tamquam
1551 3143 1819 3216 deserta
1853 3143 2212 3219 invadatis.

600 3327 743 3373 em,
768 3325 884 3379 que
904 3325 1092 3380 nempe
1110 3311 1167 3361 in
1180 3309 1344 3362 Haek.
1360 3324 1413 3361 et
1427 3313 1604 3364 Bum.
1685 3312 1804 3365 dius
1829 3336 1842 3365 z
1893 3332 1980 3366 vos
2021 3333 2296 3386 nunquam
2343 3333 2516 3389 neque
2529 3337 2547 3378 ,-
2588 3311 2664 3364 sed

600 3401 903 3442 constructa
914 3409 1035 3444 cum
1050 3393 1305 3461 optimum
1320 3392 1604 3462 videbatur,
1685 3393 1858 3449 media
1882 3413 1984 3447 vox
2013 3411 2427 3466 supervacanea.
2455 3397 2663 3450 Gnosov.

599 3485 811 3519 sensum
832 3466 977 3518 hunc
998 3467 1286 3520 absurdum
1306 3470 1608 3522 efficiebant
1685 3471 2040 3543 Schultiugius
2065 3493 2186 3526 cum
2207 3475 2426 3528 AErodio
2447 3475 2663 3530 faciebat.

600 3548 859 3619 optimum
872 3548 1157 3618 videbatur,
1168 3569 1492 3617 necesse-esse,
1503 3564 1606 3604 etc.
1758 3551 1810 3604 3.
1831 3552 2050 3606 Poenam
2067 3554 2368 3625 quamdam.
2393 3555 2589 3628 Rupta,
2607 3556 2666 3604 in—

676 3646 723 3682 1.
760 3631 1155 3702 Comparatione
1187 3651 1407 3687 mmmm
1447 3634 1608 3688 Sum·
1675 3635 1858 3704 June,
1879 3631 1962 3688 vel
1989 3635 2133 3685 irrito
2165 3636 2309 3691 facto
2339 3649 2664 3700 testamento,

598 3727 771 3773 mum,
806 3708 861 3760 id
893 3722 1005 3777 est,
1038 3709 1251 3764 tandem
1283 3725 1342 3764 ut
1374 3727 1427 3764 et
1459 3711 1600 3765 alibi.
1684 3725 1737 3764 et
1773 3711 2036 3766 libertates
2071 3733 2192 3768 eum
2225 3715 2408 3789 legatis
2441 3721 2665 3770 amittun-

598 3789 816 3844 Scnnvr.
1683 3808 1786 3846 tur.
1809 3794 1946 3866 Ergo
1971 3797 2028 3848 in
2047 3815 2263 3868 poenam
2289 3797 2664 3870 quodammodo

672 3887 720 3922 a.
750 3868 805 3922 V
798 3887 852 3922 os
871 3887 1141 3941 nunquam
1157 3887 1217 3920 eo
1237 3879 1480 3940 tempore.
1504 3873 1604 3923 Le-
1681 3891 1950 3926 servorum
1967 3913 1984 3940 ‚
2015 3889 2392 3930 testamentum
2423 3879 2496 3932 ad
2521 3879 2665 3929 intes·

597 3967 691 4018 ge:
724 3971 809 4004 vos
832 3969 997 4023 neque
1020 3969 1080 4002 eo
1106 3963 1331 4023 tempore
1343 3989 1361 4016 ‚
1386 3970 1494 4024 quo
1505 3954 1604 4023 ju·
1687 3953 1780 4003 tati
1803 3970 2016 4005 eausam
2041 3955 2242 4007 recidit.
2261 3957 2439 4026 Quid,
2459 3959 2582 4012 siim
2599 3955 2664 4006 le-

598 4027 825 4091 dicaban-
844 4049 1007 4102 neque
1017 4049 1099 4098 eo,
1110 4049 1211 4103 quo
1224 4031 1444 4083 enabat.
1459 4033 1606 4083 AEro-
1683 4049 1898 4100 gamus:
1933 4051 2019 4088 vos
2035 4053 2090 4104 p.
2111 4052 2163 4105 q.
2187 4047 2461 4108 tamquam
2478 4049 2658 4090 semoc-
