2855 4871
597 426 724 494 352

1099 428 1194 489 M.
1243 426 1497 489 FABn
1542 422 2177 507 QmNTlLlAM

1369 621 1917 688 NARRATIO.

694 776 920 847 Habet
952 796 1188 849 autem
1222 775 1355 849 hoc
1392 773 1827 846 incommodi
1863 792 2269 872 paupertaS,
2302 772 2497 869 quod
2533 800 2689 869 quo-

593 942 706 995 red.
733 946 896 996 instit.
921 948 1037 996 Hoc
1057 943 1311 1009 articulo,
1337 944 1600 1015 Quisquis,

595 1040 778 1074 omnes
800 1024 1182 1091 significantur,
1206 1034 1256 1073 et
1277 1022 1400 1073 ideo
1421 1021 1602 1073 Labeo

592 1104 801 1168 scribit,
821 1104 870 1155 Si
891 1104 964 1155 ita
989 1105 1244 1176 scriptum
1268 1104 1362 1168 sit,
1387 1104 1536 1156 Titus
1553 1114 1604 1154 et

591 1184 812 1235 Μανίας
842 1194 1038 1253 quanta
1074 1182 1291 1255 quisque
1321 1201 1501 1235 comm
1539 1200 1603 1233 ex

589 1272 740 1333 parte
771 1260 1006 1313 heredem
1045 1281 1130 1313 me
1172 1260 1404 1314 habuerit
1434 1262 1599 1334 scrip-

595 1352 734 1406 tum,
769 1340 908 1391 heres
943 1340 1077 1391 mihi
1112 1351 1248 1391 esto.-
1285 1338 1386 1391 nisi
1414 1358 1601 1394 omnes

591 1421 821 1473 habeant
859 1422 1114 1491 scriptum
1151 1420 1402 1473 heredem
1442 1434 1601 1473 testa-

593 1511 788 1559 torem,
807 1512 1051 1551 neutrum
1071 1498 1320 1551 heredem
1340 1516 1497 1571 posse
1521 1516 1601 1551 es-

593 1596 682 1641 se,
720 1578 972 1647 quoniam
1016 1577 1085 1629 ad
1125 1577 1362 1629 omnium
1399 1577 1602 1630 factum

593 1676 765 1711 sermo
803 1660 1074 1713 referatur.
1110 1662 1230 1711 Haec
1263 1671 1374 1709 erat
1413 1660 1599 1729 opinio

591 1736 852 1790 Labeonis
877 1754 1100 1811 propter
1119 1738 1437 1811 particulam
1462 1737 1603 1811 quis-

591 1818 722 1889 quis.
754 1817 856 1869 Sed
879 1821 1003 1889 quia
1031 1818 1364 1889 singulariter
1391 1815 1603 1871 locutus

593 1912 670 1951 est
708 1912 954 1966 testator,
989 1901 1128 1954 heres
1157 1900 1293 1951 mihi
1320 1912 1455 1965 esto,
1490 1917 1602 1950 non

591 1976 795 2031 heredes
815 1990 998 2045 sunto,
1024 1990 1078 2031 et
1099 1979 1167 2032 ad
1190 1992 1366 2051 partes
1392 1997 1422 2031 a
1448 1996 1503 2031 se
1522 1980 1603 2030 in-

591 2062 893 2113 stitutorum
919 2061 1021 2113 sibi
1044 2061 1282 2127 relictas,
1311 2060 1602 2112 institutio-

591 2161 713 2194 nem
731 2160 884 2195 suam
905 2140 1111 2207 retulit,
1131 2142 1252 2195 ideo
1272 2142 1599 2215 Pomponius

591 2224 688 2283 aiu
709 2221 811 2274 Sed
827 2222 1108 2274 humanius
1125 2236 1207 2274 est
1221 2241 1340 2274 eum
1357 2221 1601 2294 quidem,

593 2304 684 2373 qui
702 2315 1008 2355 testatorem
1031 2323 1184 2356 suum
1199 2304 1452 2357 heredem
1472 2306 1603 2357 scri-

590 2386 787 2456 pserit,
823 2387 877 2437 in
913 2398 1114 2440 tantam
1145 2400 1347 2458 partem
1372 2388 1419 2440 ei
1449 2386 1602 2440 here-

593 2464 714 2516 dem
737 2466 878 2519 fore:
901 2482 955 2518 et
972 2486 1070 2539 per
1085 2470 1496 2538 consequentias
1509 2506 1525 2532 ,
1544 2471 1601 2520 in

593 2563 795 2613 assem,
830 2565 893 2598 ex
924 2547 959 2599 l.
995 2549 1041 2599 si
1072 2549 1191 2620 quis
1226 2549 1298 2598 ita
1334 2549 1600 2619 scripserit

593 2645 676 2678 eo.
706 2628 782 2678 tit.
807 2625 875 2680 de
893 2625 1006 2680 her.
1027 2627 1248 2679 institut.
1277 2625 1381 2680 Sed
1406 2625 1537 2698 quid
1556 2629 1601 2680 si

593 2723 730 2757 unus
760 2724 857 2776 pro
886 2720 1072 2778 parte,
1099 2721 1228 2778 puta
1252 2709 1402 2758 tertia
1425 2727 1441 2770 ;
1468 2705 1602 2757 alter

594 2807 656 2840 ex
685 2807 799 2839 asse
821 2789 1132 2841 instituisset
1147 2791 1171 2840 ἲ
1191 2787 1473 2841 videretur
1504 2787 1600 2840 he-

592 2865 786 2919 reditas
806 2867 1049 2920 defuncti
1065 2871 1120 2920 in
1135 2880 1217 2920 tot
1233 2880 1409 2939 partes
1427 2866 1600 2918 distri-

594 2947 804 3000 buenda
831 2967 976 3017 esse,
1004 2963 1063 3002 ut
1090 2951 1134 3003 si
1161 2948 1229 3000 ad
1261 2968 1429 3002 assem
1460 2946 1599 3000 redi—

593 3041 776 3095 gatur,
809 3030 902 3099 qui
933 3047 995 3080 ex
1035 3047 1149 3081 asse
1182 3029 1439 3093 instituit,
1472 3041 1597 3079 octo

595 3107 807 3156 uncias:
837 3109 927 3176 qui
952 3125 1016 3158 ex
1036 3109 1256 3172 triente,
1279 3109 1346 3158 sit
1370 3119 1601 3176 quatuor

594 3182 900 3248 habiturus,
924 3185 959 3238 l.
985 3185 1248 3240 interdum
1273 3186 1391 3238 eod.
1419 3189 1605 3238 rinve-

597 3283 713 3315 rum
742 3267 783 3316 si
807 3264 925 3318 talis
948 3265 1038 3317 hic
1067 3281 1204 3319 esset
1231 3268 1494 3319 institutio
1517 3264 1602 3318 di-

593 3346 714 3395 vitis
725 3382 742 3408 ‚
759 3343 966 3415 qualem
981 3363 1142 3417 supra
1157 3344 1406 3398 diximus:
1425 3359 1598 3396 totum

597 3422 665 3474 ad
698 3442 988 3495 pauperem
1024 3425 1286 3495 pertinet,
1324 3441 1423 3475 nec
1462 3423 1599 3476 duos

595 3521 738 3554 asses
765 3517 856 3556 aut
879 3503 1056 3573 plures
1075 3517 1255 3575 partes
1275 3503 1597 3568 faceremuS,

596 3583 720 3655 quia
751 3583 1024 3653 fingimus,
1058 3585 1102 3635 si
1134 3583 1278 3636 dives
1312 3596 1599 3654 utrumque

597 3661 782 3714 eodem
810 3661 962 3714 titulo
989 3663 1285 3732 reliquisset
1317 3661 1563 3715 heredem
1580 3701 1598 3730 ,

594 3745 668 3794 ita
697 3759 1064 3814 nuncupasse,
1089 3742 1256 3795 Titius
1283 3742 1423 3795 heres
1453 3757 1556 3796 esto
1580 3764 1595 3792 .-

595 3828 816 3880 Moevius
845 3842 1052 3897 pauper
1085 3825 1282 3878 amicus
1319 3843 1463 3877 meus
1478 3864 1496 3891 ‚
1532 3843 1598 3876 ex

595 3925 700 3978 qua
718 3915 869 3977 parte
889 3923 973 3955 me
994 3903 1228 3956 heredem
1251 3905 1473 3956 instituit
1489 3942 1506 3969 ,
1536 3923 1599 3956 ex

594 4003 657 4036 ea
697 3985 832 4036 mihi
873 3985 1014 4037 heres
1053 3997 1172 4038 esto.
1213 3983 1334 4035 Non
1369 3983 1476 4049 sic,
1512 3983 1598 4034 Ex

595 4081 696 4133 qua
715 4065 925 4140 quisque
941 4077 1094 4136 parte
1115 4084 1198 4116 me
1222 4063 1456 4116 heredem
1476 4062 1597 4114 scri-

589 4143 748 4212 pserit
765 4181 782 4208 ,
828 4145 966 4197 heres
1004 4155 1124 4197 esto.
1163 4142 1394 4196 similior
1432 4143 1595 4214 igitur

1684 956 1823 995 esset
1840 942 1951 993 haec
1972 942 2231 994 institutio
2248 943 2325 1005 ei,
2344 958 2459 1011 quae
2472 938 2691 993 refertur

1684 1041 1715 1073 a
1731 1024 2025 1093 Papiniano
2041 1023 2076 1074 l.
2095 1025 2183 1096 qui
2202 1040 2315 1073 non
2336 1020 2601 1071 militabat
2614 1060 2631 1087 ,
2646 1020 2686 1091 S.

1684 1100 1781 1152 ult.
1804 1100 1838 1152 l.
1862 1120 1975 1172 seq.
1998 1099 2035 1152 l.
2058 1099 2204 1173 quod
2220 1102 2263 1154 si
2282 1100 2533 1163 Maevius,
2553 1100 2611 1149 ff.
2630 1098 2690 1149 de

1682 1177 1863 1231 hered.
1890 1180 2113 1231 institut.
2150 1180 2329 1243 Seius,
2356 1179 2563 1249 inquit,
2584 1177 2693 1227 Mae·

1682 1258 1823 1309 vium
1848 1276 1911 1309 ex
1931 1271 2111 1329 parte,
2136 1276 2294 1330 qnam
2316 1276 2416 1328 per
2438 1256 2583 1325 leges
2607 1274 2691 1307 ca-

1680 1354 1812 1407 pere
1836 1339 2042 1407 potuit,
2066 1333 2315 1389 heredem
2342 1337 2605 1396 instituit;
2635 1354 2689 1385 ex

1682 1417 1887 1487 reliqua
1900 1457 1919 1483 ,
1932 1420 2149 1469 Titium.
2166 1418 2218 1469 Si
2230 1418 2453 1470 Maevius
2468 1414 2693 1469 solidum

1682 1514 1875 1569 capere
1898 1499 2095 1569 possit,
2114 1498 2281 1550 Titius
2309 1496 2554 1568 adjectus
2568 1534 2585 1561 ,
2609 1509 2692 1548 aut

1682 1576 2000 1629 substitutus
2032 1595 2141 1629 non
2176 1579 2308 1643 erit,
2342 1591 2447 1629 etc.
2480 1577 2625 1649 quod
2650 1579 2690 1629 si

1680 1659 1896 1711 Maevius
1921 1658 2118 1711 nullius
2141 1678 2309 1731 capax
2336 1660 2430 1724 sit,
2452 1660 2505 1709 in
2526 1672 2689 1709 totum

1683 1739 2001 1793 substitutus
2035 1739 2358 1793 admittetur.
2394 1742 2519 1793 Haec
2550 1743 2593 1792 si
2619 1740 2690 1791 di-
2716 1740 2725 1745 ⁶

1682 1840 1799 1888 ves,
1820 1834 1879 1873 ut
1902 1824 1975 1873 ait
1998 1822 2384 1890 Quintilianus,
2408 1836 2689 1892 utrumque

1685 1902 1873 1956 eodem
1906 1902 2061 1956 titulo
2094 1918 2145 1957 et
2174 1902 2382 1975 judicio
2414 1918 2685 1954 vocasset:

1684 1980 1829 2033 nulla
1856 1993 1996 2048 tum,
2022 1996 2113 2034 aut
2138 1996 2282 2035 certe
2306 2000 2416 2034 non
2444 1996 2593 2032 tanta
2616 2000 2689 2034 es-

1684 2074 1765 2111 set
1790 2062 2167 2113 controversia.
2202 2059 2307 2112 Sed
2336 2078 2504 2133 quum
2529 2078 2689 2111 unum

1680 2141 1837 2194 titulo
1873 2155 2026 2197 vocet
2057 2141 2436 2206 institutionis,
2473 2140 2687 2193 alterum

1681 2218 1871 2291 legati3
1900 2222 1955 2273 in
1978 2220 2084 2273 hoc
2110 2221 2326 2292 quaestio
2351 2233 2431 2271 est
2448 2256 2467 2283 ,
2502 2238 2573 2270 an
2600 2238 2689 2269 vo-

1680 2298 1837 2351 luerit
1886 2298 2033 2352 dives
2084 2296 2469 2370 comprehendi
2522 2297 2686 2367 legato

1680 2378 1967 2448 duntaxat,
1992 2393 2251 2454 quantum
2274 2396 2482 2452 pauper
2510 2379 2565 2429 in
2588 2378 2687 2429 ho—

1680 2461 1763 2511 nis
1789 2458 2015 2526 habeat,
2040 2462 2129 2531 qui
2158 2460 2207 2510 ei
2234 2461 2413 2512 omnia
2440 2477 2541 2510 sua
2568 2456 2684 2508 reli—

1682 2542 1824 2612 quit,
1850 2539 1942 2593 sed
1966 2539 2176 2593 heredis
2202 2542 2444 2591 nomine:
2482 2557 2549 2588 an
2570 2556 2685 2589 vero

1681 2619 2143 2672 fideicommissum
2160 2617 2457 2670 universale
2479 2633 2597 2668 esse
2614 2617 2687 2666 in-

1681 2699 2114 2768 terpretabimur,
2153 2696 2235 2750 vel
2278 2696 2513 2766 legatum
2530 2733 2549 2760 ,
2586 2713 2685 2764 quo

1682 2779 1996 2832 universitas
2030 2781 2353 2836 continetur.
2390 2777 2531 2827 Nam
2560 2777 2685 2828 sicut

1679 2859 1893 2930 singulae
1904 2861 2007 2928 ,ita
2022 2860 2276 2912 universae
2290 2877 2373 2910 res
2388 2856 2557 2927 legari
2568 2875 2686 2928 pos·

1680 2953 1803 2992 sunt
1826 2962 1840 3004 ς
1865 2953 1917 2991 et
1944 2943 2034 3012 qui
2057 2940 2125 2992 ab
2150 2940 2346 2992 herede
2376 2941 2565 3010 recipit
2601 2937 2685 2988 hc-

1678 3017 1951 3070 reditatem
1969 3057 1985 3080 ‚
2018 3019 2257 3090 legatarii
2286 3018 2408 3070 loco
2440 3017 2679 3070 habetur.

1682 3099 1891 3170 Ulpian.
1916 3101 1995 3152 tit.
2018 3099 2261 3171 delegat.
2284 3115 2335 3152 et
2356 3103 2439 3152 tit.
2460 3099 2529 3152 de
2548 3098 2687 3150 fidei-

1683 3199 1819 3232 com.
1844 3199 1957 3251 quae
1975 3182 2151 3232 omnia
2172 3201 2233 3232 ex
2257 3180 2341 3235 his
2362 3180 2540 3233 verbis
2564 3181 2685 3252 legis

1681 3275 1757 3310 xu
1794 3258 2095 3311 tabularum
2126 3259 2567 3331 proficiscuntur,
2604 3273 2685 3308 cri

1676 3355 1893 3401 Quisque
1926 3356 2184 3407 emissi-r,
2220 3355 2323 3393 etc.
2364 3340 2513 3411 Quid
2544 3341 2685 3392 diec—

1676 3421 1837 3470 mus?
1876 3419 2106 3485 Quaestio
2152 3434 2231 3472 est
2274 3422 2593 3490 conjecturae
2635 3433 2683 3470 et

1678 3499 1964 3552 voluntatis
1980 3539 1996 3566 ,
2022 3515 2081 3552 ut
2110 3501 2155 3551 si
2182 3503 2253 3553 ita
2280 3505 2504 3554 senserit
2532 3513 2683 3552 testa·

1678 3589 1793 3644 tor,
1819 3596 1927 3649 quo
1952 3576 2114 3630 modo
2140 3577 2239 3630 sibi
2268 3598 2299 3630 a
2327 3597 2567 3652 paupere
2591 3577 2683 3629 lie·

1677 3657 1871 3714 reditas
1897 3659 2079 3711 relicta
2104 3673 2210 3726 est,
2240 3663 2316 3712 sic
2348 3663 2395 3712 ei
2422 3679 2517 3713 sua
2542 3661 2685 3711 resti-

1676 3755 1887 3793 tuatur:
1914 3739 1969 3792 id
1995 3743 2214 3792 omnino
2239 3744 2393 3812 sequi
2418 3753 2681 3813 oporteat,

1678 3822 1823 3874 salvo
1852 3821 2033 3874 heredi
2066 3825 2188 3893 jure
2214 3822 2473 3874 Falcidiae·
2493 3835 2582 3874 aut
2607 3839 2685 3872 se·-

1679 3900 2081 3952 nutusconsulti.
2112 3899 2215 3953 Sed
2244 3902 2299 3952 in
2328 3899 2558 3952 obscura
2584 3913 2685 3950 tes-

1674 3983 1862 4034 tatoris
1888 3981 2188 4046 voluntate,
2214 3984 2259 4034 si
2282 4000 2491 4053 quaeras
2516 3981 2581 4034 de
2602 3997 2681 4032 me

1677 4063 1806 4134 quid
1830 4065 2078 4129 sentiam,
2101 4067 2392 4136 praesertim
2412 4066 2469 4116 iu
2490 4063 2591 4115 hoc
2608 4061 2681 4112 lt!b

1672 4148 1781 4216 gati
1807 4164 2002 4218 genere
2024 4167 2039 4197 t
2074 4145 2415 4218 respondebo
2438 4165 2525 4198 me
2548 4161 2677 4217 pau-
