2855 4871
572 416 696 481 218
1066 416 1163 483 Μ.
1210 416 1466 483 men
1507 414 2154 501 QUINTthm

568 540 749 613 inter
791 568 863 615 se
907 570 1309 617 concurrere
1350 544 1572 642 coegit
1610 569 1626 616 ε
1677 571 1852 643 quos
1899 544 2106 617 etiam
2150 544 2226 617 in
2269 541 2666 615 calamitate

564 658 848 732 fortuna
880 659 1363 761 conjunxerat,
1405 660 1642 760 jussit,
1675 681 1754 731 ut
1775 659 2094 733 ‘invicem
2122 686 2191 731 se
2227 660 2666 748 occiderent,

567 774 755 871 quod
786 775 1267 873 gravissimum
1298 775 1437 847 illis
1465 775 1632 865 fuit,
1676 775 1964 874 scientes
1997 804 2012 846 ε
2059 775 2424 863 aestimate,
2457 773 2668 875 judi-

565 912 672 960 ces
690 945 709 976 ‚
736 890 906 988 quid
928 890 1287 962 timuerint
1302 947 1321 980 ‚
1354 891 1477 988 qui
1503 890 1636 962 hoc
1659 890 2000 963 fecerunt.
2023 890 2363 981 Quamvis
2385 911 2628 963 autem
2645 946 2666 979 ‚

556 1001 861 1104 judices,
906 1004 1204 1107 adjicere
1248 1005 1587 1076 invidiam
1632 1003 1998 1076 sceleribus
2038 1032 2376 1077 numerus
2407 1003 2664 1093 soleat,

564 1146 692 1191 nos
716 1140 949 1192 tamen
980 1147 1109 1193 oon
1120 1120 1494 1209 fitebimur,
1527 1122 1706 1193 inter
1732 1122 1972 1193 solatia
2002 1122 2256 1195 doloris
2279 1121 2498 1194 nostri
2523 1148 2664 1194 esse

564 1238 1085 1309 numerandum
1106 1295 1125 1328 ,
1156 1238 1343 1335 quod
1376 1238 1586 1310 ambo
1611 1238 1987 1338 perierunt.
2019 1240 2128 1310 Sic
2159 1239 2449 1309 miseros
2480 1264 2665 1309 com-

566 1351 789 1442 misit,
836 1372 915 1423 ut
953 1352 1007 1423 si
1052 1378 1235 1426 unus
1279 1352 1582 1444 vicisset,
1631 1374 1782 1452 post
1823 1352 2396 1453 quinquennium
2441 1352 2662 1424 redire

563 1494 707 1541 non
755 1487 998 1566 posset.
1042 1468 1196 1541 Sive
1228 1468 1440 1568 igitur
1479 1491 1791 1543 constare
1827 1471 2056 1561 vobis,
2091 1469 2406 1570 judices,
2453 1468 2663 1541 debet

562 1582 777 1657 ultio:
816 1584 1011 1659 nulla
1038 1612 1355 1683 unquam
1388 1614 1491 1657 res
1519 1587 1613 1659 sic
1645 1608 1888 1660 contra
1913 1587 2099 1686 leges
2127 1584 2508 1683 excogitata
2529 1605 2658 1673 est,

564 1721 640 1772 ut
685 1700 863 1773 intra
908 1702 1080 1776 fines
1128 1704 1644 1804 deprehensum
1689 1705 1878 1776 exsul
1923 1704 2228 1777 exsulem
2260 1702 2656 1776 occideret:

562 1816 703 1889 sive
741 1817 1161 1891 crudelitatis
1205 1819 1474 1925 exigere
1519 1820 1768 1891 debeat
1809 1848 2086 1919 poenam
2115 1840 2334 1891 vestra
2351 1817 2656 1919 justitia,

561 1958 707 2003 >non
738 1932 897 2005 satis
929 1934 1208 2025 habuit,
1240 1935 1430 2033 quod
1475 1935 1797 2007 adversus
1827 1936 2108 2005 miseros
2140 1932 2250 2004 lex
2286 1933 2460 2004 irata
2493 1958 2663 2003 con-

562 2048 935 2147 scripserat.
974 2050 1263 2138 Quanto
1302 2050 1498 2121 enim
1547 2049 1828 2148 gravius·
1863 2046 2150 2121 tulerint
2187 2046 2660 2147 supplicium,

562 2186 776 2259 quam
802 2184 1231 2253 meruerant,
1252 2164 1360 2235 vel
1386 2164 1484 2235 sic
1509 2164 1838 2235 aestimate
1865 2190 1880 2234 ε
1913 2163 2044 2235 hoc
2067 2162 2397 2251 inimicus
2419 2160 2658 2261 eleg-it,

562 2296 631 2349 et
660 2278 997 2349 inimicus
1020 2280 1446 2378 pauperibus
1475 2280 1685 2353 iratus
1710 2308 1725 2350 :
1753 2280 1897 2351 haec
1919 2280 2115 2352 enim
2145 2278 2304 2351 odia
2329 2277 2660 2350 altissime

558 2392 841 2484 sedent,
882 2420 1110 2490 quum
1152 2393 1408 2492 aliquis
1451 2394 1574 2485 iis,
1621 2422 1794 2493 quos
1835 2394 2282 2495 contempsit,
2324 2392 2658 2466 irascitur.

560 2511 986 2581 Innocentiae
1040 2510 1295 2582 fiducia
1340 2531 1584 2583 contra
1629 2537 1795 2610 opes
1845 2511 2042 2582 istius
2085 2527 2452 2599 steterantg
2517 2535 2660 2582 non

559 2643 795 2696 tamen
838 2623 1055 2698 futuri
1089 2651 1325 2725 pares,
1360 2625 1497 2697 nisi
1535 2626 1679 2698 duo
1717 2627 2054 2698 fuissent:
2093 2646 2330 2698 eontra
2363 2626 2661 2724 gratiam

556 2765 999 2816 armaverunt
1030 2742 1580 2816 misericordiam
1615 2743 1724 2814 sui
1749 2757 1796 2832 ¹,
1841 2741 2062 2815 donec
2103 2741 2316 2815 ambo
2355 2742 2428 2814 in
2467 2741 2660 2841 peri·-

560 2857 802 2930 culum
852 2861 1093 2958 capitis
1140 2859 1421 2932 adducti
1461 2887 1476 2931 :
1541 2880 1740 2932 testes
1788 2859 1980 2930 enim
2029 2885 2172 2931 non
2223 2859 2655 2931 defuerunt:

560 2995 905 3070 quantum
930 2977 1125 3050 enim
1150 2975 1364 3050 valuit
1396 2976 1829 3065 innocentia,
1863 2975 2176 3048 constitit
2209 2974 2386 3046 inter
2415 2999 2658 3048 omnes

562 3109 706 3158 non
736 3089 1033 3186 potuisse
1064 3090 1281 3182 illud,
1318 3091 1450 3162 nisi
1483 3091 1573 3161 ab
1605 3089 2172 3190 imprudentibus
2207 3089 2380 3162 fieri.
2417 3091 2658 3161 Incre-

561 3199 776 3277 dibile
812 3223 943 3293 est,
982 3201 1293 3303 judices,
1338 3226 1602 3303 quanto
1647 3203 2006 3276 difficilius
2045 3202 2303 3274 finibus
2345 3222 2656 3292 careant,

561 3318 684 3418 qui
700 3318 1022 3391 exsilium
1042 3347 1186 3392 non
1208 3342 1616 3396 meruerunt
1639 3347 1654 3393 ε
1682 3319 2270 3420 amplectebantur
2287 3318 2522 3390 miseri
2539 3317 2656 3418 pio

562 3506 837 3584 Quatenus
882 3517 1023 3570 enim
1061 3517 1307 3576 voluntas
1353 3517 1526 3570 abfuit
1549 3557 1568 3586 ,
1649 3529 1842 3584 rentur,
1867 3535 2076 3591 quoque
2095 3515 2306 3588 infestos
2329 3514 2658 3570 intersecan-

562 3607 713 3646 erant
738 3595 1066 3649 innocentes.
1099 3595 1202 3648 Sed
1229 3616 1312 3648 me
1342 3595 1570 3649 offendit
1647 3619 1846 3653 cun-ere
1863 3593 2554 3675 coegit.Gnon.—Exsu1em
2573 3615 2656 3648 ex·

560 3671 615 3724 τό
628 3673 915 3746 confestim.
933 3677 1047 3727 Hoc
1064 3677 1201 3728 enim
1217 3675 1403 3729 acerbe
1418 3689 1569 3750 post·
1647 3679 1741 3732 sul.
1765 3680 1842 3731 Ex
1866 3678 2234 3732 emendatione
2257 3673 2437 3728 AErod.

562 3774 624 3808 ea
644 3755 1008 3828 exprobratur,
1026 3757 1174 3830 quod
1191 3757 1448 3830 quidquid
1465 3759 1570 3810 fac-
1725 3777 1744 3812 1
1757 3801 1768 3812 .
1785 3761 2142 3812 Amaverunt
2157 3756 2576 3810 misericor-dian.
2593 3755 2662 3808 Se

562 3849 677 3888 tum
697 3849 801 3902 est,
816 3857 926 3889 non
947 3851 1025 3890 est
1043 3837 1245 3890 factum
1264 3837 1564 3890 confestim.
1647 3839 1993 3894 misericordia
2023 3838 2105 3892 sui
2117 3875 2134 3902 ,
2162 3835 2340 3888 AErod.
2365 3837 2448 3886 An
2465 3873 2482 3900 ‚
2509 3852 2660 3886 ma-

562 3920 732 3970 lnfra:
776 3919 924 3990 Quod
960 3915 1163 3972 vultum
1192 3931 1339 3972 tuum
1377 3921 1572 3975 diutius
1649 3931 1830 3973 verunt
1853 3941 1924 3971 m.
1943 3919 2038 3972 sui.
2065 3919 2283 3972 Scnuur.
2300 3946 2370 3957 —
2393 3917 2658 3986 Quantum

565 4001 755 4053 vident.
788 3999 881 4068 Et,
915 4021 1021 4054 non
1056 4001 1176 4054 licet
1207 4001 1300 4053 tibi
1325 4001 1566 4076 qladium
1647 4004 1785 4055 enim
1833 4001 2017 4056 valuit.
2063 3999 2345 4054 ,Er-odius:
2391 3999 2656 4068 Quantum

563 4099 717 4152 supra
746 4085 959 4137 cervices
987 4083 1080 4136 diu
1114 4095 1297 4136 tenere.
1332 4085 1566 4136 Forsan:
1647 4095 1840 4137 autem.
1877 4084 1989 4154 Ego
2025 4079 2234 4134 malimz
2273 4080 2538 4152 Quantum
2575 4087 2660 4131 ta·

565 4161 815 4218 Homines
837 4167 1155 4234 innoeentes,
1175 4185 1340 4240 quum
1359 4167 1572 4222 damna-
1647 4185 1769 4219 men
1791 4163 1977 4218 valuit.
2002 4165 2169 4218 Gnon.
