2855 4871
587 453 1426 521 DECLAMATIONES.
1472 456 1907 521 CCCXLVI.
2090 463 2101 474 '
2172 457 2296 536 425

182 721 218 740 ἢ
223 719 490 742 mm
497 721 1174 744 mmmm

2150 723 2302 746 mu

970 925 1533 1004 CCCXLVI.

639 1157 856 1227 Tutor
858 1153 1006 1254 filii
1025 1160 1131 1228 sui
1162 1159 1234 1226 in
1255 1157 1691 1256 adoptionem
1718 1159 1883 1230 dati.

193 1363 524 1420 Anvmus
559 1382 805 1424 nuum
846 1382 928 1423 κε
961 1383 1086 1438 Qua
1125 1385 1219 1424 srr
1252 1384 1459 1440 acrio,
1492 1383 1616 1425 mei
1649 1384 1998 1426 nummu:-
2030 1363 2301 1442 Quidam

279 1459 460 1520 dedit
484 1459 688 1522 filium
719 1463 788 1522 in
819 1462 1254 1545 adoptionem:
1288 1465 1563 1525 moriens
1596 1463 1729 1540 ille,
1763 1463 2029 1524 instituit
2067 1475 2306 1544 patrem

280 1557 418 1640 ejus
441 1559 789 1621 naturalem
811 1573 1118 1636 tutorem3
1148 1559 1254 1623 ille
1274 1563 1537 1624 tutelam
1565 1562 1781 1644 gessit:
1808 1562 2078 1622 rationes
2101 1559 2305 1620 reddi-

280 1657 402 1717 dit.
425 1658 722 1718 Accusare
743 1657 848 1719 ille
871 1657 1007 1718 vult
1031 1671 1270 1741 patrem
1293 1659 1501 1720 tuteloe
1534 1659 1695 1720 male
1727 1672 1929 1740 gestae.
1962 1655 2307 1716 Praescribit

281 1753 428 1832 ille,
457 1752 630 1835 quod
652 1755 815 1816 actio
843 1775 976 1816 non
1002 1757 1082 1816 sit
1113 1754 1402 1818 adversus
1425 1766 1663 1838 patrem
1680 1800 1699 1833 ,
1721 1755 1843 1816 nisi
1871 1752 2217 1834 dementiae.

1077 1941 1444 2008 SERMO.

293 2103 548 2167 Natura
585 2103 683 2167 rei
731 2104 1007 2168 fortasse
1051 2101 1182 2168 hoc
1227 2102 1477 2169 fecerat
1495 2117 1540 2184 ¹,
1583 2119 1662 2168 ut
1699 2101 1809 2168 hic
1850 2118 2064 2192 pater,
2104 2120 2305 2188 quem

207 2207 386 2272 filius
405 2230 592 2272 reum
613 2208 758 2274 vult
775 2209 1026 2290 facere,
1051 2210 1388 2291 irascatur,
1413 2227 1616 2300 atque
1642 2231 1722 2274 eo
1746 2206 1953 2296 magis
1972 2206 2304 2289 irascatur,

207 2309 396 2400 quod
431 2310 518 2376 de
556 2310 696 2376 filio
735 2311 908 2378 bene
945 2313 1219 2393 meruit,
1264 2335 1398 2378 non
1442 2328 1699 2378 tantum
1738 2308 2151 2402 generando,
2191 2305 2308 2373 sed

210 2419 414 2484 etiam
457 2417 681 2485 dando
719 2421 788 2485 in
830 2419 1281 2511 adoptionem.
1327 2420 1456 2489 Sed
1497 2444 1635 2487 non
1679 2442 1945 2511 semper
1984 2414 2309 2509 sequendi

207 2544 366 2591 sunt
391 2527 670 2593 affectus
688 2578 707 2610 ,
737 2544 804 2594 et
831 2527 1228 2619 plerumque
1261 2528 1615 2595 consilium
1646 2527 1749 2594 his
1778 2522 2307 2616 praeponendum

209 2647 328 2697 est.
369 2634 496 2697 Hic
526 2634 702 2698 enim
736 2649 944 2724 pater,
981 2636 1103 2701 etsi
1135 2658 1365 2701 revera
1390 2636 1712 2712 irascitur,
1744 2628 2156 2697 dissimulare
2178 2626 2309 2691 hoc

209 2737 456 2817 (lebet,
493 2754 563 2805 et
595 2763 792 2830 agere
827 2742 1060 2807 mitem
1088 2759 1157 2808 et
1183 2739 1680 2831 indulgentem:
1714 2759 1868 2802 nam
1898 2758 2105 2825 quum
2140 2754 2309 2820 prae-

209 2846 453 2912 scribat
487 2845 648 2928 hoc,
677 2848 1046 2937 approbare
1085 2849 1288 2917 debet
1314 2847 1690 2941 judicibus;
1728 2844 1977 2911 idcirco
2014 2840 2310 2931 praescri·

209 2950 373 3017 bere
413 2976 516 3035 se,
557 2977 642 3019 ne
681 2978 836 3021 cum
871 2956 1010 3023 filio
1047 2958 1306 3047 gravius
1349 2953 1746 3022 contendat:
1788 2950 2035 3040 alioqui
2072 2949 2127 3015 si
2166 2947 2309 3012 haec

209 3082 408 3125 causa
446 3062 915 3148 praescribendi
953 3086 1092 3131 non
1128 3080 1262 3145 est,
1301 3060 1663 3152 supererit,
1698 3076 1773 3126 ut
1808 3056 2183 3125 diffidentia
2212 3055 2310 3119 vi-

212 3162 450 3231 deatur
471 3168 540 3230 in
567 3190 779 3234 causa.

901 3334 1608 3400 DECLAMATIO.

313 3491 488 3561 CUM
517 3495 746 3565 mm:
773 3515 996 3568 Aeno
1029 3516 1126 3569 ΝΕ
1157 3515 1310 3584 QUA
1343 3514 1481 3586 srr,
1512 3512 1655 3567 msi
1692 3510 2109 3565 nmmum.
2150 3490 2307 3561 Alio

213 3605 515 3679 crimine
549 3636 663 3681 me
699 3637 899 3683 reum
933 3612 1084 3684 fieri
1127 3612 1585 3686 manifestum
1620 3631 1737 3683 est.
1772 3610 1996 3683 Nemo
2031 3606 2308 3681 dubita-

213 3720 322 3793 bit
338 3777 359 3810 ,
384 3723 555 3822 quin
582 3724 654 3796 id
679 3724 810 3799 hac
830 3725 982 3825 lege
1007 3755 1150 3801 non
1172 3729 1413 3820 liceat,
1438 3727 1494 3799 si
1519 3753 1645 3827 ego
1670 3747 1864 3826 pater
1890 3752 2049 3798 sum
2074 3750 2089 3795 ε
2117 3721 2311 3821 atqui

213 3862 305 3907 ne
343 3836 434 3910 de
472 3865 554 3911 eo
591 3841 878 3939 quidem
917 3842 1216 3917 dubitari
1261 3842 1545 3944 poterit,
1579 3841 1753 3942 quin
1788 3862 1983 3941 pater
2006 3838 2163 3911 sim.
2197 3836 2309 3907 An

217 4042 436 4097 remque
459 4024 530 4077 ad
551 4039 800 4099 posteros,
823 4029 1037 4084 volebat
1057 4032 1224 4085 Fran·
1304 4034 1384 4085 Ita
1403 4028 1540 4082 alios
1558 4028 1735 4101 legere
1753 4028 1809 4079 in
1826 4044 1994 4097 marg.
2014 4023 2192 4079 AErod.
2213 4042 2310 4079 no·

217 4104 348 4154 cius.
1307 4122 1475 4173 tatur-3
1500 4122 1553 4161 et
1586 4120 1729 4173 recte
1761 4120 1915 4180 puto.
1946 4136 2021 4145 —
2048 4104 2223 4179 Atque
2250 4123 2311 4157 eo

299 4199 318 4233 ι
331 4221 343 4233 .
379 4184 496 4237 Hoc
515 4185 734 4258 fecerat.
769 4190 886 4245 IIoc
902 4189 1068 4262 ferat.
1102 4191 1223 4243 Sca.
1307 4190 1474 4264 magis
1492 4191 1754 4243 irascatur.
1776 4190 1897 4241 Haec
1916 4186 2111 4259 abjecit
2130 4184 2308 4241 AErod.
