2855 4871
553 451 680 532 452
1054 453 1145 515 M.
1194 451 1446 516 FABII
1492 449 2139 533 QUINTILIANI

547 575 675 641 bus
690 575 974 641 invicem
990 576 1270 664 cognitis
1283 623 1299 654 ,
1315 575 1535 661 primo
1552 589 1911 662 utrumqne
1926 571 2381 640 excanduisse:
2398 572 2626 639 deinde

547 696 839 746 tutorem
873 705 952 746 ex
983 681 1386 748 conscientia
1419 679 1787 760 rationum,
1826 679 2124 746 omisisse
2161 681 2382 767 potius
2417 681 2628 744 matri-

546 787 755 852 monii
797 787 1154 852 vindictam
1177 836 1194 862 ‚
1242 809 1445 876 quam
1491 787 1741 852 mutuis
1784 784 2051 850 caderet
2094 785 2461 852 actionibus
2480 781 2509 850 ε’
2536 788 2629 850 sic

546 917 738 984 pares
761 910 1197 984 acceptasque
1223 893 1426 960 factas
1448 915 1465 944 1
1495 891 1811 958 actiones.

865 1143 2603 1167 mmmmm-amm*

1356 1327 1829 1404 CCCLVI.

767 1557 837 1626 F
832 1555 1020 1628 ilius²
1051 1582 1182 1656 pro
1206 1563 1554 1630 meretrice
1570 1563 1817 1659 patris,
1843 1583 2037 1630 suam
2062 1557 2415 1630 redimens.

545 1749 819 1828 Quidam
843 1751 1160 1811 luxurioso
1185 1749 1319 1812 filio
1337 1795 1354 1827 ,
1381 1753 1617 1812 amanti
1644 1743 2029 1813 meretricem
2045 1797 2062 1826 ,
2092 1751 2257 1812 dedit
2279 1751 2630 1834 pecuniam,

627 1860 698 1906 ut
732 1845 849 1907 sibi
885 1861 1114 1908 emeret
1151 1869 1289 1908 eam
1313 1851 1744 1925 meretricem,
1771 1871 1960 1932 quam
1989 1851 2120 1931 ipse
2151 1863 2326 1932 pater
2357 1849 2627 1909 amabat:

627 1943 730 2004 ille
753 1965 890 2005 eam
915 1945 1211 2021 redemit,
1241 1965 1433 2027 quam
1462 1946 1590 2028 ipse
1613 1945 1967 2007 adolescens
1993 1943 2263 2005 amabat.
2289 1943 2630 2004 Abdicatur.

1405 2124 1778 2190 SERMO.

637 2280 763 2342 Hic
801 2300 1001 2342 senex
1038 2276 1216 2342 dicet
1255 2275 1465 2341 filium
1506 2277 1708 2342 fuisse
1745 2277 2189 2354 luxuriosum,
2231 2290 2299 2341 et
2330 2299 2468 2342 non
2506 2277 2633 2341 siue

549 2381 832 2447 maximo
869 2381 1250 2470 patrimonii
1286 2403 1362 2445 ac
1405 2381 1597 2447 famae
1631 2380 1874 2447 damno
1902 2403 2154 2447 amasse
2186 2381 2632 2457 meretricem;

545 2492 653 2555 cui
679 2490 853 2555 malo
871 2491 1159 2556 voluisse
1181 2489 1435 2554 mederi
1456 2507 1742 2579 patrem3
1771 2512 1945 2577 saepe
1966 2490 2384 2580 objurgatum
2406 2489 2634 2565 filium;

552 2618 722 2685 saepe
761 2614 1052 2673 secret0,
1098 2617 1271 2685 saepe
1310 2597 1510 2660 etiam
1551 2595 1766 2685 palam
1804 2596 2211 2684 castigatum.
2255 2599 2481 2680 Quum
2510 2597 2637 2687 jam

549 2723 673 2766 nec
699 2702 1071 2791 sumptibus
1090 2753 1106 2783 ,
1135 2724 1259 2766 nec
1286 2698 1746 2766 verecundiae-⁹1
1780 2700 1930 2766 finis
1959 2702 2212 2789 imponi
2247 2719 2509 2789 posset,
2534 2699 2635 2765 ha·

465 2802 471 2809 ’
549 2806 772 2873 buisse
809 2832 960 2873 cum
989 2810 1280 2897 cognatis
1310 2806 1699 2886 consilium,
1732 2806 2053 2896 quidnam
2090 2830 2161 2872 se
2199 2809 2421 2873 facere
2460 2830 2637 2897 opor-

551 2930 740 2977 teret.
773 2913 1166 2979 Abdicaret?
1190 2912 1308 2980 sed
1345 2928 1531 2979 tanto
1564 2912 1837 2979 liberior
1868 2913 2100 2978 fuisset
2132 2912 2427 2977 luxuria:
2468 2914 2639 2979 oesti·

552 3018 771 3104 garet?
785 3015 903 3081 sed
924 3016 1088 3081 nihil
1110 3017 1491 3107 castigando
1512 3002 1907 3107 profecerat.
1924 3020 2335 3086 Succurrisse
2356 3019 2638 3108 cognatis

553 3137 621 3185 et
655 3122 882 3185 amicis
922 3122 1282 3203 rationem,
1324 3147 1453 3213 qua
1488 3135 1799 3211 putarent
1829 3124 2151 3213 juvenem
2189 3147 2383 3212 posse
2424 3146 2638 3203 emen-

554 3225 730 3307 dari,
762 3228 814 3291 si
851 3226 1187 3292 simularet
1222 3246 1431 3315 pater,
1470 3229 1672 3293 amari
1704 3254 1741 3294 a
1772 3252 1841 3293 se
1875 3232 2323 3310 meretricem,
2367 3248 2434 3295 et
2468 3232 2639 3295 daret

553 3335 904 3421 pecuniam
939 3334 1353 3421 potissimum
1388 3334 1515 3422 ipsi
1554 3334 1691 3399 filio
1724 3333 1815 3398 ad
1840 3332 2336 3401 redimendam:
2379 3334 2561 3426 qnod
2591 3333 2638 3397 si

553 3440 844 3519 fecisset,
873 3441 1171 3507 futurum
1202 3457 1273 3505 ut
1300 3442 1636 3521 meretrix,
1670 3441 2015 3530 redempta
2042 3444 2245 3509 altera
2270 3446 2634 3519 meretrice,

555 3542 798 3610 deinde
839 3545 922 3610 ab
961 3549 1106 3635 ipso
1148 3545 1569 3613 adolescente
1612 3546 2024 3637 redempta4,
2064 3548 2536 3638 indignaretur,
2582 3562 2637 3611 et

633 3706 676 3740 1.
699 3690 880 3743 Factus
901 3691 1142 3743 actiones.
1169 3690 1280 3758 An,
1306 3694 1561 3743 rationes?
1640 3692 1879 3745 XXXVI.
1906 3722 1979 3731 —
2008 3692 2177 3761 Quam
2206 3695 2315 3765 ipse
2340 3692 2637 3745 adolescens·

557 3768 698 3839 quod
719 3771 960 3841 praefero.
989 3771 1208 3823 Scnmsr.
1229 3770 1471 3838 Mallem,
1489 3772 1561 3823 sic
1648 3772 1817 3841 Quam
1858 3772 1964 3841 ipse
1998 3770 2365 3841 (adolescens)
2400 3774 2636 3831 amant,

549 3865 700 3918 pares
715 3848 918 3919 factas,
947 3860 1282 3921 acceptasque
1306 3850 1559 3915 rationes,
1642 3864 1702 3901 ut
1733 3850 1800 3901 ab
1828 3848 1933 3901 alio
1968 3851 2033 3901 sit
2064 3851 2262 3902 inserta
2283 3868 2385 3902 vox
2402 3888 2419 3916 ,
2451 3847 2639 3902 adoles·

553 3926 634 3975 vel
658 3929 897 3980 actiones.
921 3930 990 3980 Ut
1012 3930 1084 3979 ita
1105 3928 1257 4000 paria
1267 3928 1451 3999 facere
1473 3948 1559 3981 sae-
1639 3946 1772 3981 cens.
1798 3928 2018 3980 Senum.

553 4022 622 4073 pe
647 4005 700 4055 in
727 4006 1225 4058 Declamatiouibus.
1249 4004 1380 4057 Vide
1407 4007 1555 4059 Decl.
1710 4010 1761 4061 3.
1796 4010 1909 4062 Nec
1944 4008 2275 4061 verecundiae.
2308 4010 2423 4062 Nec
2452 4010 2637 4063 iavere-

557 4086 656 4149 lX,
685 4082 774 4147 ¹63
799 4101 848 4137 et
873 4088 994 4149 ΧΠ,
1024 4088 1116 4153 24,
1141 4102 1192 4139 ct
1220 4087 1361 4139 alibi.
1387 4089 1555 4139 Bnnn.
1640 4090 1854 4143 cundia».
1880 4090 2101 4142 Senum.

633 4180 682 4217 2.
705 4163 884 4217 filius.
899 4166 1018 4221 vid.
1043 4166 1296 4239 Calpurn.
1321 4168 1557 4223 Declam.
1710 4168 1760 4237 4.
1788 4169 1869 4221 Ab
1893 4168 2001 4240 ipso
2022 4167 2345 4223 adolescente
2368 4170 2632 4241 redempta·
