<?xml version="1.0" encoding="UTF-8"?>
<!DOCTYPE html PUBLIC "-//W3C//DTD XHTML 1.0 Transitional//EN"
    "http://www.w3.org/TR/xhtml1/DTD/xhtml1-transitional.dtd">
<html xmlns="http://www.w3.org/1999/xhtml" xml:lang="en" lang="en">
 <head>
  <title>
</title>
<meta http-equiv="Content-Type" content="text/html;charset=utf-8" />
  <meta name='ocr-system' content='tesseract 3.04.00' />
  <meta name='ocr-capabilities' content='ocr_page ocr_carea ocr_par ocr_line ocrx_word'/>
</head>
<body>
  <div class='ocr_page' id='page_1' title='image "./marcusfabiusqui06spalgoog_0463.png"; bbox 0 0 2855 4871; ppageno 0'>
   <div class='ocr_carea' id='block_1_1' title="bbox 611 423 2205 510">
    <p class='ocr_par' dir='ltr' id='par_1_1' title="bbox 611 423 2205 510">
     <span class='ocr_line' id='line_1_1' title="bbox 611 423 2205 510; baseline -0.004 -15"><span class='ocrx_word' id='word_1_1' title='bbox 611 427 740 510; x_wconf 74' lang='lat'><strong>45⁸</strong></span> <span class='ocrx_word' id='word_1_2' title='bbox 1111 429 1204 493; x_wconf 86' lang='lat' dir='ltr'><strong>M.</strong></span> <span class='ocrx_word' id='word_1_3' title='bbox 1253 425 1507 492; x_wconf 68' lang='lat' dir='ltr'><strong>mnu</strong></span> <span class='ocrx_word' id='word_1_4' title='bbox 1554 423 2205 508; x_wconf 70' lang='lat' dir='ltr'><strong>Qum&#39;rlmmt</strong></span> 
     </span>
    </p>
   </div>
   <div class='ocr_carea' id='block_1_2' title="bbox 1300 619 2011 687">
    <p class='ocr_par' dir='ltr' id='par_1_2' title="bbox 1300 619 2011 687">
     <span class='ocr_line' id='line_1_2' title="bbox 1300 619 2011 687; baseline -0.007 0"><span class='ocrx_word' id='word_1_5' title='bbox 1300 619 2011 687; x_wconf 82' lang='lat' dir='ltr'><strong>DECLAMATIO.</strong></span> 
     </span>
    </p>
   </div>
   <div class='ocr_carea' id='block_1_3' title="bbox 606 781 2701 1573">
    <p class='ocr_par' dir='ltr' id='par_1_3' title="bbox 606 781 2701 1573">
     <span class='ocr_line' id='line_1_3' title="bbox 705 781 2701 881; baseline 0.002 -30"><span class='ocrx_word' id='word_1_6' title='bbox 705 781 871 853; x_wconf 88' lang='lat' dir='ltr'><strong>Sero</strong></span> <span class='ocrx_word' id='word_1_7' title='bbox 909 781 1120 881; x_wconf 82' lang='lat' dir='ltr'><strong>petis3</strong></span> <span class='ocrx_word' id='word_1_8' title='bbox 1161 799 1228 854; x_wconf 86' lang='lat' dir='ltr'><strong>et</strong></span> <span class='ocrx_word' id='word_1_9' title='bbox 1253 781 1448 853; x_wconf 84' lang='lat' dir='ltr'><strong>aliud</strong></span> <span class='ocrx_word' id='word_1_10' title='bbox 1476 781 1983 881; x_wconf 87' lang='lat' dir='ltr'>patrimonium</span> <span class='ocrx_word' id='word_1_11' title='bbox 2023 799 2141 852; x_wconf 87' lang='lat' dir='ltr'><strong>est.</strong></span> <span class='ocrx_word' id='word_1_12' title='bbox 2184 781 2477 853; x_wconf 88' lang='lat' dir='ltr'><strong>Dudum</strong></span> <span class='ocrx_word' id='word_1_13' title='bbox 2516 781 2701 855; x_wconf 84' lang='lat' dir='ltr'><strong>heres</strong></span> 
     </span>
     <span class='ocr_line' id='line_1_4' title="bbox 610 891 2699 996; baseline 0.001 -29"><span class='ocrx_word' id='word_1_14' title='bbox 610 895 840 968; x_wconf 81' lang='lat' dir='ltr'><strong>mariti</strong></span> <span class='ocrx_word' id='word_1_15' title='bbox 883 897 985 968; x_wconf 90' lang='lat' dir='ltr'><strong>tui</strong></span> <span class='ocrx_word' id='word_1_16' title='bbox 1029 909 1250 969; x_wconf 79' lang='lat' dir='ltr'><strong>erat¹z</strong></span> <span class='ocrx_word' id='word_1_17' title='bbox 1297 923 1338 968; x_wconf 85' lang='lat' dir='ltr'>a</span> <span class='ocrx_word' id='word_1_18' title='bbox 1375 891 1520 967; x_wconf 84' lang='lat' dir='ltr'><strong>filio</strong></span> <span class='ocrx_word' id='word_1_19' title='bbox 1563 915 1793 996; x_wconf 85' lang='lat' dir='ltr'><strong>petere</strong></span> <span class='ocrx_word' id='word_1_20' title='bbox 1832 895 2171 986; x_wconf 85' lang='lat' dir='ltr'><strong>debuisti3</strong></span> <span class='ocrx_word' id='word_1_21' title='bbox 2218 921 2345 994; x_wconf 77' lang='lat' dir='ltr'><strong>ego</strong></span> <span class='ocrx_word' id='word_1_22' title='bbox 2387 923 2466 968; x_wconf 84' lang='lat' dir='ltr'><strong>ex</strong></span> <span class='ocrx_word' id='word_1_23' title='bbox 2510 895 2699 970; x_wconf 84' lang='lat' dir='ltr'><strong>bonis</strong></span> 
     </span>
     <span class='ocr_line' id='line_1_5' title="bbox 611 1009 2700 1112; baseline 0 -29"><span class='ocrx_word' id='word_1_24' title='bbox 611 1011 839 1083; x_wconf 86' lang='lat' dir='ltr'><strong>mariti</strong></span> <span class='ocrx_word' id='word_1_25' title='bbox 875 1013 1016 1085; x_wconf 90' lang='lat' dir='ltr'><strong>mei</strong></span> <span class='ocrx_word' id='word_1_26' title='bbox 1045 1031 1280 1112; x_wconf 85' lang='lat' dir='ltr'><strong>repeto</strong></span> <span class='ocrx_word' id='word_1_27' title='bbox 1307 1039 1320 1084; x_wconf 93' lang='lat'><strong>:</strong></span> <span class='ocrx_word' id='word_1_28' title='bbox 1353 1038 1521 1082; x_wconf 87' lang='lat' dir='ltr'><strong>nam</strong></span> <span class='ocrx_word' id='word_1_29' title='bbox 1548 1009 1702 1082; x_wconf 84' lang='lat' dir='ltr'><strong>duae</strong></span> <span class='ocrx_word' id='word_1_30' title='bbox 1734 1029 1989 1084; x_wconf 89' lang='lat' dir='ltr'><strong>mortes</strong></span> <span class='ocrx_word' id='word_1_31' title='bbox 2014 1009 2419 1083; x_wconf 85' lang='lat' dir='ltr'><strong>maritorum</strong></span> <span class='ocrx_word' id='word_1_32' title='bbox 2438 1070 2458 1102; x_wconf 91' lang='lat'>,</span> <span class='ocrx_word' id='word_1_33' title='bbox 2490 1011 2700 1084; x_wconf 86' lang='lat' dir='ltr'><strong>diver-</strong></span> 
     </span>
     <span class='ocr_line' id='line_1_6' title="bbox 610 1124 2695 1225; baseline -0.001 -27"><span class='ocrx_word' id='word_1_34' title='bbox 610 1153 714 1199; x_wconf 83' lang='lat' dir='ltr'><strong>sas</strong></span> <span class='ocrx_word' id='word_1_35' title='bbox 751 1125 1214 1200; x_wconf 84' lang='lat' dir='ltr'><strong>successiones</strong></span> <span class='ocrx_word' id='word_1_36' title='bbox 1252 1125 1538 1198; x_wconf 83' lang='lat' dir='ltr'><strong>habent.</strong></span> <span class='ocrx_word' id='word_1_37' title='bbox 1578 1124 2041 1212; x_wconf 63' lang='lat' dir='ltr'><strong>Bona-mariti</strong></span> <span class='ocrx_word' id='word_1_38' title='bbox 2080 1125 2260 1213; x_wconf 85' lang='lat' dir='ltr'><strong>mei,</strong></span> <span class='ocrx_word' id='word_1_39' title='bbox 2300 1147 2522 1196; x_wconf 85' lang='lat' dir='ltr'><strong>morte</strong></span> <span class='ocrx_word' id='word_1_40' title='bbox 2558 1125 2695 1225; x_wconf 88' lang='lat' dir='ltr'><strong>ejus</strong></span> 
     </span>
     <span class='ocr_line' id='line_1_7' title="bbox 609 1234 2693 1341; baseline -0 -28"><span class='ocrx_word' id='word_1_41' title='bbox 609 1243 787 1316; x_wconf 79' lang='lat' dir='ltr'><strong>facta</strong></span> <span class='ocrx_word' id='word_1_42' title='bbox 815 1263 1018 1316; x_wconf 88' lang='lat' dir='ltr'><strong>sunt:</strong></span> <span class='ocrx_word' id='word_1_43' title='bbox 1055 1242 1232 1315; x_wconf 89' lang='lat' dir='ltr'><strong>dum</strong></span> <span class='ocrx_word' id='word_1_44' title='bbox 1270 1235 1561 1332; x_wconf 86' lang='lat' dir='ltr'><strong>viveret,</strong></span> <span class='ocrx_word' id='word_1_45' title='bbox 1609 1234 1819 1341; x_wconf 87' lang='lat' dir='ltr'><strong>patris</strong></span> <span class='ocrx_word' id='word_1_46' title='bbox 1862 1241 2171 1314; x_wconf 83' lang='lat' dir='ltr'><strong>fuerunt.</strong></span> <span class='ocrx_word' id='word_1_47' title='bbox 2214 1243 2357 1313; x_wconf 86' lang='lat' dir='ltr'><strong>Dos</strong></span> <span class='ocrx_word' id='word_1_48' title='bbox 2396 1263 2529 1330; x_wconf 87' lang='lat' dir='ltr'><strong>est,</strong></span> <span class='ocrx_word' id='word_1_49' title='bbox 2568 1241 2618 1313; x_wconf 86' lang='lat' dir='ltr'><strong>si</strong></span> <span class='ocrx_word' id='word_1_50' title='bbox 2656 1269 2693 1312; x_wconf 87' lang='lat' dir='ltr'>a</span> 
     </span>
     <span class='ocr_line' id='line_1_8' title="bbox 607 1355 2691 1457; baseline 0 -29"><span class='ocrx_word' id='word_1_51' title='bbox 607 1357 780 1448; x_wconf 90' lang='lat' dir='ltr'><strong>viro,</strong></span> <span class='ocrx_word' id='word_1_52' title='bbox 802 1378 921 1429; x_wconf 86' lang='lat' dir='ltr'><strong>aut</strong></span> <span class='ocrx_word' id='word_1_53' title='bbox 942 1355 1034 1430; x_wconf 87' lang='lat' dir='ltr'><strong>ab</strong></span> <span class='ocrx_word' id='word_1_54' title='bbox 1053 1355 1307 1430; x_wconf 86' lang='lat' dir='ltr'><strong>herede</strong></span> <span class='ocrx_word' id='word_1_55' title='bbox 1333 1357 1483 1457; x_wconf 87' lang='lat' dir='ltr'><strong>ejus</strong></span> <span class='ocrx_word' id='word_1_56' title='bbox 1502 1377 1880 1455; x_wconf 86' lang='lat' dir='ltr'><strong>repetatur:</strong></span> <span class='ocrx_word' id='word_1_57' title='bbox 1908 1377 1985 1430; x_wconf 87' lang='lat' dir='ltr'><strong>tu</strong></span> <span class='ocrx_word' id='word_1_58' title='bbox 2006 1358 2263 1429; x_wconf 82' lang='lat' dir='ltr'><strong>amisso</strong></span> <span class='ocrx_word' id='word_1_59' title='bbox 2282 1358 2453 1448; x_wconf 84' lang='lat' dir='ltr'><strong>viro,</strong></span> <span class='ocrx_word' id='word_1_60' title='bbox 2482 1383 2691 1457; x_wconf 86' lang='lat' dir='ltr'><strong>quum</strong></span> 
     </span>
     <span class='ocr_line' id='line_1_9' title="bbox 606 1470 2335 1573; baseline -0.001 -31"><span class='ocrx_word' id='word_1_61' title='bbox 606 1471 841 1544; x_wconf 87' lang='lat' dir='ltr'><strong>dotem</strong></span> <span class='ocrx_word' id='word_1_62' title='bbox 873 1499 1018 1544; x_wconf 87' lang='lat' dir='ltr'><strong>non</strong></span> <span class='ocrx_word' id='word_1_63' title='bbox 1048 1471 1343 1573; x_wconf 88' lang='lat' dir='ltr'><strong>petiisti,</strong></span> <span class='ocrx_word' id='word_1_64' title='bbox 1375 1472 1599 1545; x_wconf 87' lang='lat' dir='ltr'><strong>fecisti</strong></span> <span class='ocrx_word' id='word_1_65' title='bbox 1631 1470 1973 1544; x_wconf 88' lang='lat' dir='ltr'><strong>creditum</strong></span> <span class='ocrx_word' id='word_1_66' title='bbox 1992 1485 2019 1516; x_wconf 84' lang='lat'>²</span> <span class='ocrx_word' id='word_1_67' title='bbox 2050 1497 2128 1542; x_wconf 83' lang='lat' dir='ltr'><strong>ex</strong></span> <span class='ocrx_word' id='word_1_68' title='bbox 2156 1470 2335 1544; x_wconf 90' lang='lat' dir='ltr'><strong>dote.</strong></span> 
     </span>
    </p>
   </div>
   <div class='ocr_carea' id='block_1_4' title="bbox 1474 1671 1837 1740">
    <p class='ocr_par' dir='ltr' id='par_1_4' title="bbox 1474 1671 1837 1740">
     <span class='ocr_line' id='line_1_10' title="bbox 1474 1671 1837 1740; baseline -0.006 -1"><span class='ocrx_word' id='word_1_69' title='bbox 1474 1671 1837 1740; x_wconf 86' lang='lat' dir='ltr'><strong>SERMO.</strong></span> 
     </span>
    </p>
   </div>
   <div class='ocr_carea' id='block_1_5' title="bbox 599 1829 2686 2029">
    <p class='ocr_par' dir='ltr' id='par_1_5' title="bbox 599 1829 2686 2029">
     <span class='ocr_line' id='line_1_11' title="bbox 685 1829 2686 1922; baseline 0 -27"><span class='ocrx_word' id='word_1_70' title='bbox 685 1832 1266 1921; x_wconf 80' lang='lat' dir='ltr'><strong>circumscriptam</strong></span> <span class='ocrx_word' id='word_1_71' title='bbox 1290 1854 1361 1898; x_wconf 88' lang='lat' dir='ltr'><strong>se</strong></span> <span class='ocrx_word' id='word_1_72' title='bbox 1391 1855 1601 1898; x_wconf 86' lang='lat' dir='ltr'><strong>nurus</strong></span> <span class='ocrx_word' id='word_1_73' title='bbox 1630 1846 1983 1922; x_wconf 80' lang='lat' dir='ltr'><strong>queretur:</strong></span> <span class='ocrx_word' id='word_1_74' title='bbox 2016 1847 2081 1896; x_wconf 92' lang='lat' dir='ltr'><strong>et</strong></span> <span class='ocrx_word' id='word_1_75' title='bbox 2110 1831 2176 1895; x_wconf 90' lang='lat' dir='ltr'><strong>in</strong></span> <span class='ocrx_word' id='word_1_76' title='bbox 2208 1829 2493 1896; x_wconf 81' lang='lat' dir='ltr'><strong>ultim0³</strong></span> <span class='ocrx_word' id='word_1_77' title='bbox 2520 1853 2686 1922; x_wconf 85' lang='lat' dir='ltr'><strong>quae·</strong></span> 
     </span>
     <span class='ocr_line' id='line_1_12' title="bbox 599 1934 2684 2029; baseline -0.002 -26"><span class='ocrx_word' id='word_1_78' title='bbox 599 1955 727 2017; x_wconf 90' lang='lat' dir='ltr'><strong>ret,</strong></span> <span class='ocrx_word' id='word_1_79' title='bbox 749 1938 818 2002; x_wconf 86' lang='lat' dir='ltr'><strong>in</strong></span> <span class='ocrx_word' id='word_1_80' title='bbox 839 1961 1042 2029; x_wconf 88' lang='lat' dir='ltr'><strong>quem</strong></span> <span class='ocrx_word' id='word_1_81' title='bbox 1061 1961 1258 2003; x_wconf 88' lang='lat' dir='ltr'><strong>usum</strong></span> <span class='ocrx_word' id='word_1_82' title='bbox 1277 1961 1444 2004; x_wconf 83' lang='lat' dir='ltr'><strong>anus</strong></span> <span class='ocrx_word' id='word_1_83' title='bbox 1465 1936 1691 2003; x_wconf 90' lang='lat' dir='ltr'><strong>dotem</strong></span> <span class='ocrx_word' id='word_1_84' title='bbox 1712 1935 2083 2003; x_wconf 78' lang='lat' dir='ltr'><strong>desideret?</strong></span> <span class='ocrx_word' id='word_1_85' title='bbox 2100 1937 2345 2001; x_wconf 84' lang='lat' dir='ltr'><strong>Contra</strong></span> <span class='ocrx_word' id='word_1_86' title='bbox 2366 1934 2477 2000; x_wconf 86' lang='lat' dir='ltr'><strong>illa</strong></span> <span class='ocrx_word' id='word_1_87' title='bbox 2498 1935 2684 2013; x_wconf 87' lang='lat' dir='ltr'><strong>dicet,</strong></span> 
     </span>
    </p>
   </div>
   <div class='ocr_carea' id='block_1_6' title="bbox 595 2045 2685 2242">
    <p class='ocr_par' dir='ltr' id='par_1_6' title="bbox 595 2045 2685 2242">
     <span class='ocr_line' id='line_1_13' title="bbox 595 2045 2685 2133; baseline -0.001 -23"><span class='ocrx_word' id='word_1_88' title='bbox 595 2045 766 2112; x_wconf 85' lang='lat' dir='ltr'><strong>hane</strong></span> <span class='ocrx_word' id='word_1_89' title='bbox 801 2046 1150 2112; x_wconf 87' lang='lat' dir='ltr'><strong>mulierem</strong></span> <span class='ocrx_word' id='word_1_90' title='bbox 1189 2045 1605 2112; x_wconf 79' lang='lat' dir='ltr'><strong>ambitiosam</strong></span> <span class='ocrx_word' id='word_1_91' title='bbox 1646 2061 1714 2110; x_wconf 88' lang='lat' dir='ltr'><strong>et</strong></span> <span class='ocrx_word' id='word_1_92' title='bbox 1751 2047 2091 2133; x_wconf 83' lang='lat' dir='ltr'><strong>profusam</strong></span> <span class='ocrx_word' id='word_1_93' title='bbox 2128 2045 2366 2124; x_wconf 82' lang='lat' dir='ltr'><strong>fuisse,</strong></span> <span class='ocrx_word' id='word_1_94' title='bbox 2408 2069 2543 2111; x_wconf 87' lang='lat' dir='ltr'><strong>non</strong></span> <span class='ocrx_word' id='word_1_95' title='bbox 2576 2045 2685 2110; x_wconf 89' lang='lat' dir='ltr'><strong>mi·</strong></span> 
     </span>
     <span class='ocr_line' id='line_1_14' title="bbox 596 2149 2357 2242; baseline -0.001 -26"><span class='ocrx_word' id='word_1_96' title='bbox 596 2153 776 2218; x_wconf 87' lang='lat' dir='ltr'><strong>nime</strong></span> <span class='ocrx_word' id='word_1_97' title='bbox 801 2161 1158 2242; x_wconf 75' lang='lat' dir='ltr'><strong>propterea</strong></span> <span class='ocrx_word' id='word_1_98' title='bbox 1185 2149 1268 2216; x_wconf 81' lang='lat' dir='ltr'><strong>ad</strong></span> <span class='ocrx_word' id='word_1_99' title='bbox 1301 2167 1661 2240; x_wconf 79' lang='lat' dir='ltr'><strong>egestatem</strong></span> <span class='ocrx_word' id='word_1_100' title='bbox 1692 2149 2092 2240; x_wconf 88' lang='lat' dir='ltr'><strong>perductum</strong></span> <span class='ocrx_word' id='word_1_101' title='bbox 2116 2150 2357 2215; x_wconf 85' lang='lat' dir='ltr'><strong>virum.</strong></span> 
     </span>
    </p>
   </div>
   <div class='ocr_carea' id='block_1_7' title="bbox 1287 2297 2832 2412">
    <p class='ocr_par' dir='ltr' id='par_1_7' title="bbox 1287 2297 2832 2412">
     <span class='ocr_line' id='line_1_15' title="bbox 1287 2297 2832 2412; baseline 0.001 -2"><span class='ocrx_word' id='word_1_102' title='bbox 1287 2342 1993 2412; x_wconf 80' lang='lat' dir='ltr'>DECLAMATIO.</span> <span class='ocrx_word' id='word_1_103' title='bbox 2830 2297 2832 2411; x_wconf 61' lang='grc' dir='ltr'>Ῑ</span> 
     </span>
    </p>
   </div>
   <div class='ocr_carea' id='block_1_8' title="bbox 593 2508 2678 2695">
    <p class='ocr_par' dir='ltr' id='par_1_8' title="bbox 593 2508 2678 2695">
     <span class='ocr_line' id='line_1_16' title="bbox 689 2508 2678 2612; baseline 0.003 -33"><span class='ocrx_word' id='word_1_104' title='bbox 689 2510 921 2580; x_wconf 79' lang='lat' dir='ltr'><strong>Nur-us</strong></span> <span class='ocrx_word' id='word_1_105' title='bbox 960 2527 1226 2607; x_wconf 87' lang='lat' dir='ltr'><strong>oportet</strong></span> <span class='ocrx_word' id='word_1_106' title='bbox 1268 2528 1310 2579; x_wconf 81' lang='lat' dir='ltr'><strong>a</strong></span> <span class='ocrx_word' id='word_1_107' title='bbox 1347 2508 1496 2583; x_wconf 79' lang='lat' dir='ltr'><strong>viro</strong></span> <span class='ocrx_word' id='word_1_108' title='bbox 1532 2508 1769 2581; x_wconf 87' lang='lat' dir='ltr'><strong>dotem</strong></span> <span class='ocrx_word' id='word_1_109' title='bbox 1814 2522 2111 2609; x_wconf 80' lang='lat' dir='ltr'><strong>repetat,</strong></span> <span class='ocrx_word' id='word_1_110' title='bbox 2146 2532 2383 2582; x_wconf 82' lang='lat' dir='ltr'><strong>socrus</strong></span> <span class='ocrx_word' id='word_1_111' title='bbox 2416 2534 2463 2583; x_wconf 82' lang='lat' dir='ltr'>a</span> <span class='ocrx_word' id='word_1_112' title='bbox 2494 2512 2678 2612; x_wconf 83' lang='lat' dir='ltr'><strong>patn&#39;·</strong></span> 
     </span>
     <span class='ocr_line' id='line_1_17' title="bbox 593 2622 900 2695; baseline -0.003 0"><span class='ocrx_word' id='word_1_113' title='bbox 593 2623 831 2695; x_wconf 89' lang='lat' dir='ltr'><strong>monio</strong></span> <span class='ocrx_word' id='word_1_114' title='bbox 846 2622 900 2694; x_wconf 74' lang='grc'><strong>4.</strong></span> 
     </span>
    </p>
   </div>
   <div class='ocr_carea' id='block_1_9' title="bbox 583 2808 2673 3369">
    <p class='ocr_par' dir='ltr' id='par_1_9' title="bbox 583 2808 2673 3277">
     <span class='ocr_line' id='line_1_18' title="bbox 665 2808 2672 2879; baseline 0.001 -19"><span class='ocrx_word' id='word_1_115' title='bbox 665 2826 710 2861; x_wconf 85' lang='lat'><strong>1.</strong></span> <span class='ocrx_word' id='word_1_116' title='bbox 740 2810 954 2863; x_wconf 75' lang='lat' dir='ltr'><strong>Dudum</strong></span> <span class='ocrx_word' id='word_1_117' title='bbox 985 2811 1125 2864; x_wconf 71' lang='lat' dir='ltr'><strong>lieres</strong></span> <span class='ocrx_word' id='word_1_118' title='bbox 1149 2811 1329 2863; x_wconf 74' lang='lat' dir='ltr'><strong>mariti</strong></span> <span class='ocrx_word' id='word_1_119' title='bbox 1357 2812 1438 2862; x_wconf 75' lang='lat' dir='ltr'><strong>tui</strong></span> <span class='ocrx_word' id='word_1_120' title='bbox 1468 2818 1595 2863; x_wconf 79' lang='lat' dir='ltr'><strong>erat.</strong></span> <span class='ocrx_word' id='word_1_121' title='bbox 1748 2808 1800 2862; x_wconf 84' lang='lat'><strong>3.</strong></span> <span class='ocrx_word' id='word_1_122' title='bbox 1818 2810 2493 2879; x_wconf 74' lang='lat' dir='ltr'><strong>Etinultimo.Etu1timo,</strong></span> <span class='ocrx_word' id='word_1_123' title='bbox 2510 2812 2672 2865; x_wconf 79' lang='lat' dir='ltr'><strong>AErod.</strong></span> 
     </span>
     <span class='ocr_line' id='line_1_19' title="bbox 591 2888 2673 2961; baseline 0.004 -22"><span class='ocrx_word' id='word_1_124' title='bbox 591 2890 670 2940; x_wconf 85' lang='lat' dir='ltr'><strong>Tu</strong></span> <span class='ocrx_word' id='word_1_125' title='bbox 693 2889 817 2939; x_wconf 80' lang='lat' dir='ltr'><strong>dum</strong></span> <span class='ocrx_word' id='word_1_126' title='bbox 845 2890 895 2940; x_wconf 83' lang='grc' dir='ltr'><strong>Ιι.</strong></span> <span class='ocrx_word' id='word_1_127' title='bbox 919 2908 990 2941; x_wconf 89' lang='lat' dir='ltr'><strong>m.</strong></span> <span class='ocrx_word' id='word_1_128' title='bbox 1014 2900 1048 2941; x_wconf 79' lang='lat' dir='ltr'><strong>t.</strong></span> <span class='ocrx_word' id='word_1_129' title='bbox 1071 2902 1210 2957; x_wconf 78' lang='lat' dir='ltr'><strong>erat,</strong></span> <span class='ocrx_word' id='word_1_130' title='bbox 1232 2888 1410 2943; x_wconf 85' lang='lat' dir='ltr'><strong>AErod.</strong></span> <span class='ocrx_word' id='word_1_131' title='bbox 1439 2892 1593 2943; x_wconf 62' lang='lat' dir='ltr'><strong>Erat.-</strong></span> <span class='ocrx_word' id='word_1_132' title='bbox 1674 2890 1908 2945; x_wconf 76' lang='lat' dir='ltr'><strong>—Anus</strong></span> <span class='ocrx_word' id='word_1_133' title='bbox 1920 2892 2110 2944; x_wconf 77' lang='lat' dir='ltr'><strong>dotem.</strong></span> <span class='ocrx_word' id='word_1_134' title='bbox 2128 2891 2267 2945; x_wconf 80' lang='lat' dir='ltr'><strong>Ante</strong></span> <span class='ocrx_word' id='word_1_135' title='bbox 2286 2893 2493 2961; x_wconf 76' lang='lat' dir='ltr'><strong>dotem,</strong></span> <span class='ocrx_word' id='word_1_136' title='bbox 2512 2895 2673 2949; x_wconf 82' lang='lat' dir='ltr'><strong>AErod.</strong></span> 
     </span>
     <span class='ocr_line' id='line_1_20' title="bbox 585 2964 2673 3044; baseline 0.003 -25"><span class='ocrx_word' id='word_1_137' title='bbox 585 2980 707 3019; x_wconf 75' lang='lat' dir='ltr'><strong>nam</strong></span> <span class='ocrx_word' id='word_1_138' title='bbox 721 2966 820 3019; x_wconf 82' lang='lat' dir='ltr'><strong>dos</strong></span> <span class='ocrx_word' id='word_1_139' title='bbox 833 2964 1030 3021; x_wconf 78' lang='lat' dir='ltr'><strong>herede</strong></span> <span class='ocrx_word' id='word_1_140' title='bbox 1045 2984 1207 3022; x_wconf 78' lang='lat' dir='ltr'><strong>uxore</strong></span> <span class='ocrx_word' id='word_1_141' title='bbox 1223 2966 1453 3023; x_wconf 74' lang='lat' dir='ltr'><strong>confusa</strong></span> <span class='ocrx_word' id='word_1_142' title='bbox 1464 2968 1595 3021; x_wconf 75' lang='lat' dir='ltr'><strong>fuis-</strong></span> <span class='ocrx_word' id='word_1_143' title='bbox 1674 3000 1745 3009; x_wconf 90' lang='lat'>—</span> <span class='ocrx_word' id='word_1_144' title='bbox 1758 2968 1883 3023; x_wconf 75' lang='lat' dir='ltr'><strong>Non</strong></span> <span class='ocrx_word' id='word_1_145' title='bbox 1904 2970 2136 3023; x_wconf 70' lang='lat' dir='ltr'><strong>minime.</strong></span> <span class='ocrx_word' id='word_1_146' title='bbox 2154 2972 2237 3023; x_wconf 79' lang='lat' dir='ltr'><strong>An</strong></span> <span class='ocrx_word' id='word_1_147' title='bbox 2256 2984 2367 3022; x_wconf 80' lang='lat' dir='ltr'><strong>non</strong></span> <span class='ocrx_word' id='word_1_148' title='bbox 2386 2988 2673 3044; x_wconf 60' lang='lat' dir='ltr'><strong>praem-et,</strong></span> 
     </span>
     <span class='ocr_line' id='line_1_21' title="bbox 585 3048 2673 3119; baseline 0.003 -18"><span class='ocrx_word' id='word_1_149' title='bbox 585 3060 695 3112; x_wconf 77' lang='lat' dir='ltr'><strong>set,</strong></span> <span class='ocrx_word' id='word_1_150' title='bbox 727 3066 892 3117; x_wconf 65' lang='lat' dir='ltr'><strong>marg.</strong></span> <span class='ocrx_word' id='word_1_151' title='bbox 923 3048 1104 3101; x_wconf 80' lang='lat' dir='ltr'><strong>AErod.</strong></span> <span class='ocrx_word' id='word_1_152' title='bbox 1142 3077 1211 3090; x_wconf 82' lang='lat'><strong>—-</strong></span> <span class='ocrx_word' id='word_1_153' title='bbox 1235 3052 1425 3103; x_wconf 70' lang='lat' dir='ltr'><strong>Mariti</strong></span> <span class='ocrx_word' id='word_1_154' title='bbox 1456 3050 1593 3115; x_wconf 76' lang='lat' dir='ltr'><strong>mei,</strong></span> <span class='ocrx_word' id='word_1_155' title='bbox 1674 3070 1783 3104; x_wconf 69' lang='lat' dir='ltr'><strong>non</strong></span> <span class='ocrx_word' id='word_1_156' title='bbox 1806 3051 1996 3105; x_wconf 73' lang='lat' dir='ltr'><strong>dubie?</strong></span> <span class='ocrx_word' id='word_1_157' title='bbox 2018 3052 2144 3107; x_wconf 71' lang='lat' dir='ltr'><strong>Non</strong></span> <span class='ocrx_word' id='word_1_158' title='bbox 2166 3054 2395 3119; x_wconf 73' lang='lat' dir='ltr'><strong>minam,</strong></span> <span class='ocrx_word' id='word_1_159' title='bbox 2416 3053 2673 3107; x_wconf 70' lang='lat' dir='ltr'><strong>Eroti.—</strong></span> 
     </span>
     <span class='ocr_line' id='line_1_22' title="bbox 585 3128 2671 3202; baseline 0.005 -23"><span class='ocrx_word' id='word_1_160' title='bbox 585 3138 763 3180; x_wconf 77' lang='lat' dir='ltr'><strong>morte.</strong></span> <span class='ocrx_word' id='word_1_161' title='bbox 789 3128 976 3180; x_wconf 75' lang='lat' dir='ltr'><strong>Mariti</strong></span> <span class='ocrx_word' id='word_1_162' title='bbox 997 3128 1102 3177; x_wconf 80' lang='lat' dir='ltr'><strong>mei</strong></span> <span class='ocrx_word' id='word_1_163' title='bbox 1123 3140 1315 3194; x_wconf 78' lang='lat' dir='ltr'><strong>morte,</strong></span> <span class='ocrx_word' id='word_1_164' title='bbox 1339 3132 1455 3202; x_wconf 61' lang='lat' dir='ltr'><strong>qius</strong></span> <span class='ocrx_word' id='word_1_165' title='bbox 1470 3129 1525 3200; x_wconf 84' lang='lat' dir='ltr'><strong>f.</strong></span> <span class='ocrx_word' id='word_1_166' title='bbox 1552 3148 1590 3182; x_wconf 80' lang='lat' dir='ltr'><strong>s.</strong></span> <span class='ocrx_word' id='word_1_167' title='bbox 1672 3132 2003 3187; x_wconf 72' lang='lat' dir='ltr'><strong>Per-ducum.</strong></span> <span class='ocrx_word' id='word_1_168' title='bbox 2029 3132 2357 3185; x_wconf 70' lang='lat' dir='ltr'><strong>Pmductum</strong></span> <span class='ocrx_word' id='word_1_169' title='bbox 2370 3174 2393 3201; x_wconf 87' lang='lat'>,</span> <span class='ocrx_word' id='word_1_170' title='bbox 2424 3134 2671 3189; x_wconf 66' lang='lat' dir='ltr'><strong>editiones</strong></span> 
     </span>
     <span class='ocr_line' id='line_1_23' title="bbox 583 3203 2521 3277; baseline 0.005 -18"><span class='ocrx_word' id='word_1_171' title='bbox 583 3210 658 3259; x_wconf 81' lang='lat' dir='ltr'><strong>ita</strong></span> <span class='ocrx_word' id='word_1_172' title='bbox 681 3203 953 3277; x_wconf 75' lang='lat' dir='ltr'><strong>distinguit</strong></span> <span class='ocrx_word' id='word_1_173' title='bbox 976 3205 1156 3258; x_wconf 80' lang='lat' dir='ltr'><strong>AErod.</strong></span> <span class='ocrx_word' id='word_1_174' title='bbox 1676 3206 1804 3265; x_wconf 79' lang='lat' dir='ltr'><strong>aliae.</strong></span> <span class='ocrx_word' id='word_1_175' title='bbox 1822 3210 1943 3265; x_wconf 81' lang='lat' dir='ltr'><strong>Vid.</strong></span> <span class='ocrx_word' id='word_1_176' title='bbox 1968 3208 2037 3265; x_wconf 80' lang='lat' dir='ltr'><strong>ad</strong></span> <span class='ocrx_word' id='word_1_177' title='bbox 2060 3208 2297 3266; x_wconf 79' lang='lat' dir='ltr'><strong>Declam.</strong></span> <span class='ocrx_word' id='word_1_178' title='bbox 2324 3212 2521 3268; x_wconf 82' lang='lat' dir='ltr'>COCV.</span> 
     </span>
    </p>

    <p class='ocr_par' dir='ltr' id='par_1_10' title="bbox 658 3282 2671 3369">
     <span class='ocr_line' id='line_1_24' title="bbox 658 3282 2671 3369; baseline 0.006 -32"><span class='ocrx_word' id='word_1_179' title='bbox 658 3300 705 3338; x_wconf 79' lang='lat'><strong>2.</strong></span> <span class='ocrx_word' id='word_1_180' title='bbox 735 3283 922 3340; x_wconf 67' lang='lat' dir='ltr'><strong>Fecisti</strong></span> <span class='ocrx_word' id='word_1_181' title='bbox 947 3282 1212 3339; x_wconf 75' lang='lat' dir='ltr'><strong>creditum.</strong></span> <span class='ocrx_word' id='word_1_182' title='bbox 1239 3282 1309 3338; x_wconf 73' lang='lat' dir='ltr'><strong>At</strong></span> <span class='ocrx_word' id='word_1_183' title='bbox 1335 3301 1447 3340; x_wconf 85' lang='lat' dir='ltr'><strong>non</strong></span> <span class='ocrx_word' id='word_1_184' title='bbox 1476 3301 1593 3342; x_wconf 66' lang='lat' dir='ltr'><strong>ere-</strong></span> <span class='ocrx_word' id='word_1_185' title='bbox 1745 3292 1889 3361; x_wconf 58' lang='lat'><strong>421</strong></span> <span class='ocrx_word' id='word_1_186' title='bbox 1924 3294 2265 3369; x_wconf 71' lang='lat' dir='ltr'><strong>patrimonio.</strong></span> <span class='ocrx_word' id='word_1_187' title='bbox 2310 3298 2383 3348; x_wconf 79' lang='lat' dir='ltr'><strong>At</strong></span> <span class='ocrx_word' id='word_1_188' title='bbox 2420 3296 2478 3349; x_wconf 79' lang='lat' dir='ltr'><strong>in</strong></span> <span class='ocrx_word' id='word_1_189' title='bbox 2520 3298 2671 3369; x_wconf 70' lang='lat' dir='ltr'><strong>paui-</strong></span> 
     </span>
    </p>
   </div>
   <div class='ocr_carea' id='block_1_10' title="bbox 581 3366 2667 3507">
    <p class='ocr_par' dir='ltr' id='par_1_11' title="bbox 581 3366 2667 3507">
     <span class='ocr_line' id='line_1_25' title="bbox 581 3366 2667 3505; baseline 0.001 -84"><span class='ocrx_word' id='word_1_190' title='bbox 581 3366 705 3500; x_wconf 58' lang='grc' dir='ltr'><strong>ἀὲιιὶ,</strong></span> <span class='ocrx_word' id='word_1_191' title='bbox 724 3366 822 3421; x_wconf 77' lang='lat' dir='ltr'><strong>sed</strong></span> <span class='ocrx_word' id='word_1_192' title='bbox 837 3366 977 3423; x_wconf 71' lang='lat' dir='ltr'><strong>dotis</strong></span> <span class='ocrx_word' id='word_1_193' title='bbox 997 3368 1168 3441; x_wconf 70' lang='lat' dir='ltr'><strong>prima</strong></span> <span class='ocrx_word' id='word_1_194' title='bbox 1185 3367 1416 3423; x_wconf 70' lang='lat' dir='ltr'><strong>hah-mr</strong></span> <span class='ocrx_word' id='word_1_195' title='bbox 1434 3373 1589 3424; x_wconf 74' lang='lat' dir='ltr'><strong>ratio.</strong></span> <span class='ocrx_word' id='word_1_196' title='bbox 1672 3374 1857 3505; x_wconf 46' lang='lat' dir='ltr'><strong>Kaio</strong></span> <span class='ocrx_word' id='word_1_197' title='bbox 1874 3372 1969 3427; x_wconf 80' lang='lat' dir='ltr'><strong>filii</strong></span> <span class='ocrx_word' id='word_1_198' title='bbox 1992 3388 2071 3427; x_wconf 78' lang='lat' dir='ltr'><strong>est</strong></span> <span class='ocrx_word' id='word_1_199' title='bbox 2092 3375 2475 3445; x_wconf 71' lang='lat' dir='ltr'><strong>patrimonium</strong></span> <span class='ocrx_word' id='word_1_200' title='bbox 2498 3377 2667 3448; x_wconf 72' lang='lat' dir='ltr'><strong>patris.</strong></span> 
     </span>
     <span class='ocr_line' id='line_1_26' title="bbox 681 3460 1852 3507; baseline 0.006 -9"><span class='ocrx_word' id='word_1_201' title='bbox 681 3460 766 3499; x_wconf 75' lang='grc' dir='ltr'><strong>ου.</strong></span> <span class='ocrx_word' id='word_1_202' title='bbox 1768 3470 1852 3507; x_wconf 86' lang='lat' dir='ltr'><strong>on.</strong></span> 
     </span>
    </p>
   </div>
  </div>
 </body>
</html>
