2855 4871
687 414 1526 507 DECLAMATIONESL
1572 440 1848 505 xxm.
2189 440 2312 508 565

212 684 511 707 mmm

902 687 997 707 m

1290 686 2056 713 mmmmmmmm
2067 688 2248 709 mm
2257 692 2310 711 υ,

1088 872 1444 963 XXIII.

824 1088 1234 1185 Pereqrinus
1252 1102 1269 1131 ¹
1309 1093 1706 1161 cruciaria&
1771 1152 1778 1159 .

216 1286 569 1347 Cwmmm
595 1306 970 1347 maneamus
996 1306 1304 1348 usunmns
1320 1332 1338 1363 ,
1367 1308 1628 1349 venen.
1653 1264 1883 1349 Lmzn'
1911 1313 1974 1350 m
2007 1312 2316 1353 nui-maus

298 1404 645 1444 munnam
695 1402 1062 1459 vmmcann,
1096 1405 1184 1447 .1²,·r
1228 1405 1307 1445 nr,
1363 1406 1614 1446 mmsro
1655 1406 1967 1449 surpucto
2011 1409 2315 1449 ‘rumonus

298 1502 659 1541 struunt.
696 1482 819 1559 Qui
852 1481 1178 1541 videbatur
1210 1481 1287 1541 de
1318 1483 1558 1543 civibus
1589 1496 1806 1559 natus,
1839 1506 2038 1567 quum
2069 1486 2316 1545 absente

296 1590 469 1661 patre
492 1600 658 1655 eam,
676 1600 817 1661 quae
836 1592 1031 1639 mater
1048 1576 1377 1641 videbatur
1390 1590 1444 1655 ²,
1461 1581 1529 1639 in
1549 1580 1850 1643 adulterio
1870 1580 2313 1665 deprehensam

300 1677 719 1757 insequeretur
746 1691 1050 1753 armatus,
1072 1680 1161 1739 ait
1183 1678 1291 1738 ina
1306 1722 1325 1754 ,
1349 1680 1492 1738 Non
1517 1700 1580 1739 es
1605 1700 1806 1741 meus:
1830 1683 2239 1763 perseveravit
2257 1696 2319 1742 et

299 1774 543 1836 occidit.
574 1778 790 1838 Postea
804 1776 1047 1859 judicio
1070 1779 1427 1861 peregrinus
1455 1781 1937 1861 pronunciatus,
1961 1794 2202 1864 emptus
2230 1794 2319 1841 est

298 1876 378 1935 ab
414 1876 743 1937 interfectae
776 1891 948 1960 patre
968 1900 985 1935 ι
1014 1878 1092 1935 ab
1129 1876 1347 1938 eodem
1384 1880 1590 1959 agitur
1623 1880 1690 1937 in
1728 1900 1990 1939 crucem.
2022 1882 2312 1939 Reversus

296 1984 547 2055 p'eregre
571 1976 652 2049 is,
678 1975 784 2055 qui
808 1969 1193 2049 videbatur-³,
1222 1974 1500 2056 appellat
1519 1974 1802 2036 tribunos
1821 1975 1898 2035 de
1915 1974 2145 2057 injusto
2163 1996 2312 2058 sup-

297 2072 509 2154 plicio.

910 2226 1061 2273 PRO
1111 2226 1609 2274 PEREGRINO.

316 2351 455 2424 Vix
491 2352 662 2424 dum
687 2322 1007 2425 ¹reversus
1038 2353 1110 2425 in
1142 2354 1474 2452 patriam,
1510 2354 1564 2425 si
1599 2376 1836 2427 tamen
1869 2353 2048 2425 hanc
2081 2352 2308 2425 adver·
2405 2416 2416 2429 ,

216 2468 372 2541 sarii
415 2469 523 2541 vel
565 2496 799 2541 meam
841 2468 1181 2568 patriam4
1228 2497 1372 2542 esse
1420 2469 1893 2560 contendunt,
1933 2467 2304 2567 parabam,

214 2583 518 2672 tribuni,
553 2583 825 2682 cognito
856 2583 985 2654 filii
1013 2583 1152 2655 mei
1183 2610 1383 2672 casu,
1408 2583 1754 2680 appellare
1782 2609 1897 2654 vos
1929 2582 2013 2652 de
2045 2581 2305 2680 injusto

216 2679 559 2798 supplicio
602 2697 980 2769 servitutis:
1028 2698 1147 2769 sed
1191 2717 1534 2797 quatenus
1569 2722 1760 2768 socer
1795 2695 2012 2784 saevit,
2054 2715 2131 2766 ut
2176 2721 2304 2766 nec

215 2810 599 2914 generum⁵
630 2811 832 2883 vellet
867 2839 1271 2911 agnoscere,
1309 2838 1438 2884 nec
1475 2831 1803 2909 nepotem
1826 2867 1845 2901 ,
1879 2808 1992 2879 det
2024 2828 2091 2879 et
2126 2807 2304 2878 mihi

294 2983 313 3017 ι
328 3007 338 3017 .
364 2938 688 3038 Ρεηρνὶηω.
708 2965 860 3018 Adde
878 2965 1027 3020 Deci.
1046 2967 1215 3034 xvn,
1366 2965 1417 3032 4.
1448 2967 1502 3020 V
1496 2965 1549 3018 el
1571 2982 1737 3016 meam
1763 2965 2009 3035 patriam.
2033 2964 2218 3014 Forte:
2243 2963 2304 3014 ni
2365 3027 2374 3036 .

214 3044 311 3097 ubi
332 3043 470 3097 vide.
1296 3055 1473 3097 tamen
1514 3045 1651 3096 hanc
1689 3043 1966 3096 adversarii
2001 3059 2096 3095 nec
2131 3061 2302 3094 meam

289 3141 337 3174 α.
384 3125 520 3176 Eam
568 3141 683 3196 quoe
726 3137 892 3177 mater
934 3123 1211 3177 videbatur.
1292 3127 1520 3196 patriam
1545 3143 1646 3178 esse
1667 3123 2004 3177 contendunt.
2035 3123 2202 3176 Gnon.
2231 3153 2303 3165 —-·

214 3205 354 3270 Quia
368 3206 754 3257 matrimonium
771 3223 879 3256 non
894 3203 1217 3275 intelligitur,

216 3303 315 3336 nec
336 3288 511 3355 justus
538 3298 704 3356 pater,
732 3300 824 3336 aut
852 3299 1019 3336 mater
1038 3287 1183 3358 justa
1200 3324 1217 3352 ,

214 3363 317 3414 nisi
358 3365 461 3414 sint
499 3365 669 3428 cives,
708 3365 797 3434 qui
835 3366 1045 3436 nuptias
1085 3383 1216 3416 con·

216 3444 481 3494 traxerint.
505 3443 777 3514 Naturalia
800 3457 975 3495 tamen
993 3448 1114 3516 jura
1136 3447 1215 3496 ni-

214 3517 325 3570 hilo
351 3523 519 3572 secius
543 3534 740 3572 tenent.
764 3523 980 3575 Senum.

288 3601 337 3652 3.
363 3603 605 3653 Reversus
622 3619 855 3674 peregre,
882 3603 947 3667 is,
966 3603 1061 3673 qm*
1082 3603 1216 3654 vide-

218 3681 383 3733 batur.
424 3682 593 3752 Lege,
634 3680 730 3752 qui
766 3680 893 3732 civis
932 3681 1211 3734 videbatur.

214 3759 433 3814 Senum.
470 3759 683 3825 Maiim,
712 3759 803 3833 qui
830 3769 985 3830 pater
1012 3761 1216 3813 videba-

214 3851 327 3902 tur,
357 3857 477 3890 nam
504 3841 709 3892 absente
730 3850 883 3912 patre
908 3857 1028 3889 mox
1055 3839 1211 3903 dixit3

212 3931 268 3969 et
294 3917 382 3968 ille
409 3917 612 3970 homini
627 3957 643 3984 ,
666 3918 731 3970 de
758 3937 812 3970 se
835 3919 971 3970 bene
994 3921 1179 3970 merito
1195 3959 1213 3986 ‚

215 3999 306 4067 qui
328 3998 572 4066 injuriam
595 3998 769 4049 mariti
786 4009 954 4048 morte
970 3995 1213 4052 adulterae

214 4077 390 4128 uxoris
420 4076 798 4142 vindicaverat,
827 4094 983 4148 opem
1012 4077 1215 4130 ferendi

212 4173 406 4208 munus
436 4154 729 4226 legitimum
754 4155 1089 4227 fungebatur.
1118 4155 1211 4210 En.

1296 3203 1417 3256 Esse
1439 3205 1772 3256 contendunt.
1801 3203 2057 3255 Fortassis
2081 3203 2267 3255 melius
2282 3241 2300 3269 ‚

1296 3284 1601 3338 concedunt.
1623 3287 1774 3336 Prrn.
1793 3285 1962 3354 Lege,
1981 3283 2299 3336 concedunt:

1297 3363 1444 3434 quod
1463 3363 1592 3416 vidit
1612 3377 1664 3415 et
1683 3362 1942 3422 Pithoeus3
1965 3359 2058 3412 sed
2076 3359 2298 3413 dubitat.

1295 3443 1510 3498 Senum.
1542 3445 1606 3494 Et
1629 3444 1700 3494 ita
1725 3440 2026 3494 Obrechtus
2050 3439 2228 3492 edidit.

1368 3525 1416 3577 5.
1444 3524 1601 3576 Socer
1627 3521 1798 3586 soevt‘t,
1829 3530 1888 3570 ut
1915 3537 2006 3572 nec
2029 3539 2296 3594 qenemm.

1293 3607 1461 3674 Lege:
1489 3611 1740 3675 quatenus
1759 3617 1901 3652 socer
1917 3600 2105 3666 soeviit,
2129 3610 2190 3650 ut
2209 3617 2304 3651 nec

1290 3699 1544 3756 yenerum
1574 3676 1732 3732 veltet
1754 3696 2052 3752 aynoeoeoe,
2093 3695 2188 3729 nec
2213 3697 2302 3730 ne·

1292 3774 1484 3833 potem.
1505 3759 1603 3812 vel
1625 3758 1766 3810 soevit
1781 3797 1797 3824 ,
1823 3771 1880 3809 et
1905 3754 2042 3809 velit.
2067 3757 2300 3808 Gnonov.

1294 3844 1418 3894 Non
1442 3843 1566 3894 satis
1589 3839 1858 3892 cohaerent
1880 3837 1988 3888 haec
2015 3839 2300 3908 superiori·-

1292 3923 1409 3975 bus.
1438 3923 1651 3974 Rectius
1673 3919 1976 3982 habebunt,
2000 3919 2042 3968 si
2065 3920 2159 3982 sit,
2186 3916 2298 3969 Sci-

1295 4000 1415 4053 licet
1449 4013 1701 4072 quatenus
1736 4015 1877 4050 socer·
1905 3997 2076 4062 soevit,
2113 4005 2174 4046 ut
2207 4015 2304 4048 nee

1289 4097 1538 4156 ymerum
1561 4077 1688 4130 velit
1707 4094 2004 4150 agnoscere,
2029 4094 2123 4128 nec
2145 4095 2303 4148 nepo-

1296 4171 1397 4213 tem
1416 4199 1438 4228 ,
1481 4159 1628 4213 dabit
1660 4167 1712 4210 et
1746 4155 1879 4209 mihi
1916 4157 2120 4210 veniam
2139 4195 2160 4223 ,
2195 4169 2298 4209 etc.
