2855 4871
543 433 1380 502 DECLAMATIONES.
1430 437 1890 505 CCCXXIII.
2134 442 2261 530 309

167 551 428 626 talibus
445 610 466 645 ‚
492 555 929 654 praesidium:
963 557 1326 630 oraculum
1357 559 1668 658 poposcit
1684 590 1702 649 ;
1735 587 1893 659 quae
1914 562 2027 634 hic
2050 562 2263 662 culpa

167 688 407 740 nostra
440 669 588 741 est?
627 671 906 770 accepit.
930 671 1307 761 Videlicet,
1344 672 1938 767 dii-immortales,
1984 698 2063 749 ut
2104 705 2263 776 pec-

166 785 500 857 cantibus
537 812 808 886 graves,
855 787 946 859 ita
975 788 1555 862 satisfacientibus
1584 790 1819 863 faciles
1836 818 1863 862 .:
1906 791 1963 864 si
1995 792 2263 864 noluis-

166 918 326 971 sent
351 901 746 973 remedium
778 901 876 973 illi
907 902 1304 1001 pestilentiae
1335 904 1745 993 concedere,
1779 931 1925 977 non
1954 904 2260 977 indicare

165 1034 592 1111 potuerunt:
623 1017 883 1089 restitui
905 1018 1172 1120 jussere
1201 1020 1483 1118 templa.
1522 1021 1798 1093 Gratias
1824 1021 2098 1119 publice
2126 1021 2267 1120 pri-

166 1129 530 1231 vatimque
549 1160 838 1232 agamus
861 1161 882 1205 2
907 1133 1224 1207 dedicare
1247 1134 1377 1235 ipsi
1407 1161 1551 1208 non
1575 1136 2034 1236 permiserunt
2057 1164 2071 1207 :
2100 1135 2270 1207 divi-

166 1272 326 1318 sum
365 1248 846 1349 partitumque
884 1276 1211 1350 responso
1247 1272 1380 1340 est,
1411 1252 1589 1349 quid
1614 1252 2004 1324 Alexander
2036 1252 2265 1324 facere

167 1360 495 1456 deberet,
541 1366 710 1463 quid
755 1393 906 1439 nos.
957 1366 1119 1459 Ille,
1162 1361 1352 1467 quod
1389 1366 1667 1459 debuit,
1710 1367 1881 1440 fecit
1918 1367 2261 1466 templum

169 1477 572 1575 speciosius,
602 1508 817 1581 quam
840 1483 1086 1571 fuerat,
1118 1503 1185 1555 et
1211 1482 1465 1557 cultius
1489 1482 1811 1555 exstruxit
1826 1483 2063 1555 animo
2087 1482 2265 1579 regis

169 1592 662 1689 periclitantis:
695 1618 919 1698 partes
949 1620 1354 1698 supererant
1376 1624 1572 1671 meae.
1597 1600 1863 1672 Excuso
1894 1626 2007 1671 me
2035 1597 2267 1688 vobis,

167 1706 264 1779 dii
299 1709 779 1803 immortales,
807 1713 995 1812 quod
1023 1740 1170 1787 non
1201 1714 1433 1787 statim
1461 1728 1477 1758 ¹
1514 1714 1602 1786 ad
1637 1715 2114 1787 conditionem
2145 1712 2265 1785 de·-

173 1823 540 1900 dicationis
568 1829 816 1921 accessi
851 1857 864 1902 :
904 1830 1038 1903 hoc
1068 1830 1260 1902 enim
1305 1857 1387 1903 ex
1419 1856 1745 1930 responso
1780 1851 1847 1905 et
1874 1829 2265 1903 Alexandro

171 1940 325 2013 satis
357 1965 540 2034 erat,
573 1945 765 2045 quod
794 1944 1301 2045 permittebant.
1331 1948 1482 2046 Ego
1520 1945 1979 2018 nihilominus
2005 1970 2265 2043 magna

171 2056 494 2130 mercede
534 2059 802 2159 suscepi
841 2060 974 2133 boc
1004 2059 1318 2133 officium
1350 2088 1364 2131 :
1401 2087 1646 2160 pacem
1679 2060 2001 2161 poposci,
2037 2059 2266 2158 impe-

175 2171 342 2241 travi
372 2197 387 2241 :
422 2172 636 2246 veluti
679 2201 795 2245 ore
840 2174 1055 2274 ipsius
1096 2174 1208 2247 dei
1237 2176 1477 2276 jussus
1509 2174 1861 2274 promisit,
1906 2173 2262 2274 praestitit‘:

169 2282 312 2359 baec
347 2308 448 2359 est
476 2289 858 2362 criminum
887 2316 1250 2383 meorum,
1273 2290 1585 2392 judiceS,
1620 2318 1898 2363 summa
1918 2320 1937 2380 ;
1980 2309 2048 2362 et
2080 2308 2263 2360 tem-

171 2396 372 2496 plum
417 2400 760 2476 habemus
807 2423 874 2476 et
915 2430 1186 2503 pacem.
1227 2404 1436 2476 Hosti
1482 2432 1690 2504 opem
1738 2404 1977 2478 tulisse
2015 2402 2210 2476 dicor
2246 2430 2261 2472 ε

173 2515 500 2590 nondum
519 2543 758 2591 causas
775 2518 934 2590 facti
955 2517 1098 2589 mei
1119 2517 1336 2589 reddo
1349 2575 1370 2609 ,
1392 2519 1715 2590 nondum
1742 2519 2077 2590 rationem
2096 2517 2266 2614 legis

173 2629 388 2728 ipsius
431 2633 728 2707 excutio.
775 2633 1066 2706 Interim
1113 2632 1284 2732 quid
1326 2660 1456 2705 vos,
1492 2632 1745 2733 putatis
1792 2658 1997 2731 opem
2041 2629 2267 2703 ferre?

173 2769 406 2843 neque
449 2748 639 2820 enim
688 2748 762 2820 id
807 2747 1035 2820 solum
1083 2749 1414 2844 quaeritur
1459 2747 1591 2820 hac
1635 2747 1823 2846 lege,
1876 2771 1962 2816 an
2012 2742 2265 2841 aliquis

173 2857 354 2932 hosti
391 2863 772 2962 profuerit:
815 2862 1039 2934 multa
1072 2862 1264 2935 enim
1309 2889 1469 2962 quae
1500 2861 1702 2934 utilia
1745 2880 1909 2934 sunt
1937 2859 2155 2951 hosti,
2199 2879 2265 2932 et

173 2973 366 3048 inviti
407 2999 480 3050 et
520 2979 1008 3082 imprudentes·
1033 2979 1368 3069 facimus3
1397 2978 1694 3077 ideoque
1723 2977 1855 3050 hoc
1886 3004 2032 3049 non
2065 3003 2264 3049 com-

175 3093 376 3190 plexa
401 3095 512 3168 lex
537 3117 672 3170 est:
699 3096 820 3169 sed
845 3097 1172 3168 adversus
1198 3121 1364 3170 eum
1387 3123 1460 3168 se
1486 3094 1878 3186 destrinxit,
1908 3093 2029 3194 qui
2053 3121 2261 3193 opem

175 3207 483 3282 tulisset:
519 3211 732 3300 illud,
781 3232 858 3282 ut
902 3210 1192 3310 opinor,
1232 3211 1405 3302 tale,
1454 3211 1574 3309 qui
1606 3209 1859 3282 auxilio
1894 3221 1921 3254 ²
1930 3208 2261 3310 juvisset,

241 3368 287 3404 t.
333 3351 487 3422 Quod
519 3373 626 3406 non
661 3355 854 3410 statim.
890 3357 1047 3408 Eorte
1083 3353 1182 3408 de-
1258 3355 1420 3424 Quod
1434 3352 1891 3426 reliquum‚nobis
1905 3350 2263 3424 praestmdum

169 3427 332 3483 lenda
355 3435 596 3502 negatio,
621 3446 712 3485 ant
735 3433 1046 3505 legendum,
1067 3453 1176 3487 non
1256 3449 1385 3490 erat.
1427 3436 1594 3490 Gnon.
1636 3464 1707 3478 —
1747 3434 1886 3505 Quid
1923 3453 2011 3488 vos
2044 3433 2271 3505 putatis.

169 3513 340 3564 statim
353 3513 540 3586 absque
551 3515 850 3569 conditione
861 3516 1179 3568 dedicationi
1259 3517 1398 3589 Quid
1418 3535 1506 3569 vos
1526 3536 1626 3570 esse
1643 3536 1699 3590 p.
1724 3513 1905 3570 AErod.

171 3597 367 3648 mi.
393 3595 614 3649 senum.
641 3627 706 3638 -—
729 3597 1028 3652 Alexandro
1053 3599 1174 3650 satis
1325 3615 1374 3650 2.
1405 3598 1507 3669 Qui
1526 3599 1729 3652 auxilio
1736 3597 1971 3670 juvisset.
1990 3596 2111 3648 Vet.
2136 3594 2258 3648 cod.

171 3687 280 3728 emt
299 3677 445 3750 quod
470 3681 858 3750 permittebant.
891 3678 1134 3732 AErodius
1156 3699 1168 3729 ε
1234 3678 1481 3750 juvessit,
1506 3677 1671 3728 verbo
1686 3713 1703 3740 ‚
1729 3687 1789 3726 ut
1810 3686 1973 3746 puto,
1996 3672 2261 3745 legitimo,

173 3755 254 3806 vel
271 3757 586 3812 Alexandri.
621 3762 688 3813 At
718 3780 819 3832 ego
851 3763 906 3812 in
933 3760 1014 3812 bis
1039 3757 1174 3811 nihil
1253 3755 1401 3830 quod
1423 3758 1741 3810 novari-non
1764 3755 1967 3808 debuit.
1995 3758 2145 3808 Ριτιι.
2174 3753 2259 3805 sio

171 3835 276 3886 vitii
304 3855 576 3908 agnosco,
603 3838 696 3891 sed
723 3843 778 3891 in
799 3837 985 3892 ultimo
1007 3835 1170 3890 verbo
1251 3835 1509 3908 Ulpianus
1542 3849 1595 3886 et
1625 3833 1954 3888 Callistratus
1988 3831 2072 3885 ad.
2090 3831 2261 3900 legem

171 3915 308 3983 leve,
324 3917 473 3989 quod
488 3931 666 3971 tamen
686 3919 904 3972 omnino
923 3917 1177 3992 impediat
1253 3919 1284 3972 J
1288 3917 1449 3970 uliam
1480 3916 1795 3986 majestatis:
1838 3937 1861 3960 α
1880 3914 1985 3982 Qui
2014 3908 2261 3964 hostibus

173 4015 399 4052 sensum.
423 3999 770 4053 Scribendum
791 4003 956 4067 enim,
966 4002 1178 4073 permit-
1261 4019 1284 4046 a·
1302 3997 1495 4070 populi
1512 3997 1717 4048 romani
1734 3995 2013 4057 nuncium,
2032 3990 2260 4044 litteras-

175 4079 323 4132 tebet.
347 4082 462 4135 Diis
478 4086 590 4153 jam
609 4083 933 4135 satisfecerat
952 4082 1175 4134 Alexan·
1262 4102 1284 4127 ι
1303 4099 1366 4133 ve
1387 4079 1612 4142 miserit,
1636 4077 1902 4146 signumve
1925 4070 2156 4139 dederit,
2178 4072 2263 4124 fe-

176 4157 302 4226 der,
337 4179 502 4232 quum
541 4162 880 4234 permittebat
921 4161 1172 4216 dedicari.
1260 4183 1285 4208 «ι
1303 4161 1497 4214 ceritve
1538 4157 1665 4210 dolo
1706 4154 1846 4210 malo
1862 4191 1881 4220 ‚
1924 4173 2031 4229 quo
2075 4153 2261 4209 hosta
