2855 4871
604 422 733 493 288
1104 418 1201 481 M.
1248 413 1501 480 FABII
1545 412 2190 497 QUINTILIAM

602 545 935 643 cuiquam
983 562 1287 614 vestrum
1324 538 1596 637 justum
1641 536 1856 608 videri
1910 554 2135 634 potest
2158 592 2177 623 ,
2229 558 2310 605 ut
2359 538 2690 609 censeatis

602 658 1024 731 adulterium
1060 680 1202 726 esse
1227 652 1409 723 inter
1431 649 1763 741 crimina,
1798 647 2246 747 parricidium
2277 648 2454 720 inter
2483 652 2698 721 male-

603 772 824 847 dicta?
850 794 1131 844 causam
1161 768 1389 841 dicere
1421 765 1741 838 adulterii
1769 763 1924 837 volo
1945 779 1994 852 ¹3
2030 763 2164 837 hoc
2191 783 2326 855 est,
2352 763 2564 863 periit
2581 763 2695 837 ille

603 890 790 964 testis
836 916 851 959 ε
906 887 1087 959 mihi
1142 905 1379 957 autem
1429 904 1628 957 vacat
1669 882 1803 955 hoc
1849 903 2162 983 tempore
2213 906 2456 954 euram
2503 908 2696 982 agere

600 1004 839 1079 lectuli
866 1000 1048 1075 mei?
1065 998 1240 1071 flens
1260 1019 1330 1070 et
1350 998 1564 1070 orbus
1590 1024 1863 1095 querar,
1890 994 2083 1095 quod
2103 1022 2272 1068 uxor
2295 1023 2458 1068 mea
2481 996 2696 1069 alium

607 1120 976 1208 amaverit,
1028 1116 1247 1190 alium
1297 1115 1474 1188 mihi
1526 1113 1950 1214 praetulerit?
1989 1116 2232 1212 Egone
2271 1112 2506 1213 priore
2547 1114 2700 1213 qui-

611 1238 772 1311 dem
806 1258 1118 1334 tempore
1153 1230 1339 1304 istud
1378 1230 1645 1303 crimen
1682 1229 1771 1301 ad
1802 1229 2117 1331 judicem
2149 1228 2695 1327 ²perduxissem,

609 1353 743 1426 nisi
771 1347 960 1452 quod
986 1346 1239 1420 sciebat
1262 1345 1450 1418 filius
1471 1343 1714 1418 meus?
1737 1345 1792 1416 si
1817 1344 2200 1417 amisissem
2224 1362 2506 1416 tantum
2533 1344 2699 1443 opti-

612 1492 815 1539 mum
834 1464 1209 1563 juvenem,
1244 1480 1557 1532 excusate
1593 1480 1866 1549 tamen,
1909 1458 2243 1531 omnibus
2283 1457 2442 1529 aliis
2485 1458 2698 1530 causis

610 1578 1401 1669 renunciarem.Verum
1434 1573 1917 1648 confitendum
1947 1594 2074 1665 est,
2104 1577 2254 1673 Ego
2285 1572 2552 1665 occidi,
2581 1600 2700 1673 ego

610 1696 732 1795 qui
771 1693 1008 1793 palam
1046 1691 1445 1782 nominavi,
1478 1690 1602 1789 qui
1635 1716 1925 1763 omnem
1950 1688 2203 1789 judicii
2231 1688 2484 1789 prioris
2516 1688 2694 1761 fidu-

609 1810 788 1883 ciam
829 1809 902 1880 in
946 1807 1078 1879 hoc
1115 1832 1257 1878 esse
1292 1807 1646 1879 confessus
1681 1832 1862 1878 sum.
1893 1808 2051 1877 Tua
2082 1830 2288 1903 porro
2323 1804 2500 1901 quid
2531 1804 2700 1876 inte-

606 1924 779 1999 rest?
812 1945 1005 1997 utere
1036 1921 1171 1995 hoc
1202 1940 1616 2020 argumento
1648 1978 1666 2011 ,
1706 1918 1898 2020 quod
1934 1919 2062 1991 tibi
2093 1917 2391 2018 objicere
2428 1917 2697 1990 adulte—

607 2043 792 2115 rium
836 2040 1085 2113 noluit.
1118 2041 1311 2110 Pone
1342 2037 1482 2137 ‘hoc
1523 2037 1704 2108 inter
1742 2034 2143 2136 praejudicia
2175 2033 2690 2107 ³accusationis.

606 2222 713 2273 scia
734 2221 966 2271 futuram
990 2218 1130 2269 hanc
1155 2218 1269 2269 sine
1291 2228 1425 2270 teste
1450 2234 1610 2268 accu—

604 2300 886 2352 sationem:
915 2298 971 2347 in
992 2314 1121 2366 qua,
1142 2298 1185 2349 si
1209 2314 1273 2347 ex
1292 2308 1468 2347 vetere
1487 2313 1614 2347 eon-

605 2374 885 2428 suetudine
909 2374 1013 2446 (de
1036 2394 1141 2450 qua
1162 2376 1349 2427 Cicero
1373 2395 1474 2448 pro
1497 2377 1611 2429 Ce-
1637 2424 1642 2429 .

604 2455 747 2525 cina)
774 2474 838 2507 ea
866 2473 1016 2506 mora
1044 2453 1384 2522 adhibeatur,
1409 2475 1526 2527 quae
1553 2459 1610 2507 in

604 2535 851 2587 omnibus
900 2535 1013 2587 aliis
1063 2533 1199 2588 solet
1248 2535 1610 2588 criminalibus

604 2616 806 2686 causis,
829 2615 945 2667 fore
969 2617 1178 2666 interim
1198 2626 1398 2686 speret,
1419 2627 1480 2666 ut
1499 2633 1612 2666 mo-

605 2697 772 2756 riatur
795 2707 1089 2746 accusator.
1118 2696 1193 2747 Ex
1218 2691 1300 2745 his
1325 2706 1507 2764 aperta
1533 2707 1612 2746 est

606 2794 790 2828 eorum
824 2794 940 2846 quae
970 2789 1267 2845 sequuntur
1302 2775 1614 2844 interpreta-

606 2857 710 2920 tio,
736 2855 953 2906 (husam
986 2855 1151 2906 dicere
1178 2851 1427 2905 adulterii
1457 2854 1610 2920 volo,

610 2935 707 2984 hoc
720 2944 816 2997 est,
830 2933 988 3003 periit
1004 2931 1097 2984 ille
1113 2935 1259 2987 testis.
1278 2933 1456 2984 AEuon.
1475 2932 1612 2984 Ante

606 3030 769 3084 quam
796 3011 867 3062 ad
890 3025 1235 3065 accusatorem
1265 3022 1556 3064 transeatur
1577 3031 1611 3062 a

607 3102 744 3144 teste.
772 3094 849 3142 lta
872 3106 925 3142 et
945 3090 1257 3146 Thaddaeus.
1278 3093 1502 3145 Sensus:
1524 3110 1613 3144 an·

608 3185 820 3244 tequam
856 3189 941 3222 me
973 3188 1187 3242 quoque
1218 3189 1423 3223 veneno
1456 3171 1612 3224 tollet

606 3249 812 3313 mulier,
838 3264 896 3300 ut
928 3247 1109 3300 fllium.
1140 3249 1265 3301 Ideo
1294 3247 1498 3302 dixerat
1519 3269 1612 3303 an-

606 3340 691 3381 te:
724 3350 746 3374 α
764 3328 995 3398 cogitari
1016 3327 1083 3380 de
1106 3329 1211 3380 vita
1232 3347 1444 3399 aequum
1468 3343 1562 3381 est.
1582 3353 1606 3378 ιι

606 3407 825 3460 Fallitur
848 3407 1091 3460 AErodius
1106 3446 1123 3475 ,
1158 3411 1278 3478 qui,
1314 3411 1379 3461 ab
1406 3427 1614 3463 aema-

610 3497 718 3540 tore
748 3497 1039 3542 transeatur
1062 3487 1130 3539 ad
1154 3498 1343 3540 testem.
1368 3487 1609 3539 Guonov.

676 3585 696 3619 1
709 3609 721 3619 .
729 3570 946 3622 Causam
954 3567 1123 3621 dicere
1134 3567 1378 3620 adulterii
1388 3567 1612 3622 volo.'l'u

608 3645 816 3714 mulier,
835 3647 994 3698 dicis:
1026 3649 1243 3701 Causam
1268 3648 1433 3700 dicere
1453 3647 1625 3700 adab.

610 3725 729 3779 terii
758 3725 889 3779 volo.
926 3727 1043 3778 Hoc
1072 3727 1291 3798 perinde
1324 3739 1427 3794 est,
1463 3728 1612 3800 quasi

610 3805 827 3859 insultes
858 3803 1019 3874 mihi,
1042 3820 1094 3858 et
1126 3805 1269 3859 dieas
1293 3830 1303 3858 :
1332 3806 1490 3878 periit
1519 3803 1614 3857 ille

610 3886 748 3938 testis
768 3884 865 3936 tibi
882 3886 1097 3938 unicus:
1120 3889 1231 3957 jam
1254 3886 1504 3938 damnare
1528 3901 1611 3935 me

610 3981 719 4016 non
744 3978 914 4036 potes.
938 3964 1105 4018 Gnon.

686 4060 733 4096 2.
759 4045 1085 4111 Adjudicem
1104 4043 1470 4116 perduxissem.
1495 4043 1613 4094 Dis·

612 4120 939 4174 simulassem
950 4120 1091 4175 hanc
1102 4124 1174 4193 inj
1180 4125 1372 4188 uriam,
1382 4120 1466 4176 vel
1477 4123 1617 4174 intra

1689 2216 1922 2290 privatos
1941 2216 2165 2287 parietes
2183 2212 2538 2267 vindicassem
2559 2232 2618 2266 ex
2631 2213 2695 2265 le-

1689 2295 1844 2367 gibus
1875 2294 2086 2347 Romuli
2114 2308 2169 2347 et
2193 2295 2396 2345 Numae.
2423 2294 2608 2345 AEnon.
2629 2320 2697 2334 --

1688 2376 1749 2429 Si
1765 2376 2045 2429 amisissem
2075 2386 2250 2425 tamen
2277 2374 2540 2447 optimum
2561 2376 2698 2445 juve·

1690 2474 1827 2507 nem.
1863 2454 1999 2507 Vide
2039 2473 2108 2506 an
2148 2455 2222 2504 ita
2260 2451 2695 2523 qualitemunque

1691 2537 1895 2589 restitui
1907 2534 2179 2606 possit,Si
2192 2552 2242 2584 a.
2267 2545 2336 2585 ta.
2355 2550 2443 2604 op.
2451 2535 2696 2605 juvenem

1691 2633 1754 2667 ex
1781 2613 1890 2668 alia
1914 2635 2070 2670 causa
2093 2618 2256 2687 quam
2287 2625 2410 2680 tua,
2437 2613 2694 2674 omnibus,

1692 2708 1792 2747 etc.
1819 2697 2000 2747 AEnon.
2027 2696 2134 2763 Qui
2158 2692 2350 2758 edidit,
2378 2692 2425 2746 si
2445 2714 2501 2745 a.
2532 2703 2694 2744 tamen

1693 2776 1805 2846 o.j.
1839 2793 1902 2826 ex
1929 2793 2080 2827 causa
2111 2785 2158 2825 te
2185 2783 2359 2824 tamen
2389 2791 2440 2824 ο.
2474 2793 2529 2824 a.
2557 2791 2601 2824 c.
2627 2789 2696 2822 re·

1691 2853 2011 2903 nunciarem.
2045 2881 2118 2892 —-
2144 2849 2479 2903 Adulcen'um
2513 2849 2694 2902 noluit.

1689 2930 1873 2998 Νοὶμί.
1905 2933 2132 2985 Scarus.
2171 2932 2272 3003 Qui
2300 2942 2334 2982 t.
2371 2951 2418 2984 ο.
2455 2952 2509 2982 α.
2541 2930 2698 2984 voluit

1691 3029 1888 3065 veneno
1907 3025 2138 3067 mortuus
2157 3024 2243 3066 est.
2267 3012 2418 3063 Pone
2445 3011 2535 3063 hie
2553 3012 2699 3062 ineer-

1687 3109 1803 3160 pres
1825 3093 2018 3144 indicia
2041 3112 2091 3144 a.
2117 3089 2297 3144 AErod.

1763 3171 1812 3224 3.
1840 3172 1988 3223 Pone
2012 3171 2096 3223 hic
2121 3171 2368 3243 interpres
2391 3170 2592 3223 indicia
2615 3187 2698 3220 ac-

1691 3251 1984 3302 cusationis.
2024 3249 2289 3318 Verbum,
2327 3250 2607 3321 interpres,
2649 3251 2698 3299 in

1693 3341 1894 3381 textum
1925 3347 1956 3380 e
1987 3332 2222 3402 margine
2253 3328 2560 3382 traductum
2591 3340 2696 3380 est:

1693 3421 1814 3460 sunt
1853 3410 1995 3460 enim
2027 3427 2209 3461 revera
2239 3407 2352 3462 δυο
2381 3425 2496 3459 non
2529 3405 2702 3458 decla-

1689 3487 1879 3542 mantis
1893 3524 1910 3553 ,
1929 3485 2022 3539 sed
2041 3488 2371 3558 interpretis,
2387 3500 2448 3537 ut
2469 3485 2574 3538 alia
2595 3483 2702 3556 ple·

1690 3583 1882 3636 reque,
1917 3583 2032 3637 (με
2063 3564 2252 3617 latiore
2281 3563 2566 3617 intervallo
2601 3563 2697 3615 ad-

1689 3647 2006 3698 notavimus.
2033 3645 2202 3698 Pilum
2225 3648 2385 3718 igitur
2407 3646 2700 3708 orationis,

1691 3737 1751 3777 ut
1779 3723 1992 3778 brevior
2023 3727 2123 3790 sit,
2147 3726 2508 3794 Quintilianus
2543 3728 2700 3778 imer—
2745 3725 2756 3736 ⁶

1693 3806 1916 3876 rumpit,
1936 3817 1989 3856 et
2011 3803 2161 3858 locos
2185 3805 2442 3857 duntaxat
2463 3801 2698 3875 discipu·-

1691 3883 1754 3936 lis
1790 3883 2038 3936 ostendit.
2073 3886 2172 3937 Hie
2199 3885 2426 3937 affectus
2444 3921 2461 3950 ,
2496 3884 2698 3955 inquit,

1691 3979 1904 4015 movere
1917 3976 2132 4035 oportet
2148 3985 2159 4014 :
2181 3981 2245 4015 eo
2261 3965 2338 4014 uti
2353 3975 2694 4032 argumento:

1691 4039 1818 4092 talia
1836 4040 1924 4092 hio
1944 4060 2241 4114 apponere:
2267 4041 2548 4095 narrandis
2569 4039 2696 4094 indi·

1693 4121 1788 4174 ciis
1829 4120 1988 4192 hujus
2027 4125 2408 4188 accusationis,
2449 4124 2526 4175 ita
2563 4139 2695 4195 quo-
