2855 4871
549 428 674 510 ,54
820 373 826 377 ’
1049 410 2129 504 M.FABIIQU1NTIL1AN1

543 554 633 627 ad
662 576 860 641 eum,
894 546 1018 646 qui
1045 545 1285 620 eduxit
1304 558 1352 637 ¹,
1381 544 1711 644 pertinet,
1742 542 1865 641 qui
1889 566 2069 619 certe
2096 545 2275 617 nihil
2298 549 2653 646 peccavit,

544 667 667 767 qui
690 684 868 739 certe
898 686 1178 734 manere
1197 660 1447 760 potuit.
1468 662 1622 733 Hoc
1643 659 1797 732 loco
1826 660 2003 732 mihi
2033 659 2211 733 illud
2234 662 2645 760 opponitur,

543 808 686 855 non
709 777 1012 881 potuisse
1033 797 1197 850 ante
1217 774 1420 848 educi
1442 799 1609 848 eum
1634 801 1650 847 ε
1684 776 2063 875 quasivero
2094 776 2356 849 intersit
2383 802 2643 869 eausae,

544 923 686 999 qua
726 895 992 969 ratione
1024 894 1144 995 jus
1184 890 1540 963 interierit.
1578 890 2015 991 Profugerat,
2050 890 2320 989 inquit,
2354 914 2641 993 raptor:

543 1015 684 1089 scio
697 1070 717 1105 ,
741 1012 914 1112 quid
932 1008 1352 1083 facillimum
1375 1007 1460 1082 sit
1478 1006 1703 1081 dicere
1725 1034 1740 1079 ε
1762 1027 2161 1108 persecutus
2182 1034 2357 1082 esses
2370 1066 2389 1099 ‚
2410 1010 2647 1109 inqui-

542 1130 776 1218 sisses3
819 1128 876 1199 si
913 1149 1115 1199 verus
1151 1123 1264 1211 hic
1304 1122 1525 1212 dolor,
1566 1123 1626 1196 si
1662 1148 1823 1195 vera
1856 1122 2247 1222 indignatio
2280 1144 2460 1214 erat,
2492 1150 2647 1197 non

541 1244 908 1319 emisisses.
929 1242 1092 1313 Non
1110 1239 1244 1312 hoc
1269 1238 1368 1311 illi
1391 1239 1684 1339 profuit,
1705 1239 1892 1339 quod
1918 1240 2253 1338 profugit,
2282 1239 2401 1311 sed
2426 1238 2643 1332 illud,

542 1360 736 1463 quod
772 1357 992 1431 redire
1028 1354 1394 1458 permisisti
1424 1382 1440 1427 ε
1477 1356 1765 1428 fortasse
1798 1354 1989 1427 enim
2028 1374 2389 1428 contentus
2423 1356 2649 1429 fueris

542 1478 672 1551 hac
713 1477 863 1576 ipsa
907 1498 1112 1573 prena
1156 1472 1413 1546 exsilii:
1460 1472 1621 1546 satis
1656 1470 2091 1547 vindicatum
2129 1489 2194 1543 te
2233 1470 2642 1545 credideras.

541 1596 648 1666 Ne
685 1591 861 1664 illud
901 1580 1190 1690 quidem
1223 1588 1647 1680 verendum,
1688 1614 1782 1659 ne
1814 1586 2217 1688 raptoribus*
2239 1586 2648 1685 exemplum

543 1704 986 1808 profugiendi
1009 1703 1495 1804 permittamus
1508 1760 1528 1795 ,
1548 1702 1605 1774 si
1625 1702 1849 1802 optari
1866 1702 2187 1777 adversus
2204 1728 2319 1774 eos
2337 1700 2649 1801 amplius

543 1848 692 1895 non
723 1820 1062 1921 potuerit:
1099 1819 1256 1893 satis
1284 1818 1479 1892 enim
1512 1806 2312 1917 magnum'supplicium
2342 1816 2475 1888 hoc
2504 1836 2647 1909 est,

547 1959 616 2009 et
635 1958 898 2010 eertum
925 1964 940 2008 :
969 1963 1136 2009 nam
1166 1936 1260 2028 is,
1295 1935 1418 2035 qui
1445 1935 1937 2035 permanserit,
1972 1960 2241 2035 sperare
2272 1956 2340 2008 et
2361 1936 2651 2035 nuptias

544 2053 830 2155 poterit,
867 2050 1136 2125 etiamsi
1167 2072 1467 2125 mortem
1501 2051 1807 2142 timebit;
1844 2052 1905 2123 ei
1936 2078 2128 2142 vero,
2155 2051 2279 2151 qui
2306 2052 2655 2150 profuge-

545 2170 666 2259 rit,
699 2166 1016 2240 exsilium
1040 2168 1189 2240 sine
1212 2166 1649 2240 dubitatione
1669 2166 1800 2239 erit
1817 2165 2251 2266 patiendum.
2274 2168 2441 2239 Haec
2460 2165 2657 2239 dice-
2721 2256 2727 2261 ,

548 2304 651 2356 ret
681 2283 867 2382 ipse,
904 2308 1056 2379 quae
1091 2306 1283 2353 nunc
1320 2304 1449 2379 ego
1485 2280 1641 2353 dico
1672 2306 1687 2352 ε
1725 2279 2063 2380 quoniam
2098 2279 2215 2353 ille
2250 2284 2395 2352 non
2433 2279 2655 2373 dicit,

549 2418 616 2471 et
640 2395 918 2472 obstare
945 2395 1122 2471 nihil
1155 2396 1288 2470 hoc
1317 2396 1470 2470 loco
1498 2416 1699 2498 putat
1719 2396 1857 2497 jus.
1892 2396 1961 2470 Si
2000 2423 2144 2470 non
2178 2422 2451 2498 possem
2489 2396 2658 2470 red-

549 2515 709 2588 dere
754 2513 1094 2587 rationem
1118 2569 1138 2603 ,
1179 2511 1452 2612 judices
1476 2567 1495 2604 ,
1545 2531 1891 2611 quantum
1932 2539 2092 2585 mea
2131 2513 2485 2585 interesset
2528 2511 2600 2583 id
2628 2570 2653 2604 ,

549 2630 742 2725 quod
765 2627 1078 2717 vindico,
1112 2626 1288 2700 illud
1315 2646 1552 2701 tamen
1578 2625 2067 2726 responderem
2083 2684 2104 2719 ,
2128 2652 2254 2728 pro
2266 2627 2425 2728 jure
2448 2626 2655 2726 loqui

551 2742 822 2815 nemini
853 2768 998 2815 non
1027 2739 1204 2814 licet.
1227 2740 1617 2814 Conveniat
1633 2740 1811 2813 inter
1826 2767 1945 2814 vos
1962 2755 1987 2786 ²
2009 2743 2291 2814 fortasse
2316 2769 2331 2812 :
2355 2741 2491 2814 hoc
2512 2761 2614 2814 est
2630 2799 2654 2833 ,

550 2857 742 2956 quod
771 2857 1340 2930 sollicitissimam
1367 2856 1571 2930 facit:
1607 2856 1853 2956 loquar
1880 2861 2118 2928 tamen
2152 2856 2457 2957 prolege
2481 2913 2501 2947 ,
2534 2857 2653 2928 lo-

553 2998 730 3071 quar
770 2999 896 3071 pro
933 2974 1278 3070 aequitate.
1315 2971 1557 3066 Quid?
1602 2972 1658 3044 si
1694 2999 1853 3045 vero
1886 2971 2052 3064 hoc,
2098 2992 2175 3045 ut
2214 2971 2455 3072 paullo
2485 2993 2654 3045 ante

556 3086 733 3177 dixi,
759 3087 1120 3186 aliquanto
1149 3089 1374 3189 magis
1399 3090 1489 3162 ad
1514 3115 1629 3162 me
1648 3145 1667 3180 ,
1696 3114 1913 3189 quam
1941 3088 2032 3160 ad
2060 3109 2408 3189 raptorem
2435 3089 2661 3189 perti-

551 3201 714 3275 net?
753 3202 1098 3303 periclitor
1141 3206 1334 3277 enim
1381 3204 1648 3305 nuptiis
1668 3203 1723 3294 ³,
1768 3204 2121 3304 periclitor
2161 3203 2651 3297 matrimonio,

555 3348 952 3422 praescriptione
965 3347 1563 3421 excludipossit‚utjam
1720 3365 1765 3402 1.
1789 3347 1892 3401 Sed
1912 3351 2071 3402 etiam
2094 3347 2164 3401 ad
2184 3365 2304 3400 eum
2332 3347 2426 3420 qui
2450 3343 2654 3400 eduxit.

554 3426 661 3480 hoc
677 3425 939 3498 judicium
961 3445 1071 3480 non
1094 3427 1463 3481 tantummodo
1492 3427 1565 3480 ad
1640 3430 1743 3486 Sed
1768 3431 1935 3504 magis
1954 3432 2113 3482 etiam
2136 3429 2206 3482 ad
2230 3447 2352 3482 eum
2366 3466 2385 3494 ,
2408 3429 2507 3502 qut*
2530 3445 2655 3480 eam

557 3518 826 3576 raptorem
842 3544 860 3573 ,
892 3505 984 3559 sed
1021 3505 1088 3559 ad
1121 3509 1368 3558 maritum
1401 3507 1566 3579 perti-
1642 3511 1823 3574 duxit,
1846 3508 2074 3580 pertinet
2094 3529 2145 3582 q.
2168 3526 2214 3560 c.
2242 3529 2295 3560 n.
2320 3526 2377 3579 p.
2392 3545 2411 3573 ,
2428 3527 2483 3582 q.
2507 3525 2552 3558 c.
2578 3525 2659 3558 re-

561 3599 712 3650 neat,
737 3597 898 3655 atque
921 3583 1054 3637 adeo
1075 3586 1268 3656 magis,
1289 3584 1433 3656 quod
1454 3586 1566 3658 ipse
1645 3595 1847 3646 mittere
1864 3591 2056 3665 potuit.
2082 3591 2163 3642 lta
2185 3590 2486 3660 sequentia,
2512 3588 2657 3658 Quid

561 3666 778 3720 omnino
811 3665 942 3718 nihil
973 3668 1214 3738 peccavit
1228 3703 1246 3732 ,
1273 3685 1372 3722 noc
1403 3667 1567 3722 ullam
1643 3675 1687 3728 si
1706 3691 1823 3727 vem
1841 3672 1965 3739 hoc,
1984 3669 2258 3746 aliquanto
2272 3669 2523 3744 myisad
2538 3687 2655 3736 me,

561 3746 799 3820 fugiendi
821 3766 1037 3800 causam
1057 3747 1274 3801 habuit:
1301 3752 1416 3822 ejus
1440 3768 1567 3802 vero
1647 3774 1805 3830 quam
1848 3753 1917 3806 ad
1958 3765 2213 3826 raptorem
2246 3752 2502 3824 pertinet,
2542 3753 2657 3802 exi-

563 3828 796 3892 interest,
811 3845 878 3879 ne
895 3828 942 3879 ei
959 3845 1090 3879 uxor
1104 3826 1414 3880 abducatur.
1429 3829 1567 3900 Ergo
1646 3847 1795 3906 gunt.
1825 3833 2043 3886 Senum.
2070 3831 2159 3885 Ad
2178 3848 2297 3884 eum
2330 3829 2421 3902 qui
2446 3839 2661 3882 contru-

564 3907 912 3980 praecedemia
946 3909 1020 3960 sic
1053 3906 1196 3960 dicta
1230 3921 1386 3976 sunt,
1420 3911 1571 3981 quasi
1646 3913 1801 3981 dicit,
1826 3913 2005 3966 AEnon.

567 4004 751 4062 raptor
801 3989 1188 4044 contradiceret
1221 4011 1234 4041 ε
1293 3993 1571 4064 sequentia
1722 4011 1769 4046 2.
1790 3993 1939 4044 Inter
1958 4011 2060 4046 vos.
2084 3991 2235 4044 Inter
2253 4009 2361 4044 eos.-
2384 4003 2659 4062 raptorem

568 4083 692 4122 sunt
719 4071 891 4123 mariti
917 4089 982 4122 ex
1010 4089 1064 4124 se
1092 4087 1191 4124 suo
1213 4071 1336 4141 jure
1364 4087 1571 4144 suoque
1650 4086 1702 4126 et
1724 4089 1941 4124 uxorem
1964 4089 2152 4124 meam.
2182 4071 2401 4125 senum.

569 4153 781 4204 nomine
803 4151 1228 4206 contradicentis.
1257 4153 1440 4205 AEnon.
1720 4151 1771 4204 3.
1792 4149 2069 4204 Periclitor
2083 4148 2222 4202 enim
2242 4147 2449 4221 nuptiis.
2476 4148 2554 4200 Ita
2573 4165 2661 4200 ve·
