2855 4871
580 401 709 488 378
1082 399 1177 464 M.
1226 399 1479 464 FABII
1524 398 2166 481 QUINTILIANI

576 543 679 596 est
694 581 713 615 ,
739 522 863 621 qui
892 523 1279 622 insepultus
1305 521 1707 622 abjiciatur:
1733 519 2058 594 adversus
2081 519 2274 594 hunc
2295 523 2542 622 scripta
2563 523 2672 596 lex

574 659 715 712 est:
748 637 879 712 hac
904 660 1179 712 cavetur
1202 639 1289 710 de
1318 638 1473 710 hoc.
1501 640 1852 710 Caeterum
1875 639 2162 736 quidem
2192 660 2268 711 tu
2294 639 2400 728 ei,
2428 640 2550 738 qui
2575 661 2672 712 tot

576 755 921 828 lenocinia
966 755 1111 828 haec
1160 755 1538 826 constituta
1577 754 1733 826 vitae
1777 755 2309 854 contempserit,
2357 755 2482 854 qui
2527 783 2670 828 non

576 869 971 942 detineatur
1013 869 1121 942 his
1162 868 1672 968 voluptatibuS‚
1719 867 1940 957 dices3
1993 871 2152 940 Non
2185 869 2398 940 habes
2441 895 2670 968 graves

576 1012 820 1058 causas
863 984 1253 1058 moriendi?
1292 983 1741 1084 respondebit
1755 1013 1774 1072 3
1811 983 1958 1056 Odi
1991 983 2240 1074 vitam,
2283 984 2668 1083 relinquere

576 1101 764 1192 volo;
804 1123 877 1173 tu
922 1129 1036 1173 me
1075 1123 1444 1173 nocentem
1489 1101 1738 1199 probes
1773 1120 2079 1200 oportet,
2125 1127 2212 1172 ne
2246 1100 2524 1201 sepeliri
2555 1100 2673 1170 de-

576 1216 803 1318 beam.
848 1217 921 1288 Si
971 1239 1209 1290 tamen
1258 1216 1345 1289 de
1394 1215 1528 1292 hoc
1571 1242 1852 1315 quoque
1901 1215 2362 1312 quaerendum
2401 1235 2540 1304 est,
2583 1242 2670 1286 an

574 1357 811 1430 graves
845 1357 1065 1403 causae
1094 1331 1267 1423 sint,
1298 1331 1682 1404 videamus.
1717 1329 1998 1403 Perdidi
2029 1329 2362 1418 domum,
2396 1329 2674 1400 fortuito

578 1447 934 1538 incendio,
982 1447 1663 1547 quomodocunque3
1709 1468 1984 1519 tantum
2027 1448 2322 1519 domum
2367 1431 2671 1546 perdidi;

578 1563 832 1662 ecquid
872 1591 1159 1664 possum
1192 1565 1411 1637 videri
1449 1563 1670 1668 justas
1713 1564 1969 1637 habere
2013 1591 2250 1636 causas
2285 1560 2677 1634 moriendi?

576 1701 863 1778 penates
884 1681 1037 1753 illos
1055 1740 1074 1772 ,
1101 1681 1177 1754 in
1201 1683 1460 1781 quibus
1483 1703 1684 1755 natus
1705 1709 1863 1754 sum
1880 1740 1899 1769 ,
1921 1681 2042 1781 qui
2077 1680 2251 1752 mihi
2273 1679 2676 1779 quotidiana

576 1795 882 1896 imagine
916 1798 1148 1871 adhuc
1171 1821 1538 1872 versantur
1565 1821 1728 1871 ante
1760 1800 2030 1890 oculoS,
2068 1797 2221 1870 illos
2253 1819 2582 1898 penates,
2609 1797 2677 1867 in

578 1911 835 2010 quibus
877 1915 1048 1986 sacri
1083 1914 1353 2016 aliquid
1400 1941 1543 1987 esse
1578 1913 1961 2005 credimu8‚
2009 1911 2211 1986 amisi
2253 1941 2270 1986 ;
2319 1911 2578 2012 hospes
2613 1913 2678 1982 in

576 2025 843 2100 civitate
863 2027 1175 2102 victurus
1195 2056 1379 2101 sum.
1400 2029 1679 2101 Perdidi
1698 2028 1952 2102 liberos
1967 2085 1986 2119 ,
2004 2027 2680 2128 quomodocunque;

576 2161 850 2213 tantum
890 2142 1143 2215 liberos
1176 2172 1191 2215 ε
1234 2142 1486 2243 ecquid
1516 2142 1708 2246 justa
1745 2170 1954 2217 causa
1991 2144 2230 2216 mortis
2262 2163 2360 2214 est
2385 2141 2682 2216 orbitas?

578 2274 646 2326 et
682 2255 934 2327 orbitas
967 2283 1111 2329 non
1148 2258 1483 2358 simplex,
1527 2284 1657 2331 nec
1697 2278 1974 2329 tantum
2013 2257 2398 2356 geminata;
2429 2283 2678 2328 verum

580 2369 797 2443 etiam
847 2371 921 2444 in
956 2395 1184 2445 unum
1218 2393 1500 2474 tempus
1548 2372 1816 2448 collata.
1873 2371 2189 2446 Afferant
2233 2370 2492 2471 aliquid
2541 2373 2681 2444 for-

578 2512 751 2563 tasse
784 2490 1005 2564 solatii
1041 2493 1226 2565 mala
1260 2492 1516 2584 divisa3
1549 2516 1616 2566 et
1643 2494 1820 2568 sicut
1852 2522 2066 2567 onera
2097 2490 2366 2565 facilius
2395 2492 2678 2582 subeas»,

580 2610 634 2681 si
677 2609 1028 2708 partiaris,
1078 2610 1177 2683 ita
1214 2609 1349 2684 hoc
1392 2639 1626 2712 graves
1671 2639 1908 2685 causas
1931 2628 1950 2657 ¹
1993 2610 2291 2683 allevare
2331 2610 2594 2710 possiS‚
2631 2609 2678 2681 si

581 2750 725 2796 non
770 2726 1137 2826 ingruant,
1182 2754 1260 2799 ac
1303 2726 1519 2800 semel
1553 2726 1852 2800 veniant.
1887 2728 2050 2799 Uno
2093 2746 2406 2823 tempore
2451 2722 2678 2823 plures

580 2838 909 2911 liberos²l
938 2838 1112 2940 quid
1139 2840 1194 2913 si
1226 2862 1292 2913 et
1320 2840 1742 2943 conjugem?
1763 2838 1956 2939 quod
1979 2840 2036 2912 si
2067 2864 2190 2939 per
2220 2865 2290 2910 se
2317 2865 2522 2949 grave
2551 2858 2677 2927 est,

584 2976 649 3026 et
680 2955 870 3053 quod
906 2955 1159 3031 liberos
1192 2958 1437 3049 amisi,
1482 2979 1547 3031 et
1581 2958 1830 3031 eodem
1866 2978 2178 3057 tempore
2214 2954 2460 3043 amisi,
2498 2974 2680 3027 erant

584 3068 739 3141 satis
761 3098 996 3172 graves
1016 3098 1270 3144 causae:
1296 3073 1516 3176 adjice
1540 3102 1731 3147 nunc
1746 3131 1766 3165 ‚
1791 3072 1937 3146 haec
1957 3071 2196 3144 omnia
2214 3066 2428 3143 simul
2449 3068 2675 3155 amisi,

586 3205 653 3257 et
690 3186 932 3257 omnia
967 3185 1115 3259 haec
1152 3186 1414 3290 injuria
1444 3182 1685 3262 annisi:
1724 3188 2056 3262 exercitus
2085 3213 2200 3259 me
2231 3184 2677 3285 expugnavit,

584 3300 763 3371 sicut
798 3300 1051 3375 urbem
1094 3301 1307 3377 hostis
1340 3332 1357 3375 t
1400 3325 1470 3376 et
1509 3304 1658 3377 haec
1689 3304 1838 3405 ipsa
1874 3330 2084 3376 causa
2121 3301 2283 3377 satis
2308 3301 2506 3403 justa
2544 3318 2680 3372 erat

592 3510 615 3533 ι
636 3490 745 3539 sive
762 3506 941 3541 revera
958 3504 1190 3558 nocens„
1208 3493 1317 3545 sive
1334 3495 1593 3545 innocens
1753 3510 1797 3544 ι.
1837 3494 2030 3547 Graves
2059 3508 2252 3544 causas.
2294 3490 2484 3542 θωνα
2511 3506 2675 3551 mnes,

594 3586 617 3613 α
638 3580 773 3620 esset
790 3606 807 3632 ,
846 3587 1007 3641 quare
1044 3586 1097 3623 et
1132 3573 1246 3642 ejus
1280 3572 1425 3625 bona
1462 3574 1592 3626 fisco
1672 3571 1804 3626 Obr.
1830 3598 1902 3611 --·
1921 3572 1982 3624 δι’
1999 3589 2106 3624 non
2129 3571 2400 3645 inqut-nant.
2429 3570 2540 3633 An,
2565 3586 2680 3619 eon-

594 3668 615 3691 κ
634 3648 988 3717 vindicantur,
1012 3664 1066 3704 et
1088 3651 1386 3723 insepultus
1410 3651 1597 3723 abjici-
1670 3650 1905 3727 gruunt?
1933 3662 1996 3701 ut
2025 3650 2240 3702 Terent.
2275 3648 2412 3699 Eun.
2435 3650 2501 3712 V,
2531 3664 2568 3715 9
2583 3685 2600 3712 ‚
2631 3646 2676 3697 3.

594 3748 615 3771 ¹·
634 3740 739 3780 tur.
774 3731 843 3780 At
872 3732 963 3802 qni
990 3729 1233 3783 nondum
1259 3732 1562 3803 postulatus
1578 3770 1595 3798 ‚
1675 3730 1897 3783 Scnutff.
1928 3730 2042 3783 Nec
2063 3727 2224 3783 semel
2244 3726 2552 3789 adveniant,
2578 3726 2677 3776 AEr.

594 3830 615 3853 ι·
635 3826 857 3863 mortem
874 3812 975 3864 sibi
986 3815 1317 3879 consciverit,
1328 3816 1596 3886 nonprins
1751 3826 1799 3862 2.
1835 3808 2025 3862 Plures
2059 3808 2260 3859 liberos.
2292 3804 2476 3857 Plures
2507 3804 2680 3855 liberos

596 3916 618 3936 ιι
639 3910 735 3945 sua
771 3894 1027 3947 contineat
1056 3893 1199 3947 bona
1216 3935 1234 3962 ‚
1268 3914 1430 3967 quam
1463 3914 1596 3948 con·
1674 3890 1841 3943 amisi.
1861 3890 2087 3943 Sonus.
2111 3888 2318 3959 Quodsi
2336 3906 2443 3940 uno
2459 3898 2678 3958 tempore

595 3992 619 4015 α
638 3973 857 4026 seientia
878 3974 1089 4027 sceleris
1108 3974 1163 4026 id
1183 3975 1397 4027 fecerit:
1422 3994 1532 4027 non
1553 3976 1597 4027 si
1671 3969 1850 4043 plures
1869 3968 2081 4032 liberos,
2107 3968 2250 4040 quod
2271 3970 2318 4020 st·
2337 3978 2388 4019 et
2412 3968 2676 4039 conjugem

596 4071 619 4094 ι
632 4051 777 4118 justa
792 4070 953 4105 eausa
964 4091 979 4119 ‚
995 4053 1119 4106 lieet
1136 4053 1341 4107 videret
1355 4055 1596 4106 futurum
1676 4052 1818 4125 quod
1829 4070 1932 4125 per
1942 4070 1994 4104 se
2001 4068 2082 4125 qr.
2099 4070 2145 4102 e.
2155 4050 2312 4101 -Et
2325 4046 2464 4121 quod
2481 4046 2672 4099 libens-

599 4150 620 4173 α
638 4128 728 4192 iri,
752 4144 811 4182 ut
828 4132 1013 4202 inique
1030 4132 1406 4203 postularetur.
1432 4156 1455 4180 ιι
1483 4132 1593 4185 AEn.
1677 4134 1750 4185 Et
1773 4132 1970 4187 liberos.
1997 4130 2178 4186 AErod.
