2855 4871
622 424 747 503 204

1117 422 1207 485 M.
1258 421 1509 485 FABH
1555 420 2216 503 QUINTILIANI.

616 542 841 613 facere
864 537 1169 613 melioris
1192 540 1458 631 mariti,
1489 539 1665 612 nihil
1690 540 2232 639 indulgentioris
2255 543 2547 640 potuisti
2571 572 2584 615 :
2615 546 2690 617 ad

618 683 779 729 eum
816 656 1131 758 judicem
1175 657 1587 756 perduxeras
1635 684 1958 747 uxorem,
2011 658 2134 756 qui
2181 658 2518 731 dam-nare
2568 688 2689 733 non

618 794 863 873 posset.
900 776 994 847 At
1036 775 1230 845 enim
1266 794 1499 872 postea
1533 773 1664 845 hoc
1699 774 1965 846 crimen
2008 775 2289 872 probavi
2326 802 2341 845 t
2389 802 2532 849 non
2559 778 2687 877 jam

620 888 1002 989 respondeo
1056 888 1222 977 ista,
1272 914 1427 985 quae
1479 887 1658 977 dixi,
1693 888 1842 960 aliis
1881 889 2292 961 muneribus
2332 902 2350 932 ¹
2377 892 2689 989 acciperet

614 1002 830 1103 judex
850 1023 1339 1075 extraneorum·
1366 1023 1736 1077 naturam:
1773 1027 1913 1101 qua
1939 1004 2218 1074 fortasse
2243 1004 2478 1075 iratior
2495 1006 2684 1076 existi.

620 1120 777 1190 Non
812 1144 1085 1216 semper
1109 1118 1365 1189 erroris·
1388 1116 1636 1189 odium
1665 1143 1880 1216 penes
1903 1140 2392 1215 cognoscentes
2421 1140 2554 1191 est:
2589 1118 2690 1190 ali-

621 1235 904 1335 quando
936 1262 1137 1306 causa
1170 1234 1512 1333 profertur
1540 1234 2008 1333 negligentius
2028 1291 2046 1324 ‚
2079 1234 2360 1307 interim
2395 1236 2688 1307 defendi-

621 1371 755 1423 tur.
800 1352 872 1421 Si
916 1371 1211 1423 matrem
1254 1378 1485 1423 meam
1529 1378 1720 1422 nunc
1763 1350 2048 1422 audias:
2095 1348 2262 1422 dicit
2307 1378 2378 1423 se
2425 1352 2512 1423 ad
2559 1352 2688 1424 illos

613 1464 884 1565 judices
908 1464 1169 1537 venisse
1200 1492 1513 1537 securam
1533 1522 1550 1556 ‚
1585 1486 1652 1537 et
1671 1464 2004 1536 obstitisse
2030 1464 2161 1536 sibi
2190 1465 2524 1538 fiduciam
2545 1467 2690 1566 prio-

624 1579 717 1651 ris
749 1580 1108 1652 sententiae
1137 1609 1152 1651 ε
1186 1580 1401 1652 utitur
1433 1582 1506 1654 in
1540 1581 1991 1653 >defensione²
2023 1579 2215 1652 claris
2249 1610 2326 1653 ac
2359 1582 2688 1654 nobilibus

624 1696 994 1795 exemplis3
1030 1696 1392 1768 damnatos
1420 1696 1600 1767 mihi
1628 1696 1993 1785 Carnium,
2029 1716 2096 1767 et
2126 1694 2422 1769 Rutilios
2451 1718 2683 1767 narrat:

623 1836 871 1881 verum
888 1811 1287 1910 quicunque
1313 1812 1440 1883 iste
1461 1810 1673 1882 exitus
1700 1810 1864 1899 fuit,
1888 1810 2208 1882 habuerit
2231 1837 2440 1883 suum
2469 1812 2682 1882 finem:

626 1924 684 1997 si
710 1923 1008 1997 crimina
1029 1926 1102 1997 in
1126 1953 1241 1998 me
1267 1926 1492 2025 explet
1514 1927 1772 2023 (neque
1795 1928 2060 2021 vereor)
2084 1923 2288 2024 plura
2313 1926 2684 2013 confitebor,

629 2066 842 2139 quam
864 2041 1141 2141 objicis:
1168 2062 1237 2112 et
1262 2068 1488 2141 quum
1513 2041 1842 2113 damnata
1870 2062 2046 2112 esset
2067 2062 2288 2113 mater
2311 2068 2502 2131 mea,
2525 2041 2684 2129 flevi,

630 2175 699 2227 et
726 2156 1018 2253 graviter
1046 2154 1209 2225 tuli„

706 2362 725 2395 ι
739 2385 750 2396 .
776 2344 911 2397 Aliis
933 2344 1230 2397 muner-ibus
1246 2346 1512 2417 acciperet.
1537 2348 1636 2399 Re-

629 2427 775 2494 stitui
799 2426 956 2498 jubet
988 2420 1264 2480 AErodius:
1299 2426 1488 2481 alienis
1519 2447 1638 2479 mu-

630 2509 835 2563 lieribus
870 2510 1117 2564 accidere.
1156 2509 1310 2562 Vides
1343 2522 1469 2563 extr.
1505 2509 1635 2576 vel,

628 2592 815 2645 alienis
845 2611 916 2644 m.
951 2612 999 2642 a.
1022 2591 1253 2664 judiceS,
1290 2604 1390 2644 etc.
1424 2593 1638 2662 Cogita-

628 2670 753 2723 bam
772 2691 785 2722 :
812 2669 932 2724 aliis
949 2670 1155 2722 auribus
1172 2672 1372 2744 accepit
1370 2672 1540 2742 judex
1556 2687 1638 2720 ex-

628 2766 877 2815 traneus.-
936 2755 1141 2826 utrique
1180 2751 1403 2824 fortasse
1458 2751 1644 2804 iratior

631 2836 793 2888 existi.
838 2836 1127 2887 Extraneus
1161 2832 1327 2904 judex
1371 2851 1483 2885 non
1531 2845 1640 2885 tam

631 2917 877 2986 propitiis
896 2915 1110 2968 auribus
1130 2915 1336 2986 accepit
1352 2915 1532 2967 matris
1547 2913 1641 2967 de-

632 2994 927 3045 fensionem
944 3032 961 3059 ‚
995 3011 1153 3063 quam
1187 3012 1284 3064 ego
1317 2993 1640 3046 domesticus

635 3089 959 3141 acceperam.
994 3072 1059 3123 Et
1087 3073 1313 3126 fortasse
1344 3087 1396 3124 et
1429 3072 1556 3125 mihi
1587 3073 1641 3124 ‘et

633 3147 709 3200 ini
747 3151 955 3216 iratior,
988 3168 1161 3221 eoque
1190 3150 1554 3204 vehementior
1583 3153 1638 3203 in

636 3249 877 3296 causam,
902 3230 1145 3304 prodiisti
1166 3233 1219 3283 in
1248 3233 1443 3284 forum.
1471 3233 1638 3286 Gnon.

635 3309 929 3382 Respondeo
948 3310 1072 3375 ista,
1092 3329 1209 3382 quoe
1232 3311 1467 3363 dixissem
1491 3310 1640 3374 aliis,-

636 3389 931 3442 mimeribus
944 3386 1372 3459 acciperejudices
1383 3401 1644 3444 extraneo—

1717 2364 1834 2395 rum
1849 2344 1980 2416 (non
1987 2342 2292 2417 judicavere
2308 2364 2373 2397 eo
2387 2344 2589 2409 affectu,
2597 2361 2685 2414 quo

1715 2426 1890 2500 filius)
1913 2440 2154 2480 naturam
2171 2449 2186 2478 .·
2220 2447 2314 2480 nec
2344 2429 2485 2502 quod
2499 2428 2686 2501 sonasse

1717 2514 1900 2566 iratior·
1918 2511 2166 2565 exstiteris
2173 2535 2192 2574 ;
2213 2511 2294 2564 vel
2309 2551 2326 2578 .,
2347 2531 2414 2564 ne
2433 2511 2582 2585 quas.
2605 2511 2687 2560 im-

1717 2593 1820 2644 tior
1832 2592 2030 2643 existas.
2052 2591 2270 2643 Scirum.
2297 2591 2426 2660 Quoe
2444 2591 2570 2652 dixi,
2591 2587 2688 2638 aliis

1717 2673 1925 2726 auribus
1966 2673 2220 2744 acciperet
2245 2675 2420 2745 judex
2457 2683 2689 2724 extraneo-

1717 2771 1833 2808 mm
1870 2771 2080 2804 causam
2094 2791 2112 2818 ,
2145 2771 2252 2825 qua
2273 2753 2329 2824 f.
2367 2753 2542 2806 iratior
2563 2749 2686 2802 exsti-

1719 2835 1826 2888 tisti
1839 2871 1856 2898 ,
1883 2833 2136 2886 Obrecht.
2409 2825 2418 2830 ’

1793 2930 1840 2964 2.
1875 2912 2050 2964 Utitur
2075 2912 2130 2962 in
2163 2909 2461 2981 defensione
2485 2908 2616 2962 claris
2635 2923 2688 2976 ac

1719 2993 1971 3047 nobilibus
1987 2992 2251 3064 exemplis.
2273 2993 2466 3044 Melius
2484 2993 2627 3054 forte,
2643 2989 2688 3038 in

1720 3073 2090 3144 defensionem.
2133 3073 2301 3124 Gnox.
2349 3101 2414 3110 —-
2450 3068 2684 3122 Habuesit.

1721 3151 1922 3203 Habuit
1947 3170 1984 3204 s.
2005 3149 2179 3223 finem
2198 3173 2213 3200 .·
2247 3152 2289 3202 si
2315 3151 2528 3203 crimina
2554 3151 2600 3198 in
2622 3163 2688 3194 me

1722 3248 1945 3302 exspues,
1963 3247 2127 3302 neque
2141 3230 2364 3296 verebor,
2379 3243 2432 3283 et
2439 3229 2579 3301 plura
2591 3241 2687 3276 cou-

1709 3310 1917 3386 fitebor.
1936 3311 2246 3364 senonum.
2261 3341 2332 3351 —-
2345 3311 2415 3363 In
2438 3329 2516 3363 me
2529 3305 2682 3377 aplet-

1723 3386 1902 3443 AErod.
1921 3389 2049 3461 legit
2071 3391 2128 3441 in
2151 3407 2235 3441 me
2251 3389 2438 3461 exples.
