2855 4871
535 422 654 489 136
1025 424 1120 489 Μ.
1167 424 1418 489 FABII
1462 422 2102 505 QUINTlLtAM

524 544 712 643 optio
745 543 1062 643 eligenda
1099 546 1346 647 puelloe
1373 573 1386 616 ε
1419 544 1566 619 duo
1602 564 1838 617 tamen
1871 544 2015 615 haec
2048 568 2190 617 esse
2227 540 2621 616 contende·-

523 685 707 748 rem,
753 680 998 733 natura
1037 680 1104 733 et
1145 662 1210 733 vi
1250 689 1264 732 :
1311 686 1540 757 neque
1582 659 1774 733 enim
1816 659 1874 731 si
1920 678 2145 758 raptor
2184 656 2391 729 nobis
2434 655 2617 729 sub-

521 772 769 847 ductus
795 796 924 867 est,
949 802 1136 849 mors
1165 777 1312 876 ipsa
1343 775 1519 847 nihil
1542 789 1707 848 est¹.
1736 775 1873 847 Sed
1894 773 2249 874 quomodo
2278 799 2423 845 non
2446 772 2617 846 satis

519 909 624 961 est
663 916 890 961 unum
933 916 1324 991 superesse,
1365 918 1591 987 quum
1635 890 1845 969 etiam
1888 890 1945 963 si
1986 888 2127 963 duo
2156 908 2414 975 essent,
2458 913 2613 957 non

517 1005 816 1104 potuerit
841 1006 1100 1105 optari,
1134 1006 1266 1077 nisi
1305 1004 1575 1078 unum?
1606 1026 1673 1078 et
1700 1005 1845 1079 haec
1874 1006 2014 1077 duo
2040 1004 2133 1077 ita
2156 1003 2447 1077 demum
2472 1029 2615 1102 po-

515 1140 738 1194 tenter
767 1150 808 1195 a
839 1144 1026 1220 parte
1055 1122 1322 1196 diversa
1353 1144 1938 1222 proponerentur,
1972 1121 2027 1193 si
2062 1142 2287 1195 essent
2310 1123 2563 1221 juncta
2592 1148 2611 1191 :

513 1264 707 1310 nunc
744 1263 902 1309 vero
938 1237 1228 1311 discreta
1269 1260 1434 1311 sunt
1478 1238 1626 1338 ipsa
1659 1238 1829 1338 legis
1866 1237 2236 1336 scriptura,
2266 1238 2613 1309 MORTEM

513 1372 652 1423 VEL
693 1373 1000 1425 NUPTlAs
1037 1382 1051 1424 :
1093 1353 1188 1425 ita
1225 1354 1368 1426 duo
1399 1352 1787 1451 simplicia,
1830 1351 2107 1450 singula
2142 1372 2304 1423 sunt
2341 1372 2607 1423 tamen.

509 1468 844 1537 Praeterea
875 1466 978 1537 lex
1009 1466 1103 1539 ita
1127 1466 1379 1564 scripta
1405 1488 1543 1555 est,
1579 1488 1659 1538 ut
1682 1465 1844 1565 eligi
1867 1465 2146 1566 juberet
2174 1492 2188 1535 :
2224 1486 2450 1564 posset
2476 1491 2617 1563 op-

507 1578 678 1675 poni
729 1577 831 1649 vel
885 1578 1238 1670 electioni,
1287 1582 1356 1653 Sl
1407 1601 1501 1652 Ex
1544 1579 1867 1679 pluribus
1912 1606 2057 1651 non
2102 1594 2361 1653 esset²:
2408 1606 2611 1651 nunc

509 1694 699 1791 optio
729 1716 950 1794 potest
979 1722 1156 1785 esse,
1190 1696 1398 1768 etiam
1432 1695 1895 1793 singulorum.
1930 1698 2019 1767 Et
2046 1695 2261 1785 illud,
2292 1694 2607 1795 judiceS,

509 1830 670 1881 ante
710 1811 949 1883 omnia
993 1811 1244 1886 intueri
1282 1839 1400 1887 vos
1443 1831 1741 1909 oportet,
1786 1810 1840 1883 si
1888 1810 2061 1909 quid
2096 1837 2175 1883 ex
2206 1810 2356 1909 lege
2388 1809 2609 1881 incli-

585 2068 602 2101 ι
615 2092 626 2102 .
651 2054 796 2105 Mors
817 2054 930 2124 ipsa
953 2054 1094 2107 nihil
1113 2066 1202 2108 est.
1231 2059 1342 2109 Etsi
1365 2074 1511 2108 mor-
1594 2052 1702 2105 lam
1716 2055 2033 2125 pertineant.
2054 2056 2233 2109 AEnoo.
2250 2056 2429 2105 Potest
2446 2066 2609 2124 rapta

505 2142 628 2181 tuus
651 2134 716 2183 sit
740 2146 941 2203 raptor,
966 2133 1194 2204 ideoque
1224 2134 1352 2187 mihi
1383 2134 1513 2188 sub-
1593 2134 1751 2185 etiam
1780 2136 1975 2187 mortni
1998 2147 2167 2186 morte
2192 2152 2305 2185 esse
2327 2146 2609 2187 contenta.

504 2209 723 2273 ductus,
739 2214 935 2283 inquit,
960 2234 1026 2265 ne
1047 2230 1268 2269 mortem
1288 2221 1401 2288 ejus
1417 2237 1513 2289 op·
1593 2210 1811 2265 Senum.

499 2304 617 2345 tare
663 2295 861 2363 possim
879 2332 896 2359 ,
940 2315 1114 2366 neque
1160 2301 1318 2350 etiam
1364 2319 1509 2351 nunc
1665 2310 1711 2343 2.
1741 2293 1801 2345 Si
1828 2291 2151 2373 expluribus
2176 2310 2283 2344 non
2308 2302 2446 2345 esset.
2476 2292 2608 2345 Haec

499 2368 673 2438 bona,
699 2374 850 2444 quia,
876 2387 932 2424 ut
962 2374 1236 2427 cavillatur
1264 2376 1517 2429 adversa-

499 2455 638 2515 rius,
673 2473 734 2506 ex
764 2453 976 2507 duobus
1010 2457 1074 2509 sit
1109 2459 1286 2528 optio:
1319 2473 1509 2512 natura

499 2544 710 2599 tamen,
743 2531 823 2584 ιιιὶ
857 2535 919 2603 τῇ·
947 2533 1170 2602 δυνάμει,
1203 2535 1328 2588 duo‘
1351 2540 1507 2604 suni,

499 2632 615 2686 quae
629 2630 817 2686 optare
835 2621 1048 2686 possim.
1067 2621 1202 2672 Nam
1220 2636 1382 2695 qutun
1399 2640 1509 2698 mp-

497 2694 682 2762 rimur,
707 2715 818 2749 non
841 2701 914 2752 ita
939 2700 1078 2754 male
1103 2701 1378 2754 nobiscum
1407 2704 1509 2774 agi·

495 2789 601 2842 tur,
617 2791 675 2829 ut
691 2782 861 2832 nostri
881 2799 976 2834 nec
995 2795 1120 2852 post
1136 2777 1360 2836 mor-teni
1377 2781 1507 2836 nihil

495 2857 564 2906 sit
583 2855 872 2926 reliquum;
894 2873 948 2912 et
967 2880 1110 2914 mors
1124 2861 1238 2930 ipsa
1255 2864 1308 2914 in
1325 2881 1503 2932 reruni

495 2951 684 2988 natura
711 2937 841 2990 nihil
869 2942 948 2991 sit.
972 2943 1114 3008 Quin
1140 2944 1376 3007 animus,
1401 2963 1503 3014 po-

495 3015 600 3064 tior
639 3019 806 3068 nostri
845 3019 1100 3086 particula
1117 3057 1135 3084 ,
1165 3021 1288 3070 vivit
1333 3033 1383 3072 et
1425 3025 1503 3072 vi-

495 3105 610 3159 get,
627 3095 779 3164 cujus
797 3096 880 3147 vel
900 3115 1046 3150 mors
1065 3098 1304 3168 quaedam
1321 3098 1505 3170 (quod

495 3171 781 3226 christiano
801 3176 964 3242 absit)
981 3181 1151 3249 optari
1166 3193 1358 3252 potest.
1375 3183 1502 3232 Prae-

493 3265 638 3306 terea
661 3259 750 3328 qui
775 3272 958 3330 raptor
977 3260 1134 3310 semel
1155 3260 1208 3311 in
1229 3275 1376 3313 reatu
1397 3261 1499 3314 hac

492 3338 600 3388 vite
627 3339 844 3390 functus
873 3354 984 3406 est,
1015 3344 1087 3394 ita
1123 3337 1300 3394 adhuc
1323 3346 1500 3397 vivere

485 3418 620 3485 juris
647 3417 861 3472 fictione
889 3419 1112 3490 intelligi
1137 3435 1344 3493 potest,
1368 3438 1427 3475 ut
1456 3427 1501 3476 si

490 3509 642 3566 repta
662 3495 728 3548 ad
745 3500 1108 3570 magistratum
1123 3500 1310 3554 educta
1324 3542 1340 3568 ,
1355 3523 1499 3554 mor-

489 3589 596 3628 tem
637 3595 921 3651 exposcam
957 3597 1098 3634 retro
1133 3601 1240 3636 non
1275 3597 1499 3650 nutura,

491 3656 582 3726 sed
615 3658 664 3708 vi
695 3671 746 3710 et
773 3660 1037 3734 supplicio
1069 3663 1288 3734 periisse
1317 3663 1497 3715 videa-

489 3752 595 3790 tur.
635 3742 754 3792 Haec
788 3742 1014 3796 fortasse
1048 3743 1322 3798 subtiliora
1352 3748 1493 3797 sint:

490 3835 672 3870 verum
693 3820 744 3870 in
763 3839 818 3871 re
835 3835 940 3872 tam
961 3821 1215 3887 obseura,
1234 3823 1357 3894 qnia
1377 3841 1497 3875 cor·

485 3911 644 3968 rupta
679 3911 732 3950 et
762 3897 1076 3970 depravata,
1105 3901 1233 3973 quid
1267 3919 1376 3954 non
1407 3921 1497 3953 ex—

487 3977 648 4046 periri
677 3981 993 4048 possumus?
1014 3981 1302 4050 presertim
1327 3997 1495 4049 quum

487 4053 570 4105 hae
593 4056 803 4126 argutia
826 4076 854 4110 e
877 4056 1024 4110 libris
1047 4057 1495 4130 philosophorum

487 4131 842 4207 depromptae,
875 4138 1208 4209 potissimum
1241 4139 1307 4191 ad
1335 4140 1493 4195 scho-

1588 2372 1751 2427 verba
1786 2376 2124 2448 excipientis,
2154 2388 2203 2427 et
2233 2386 2439 2446 raptam
2465 2391 2607 2446 pre-

1590 2458 1875 2530 scriptione
1900 2456 2260 2510 submoventis
2286 2475 2425 2522 esse,
2450 2457 2606 2530 equi·

1588 2537 1709 2590 dem
1730 2539 2036 2591 existimavi.
2060 2537 2264 2590 Electio
2290 2549 2371 2589 est
2391 2535 2609 2608 de‘plu-

1589 2617 1763 2686 ribus,
1784 2621 1980 2690 inquit:
2004 2638 2131 2696 ergo
2150 2619 2273 2672 licet
2294 2637 2411 2672 eam
2430 2638 2459 2670 a
2480 2619 2611 2696 lege

1584 2695 1834 2751 habueris
1847 2738 1864 2767 ,
1882 2719 1953 2751 nu
1960 2719 2025 2752 nc
2040 2701 2269 2771 raptoris
2284 2714 2453 2752 morte
2469 2719 2605 2753 con·

1586 2791 1797 2848 sumpta
1824 2793 1921 2832 est.
1952 2777 2055 2831 Sed
2070 2781 2192 2850 jure
2220 2779 2361 2832 civili
2391 2791 2605 2834 certum

1589 2873 1697 2924 est,
1730 2863 1787 2912 in
1819 2860 2138 2922 alter-nativis
2170 2874 2249 2914 tot
2280 2860 2485 2932 legata,
2514 2874 2602 2915 tot

1584 2939 1955 3011 stipulationes
1989 2960 2135 3008 esse,
2169 2955 2301 3014 quot
2327 2955 2451 2994 sunt
2480 2961 2565 2996 ηε
2584 2981 2603 3008 ,

1586 3023 1711 3090 qnia
1750 3022 1988 3075 discrete
2026 3037 2079 3076 et
2116 3035 2401 3095 separatae:
2442 3021 2605 3077 aliter

1586 3111 1745 3173 atque
1764 3105 1809 3163 si
1828 3108 2125 3175 conjuncte.
2142 3107 2271 3170 sint,
2293 3105 2467 3178 qualis
2486 3119 2601 3174 est,

1582 3183 1777 3234 familia
1801 3213 1818 3248 ς
1865 3203 1990 3256 grex
2006 3223 2022 3254 ,
2065 3186 2331 3258 quadriga
2347 3225 2365 3253 ,
2406 3201 2506 3240 etc.
2554 3189 2594 3240 l.

1582 3263 1716 3315 scire
1739 3261 2013 3318 debemus.
2038 3267 2098 3319 ff.
2125 3265 2192 3319 de
2216 3267 2358 3320 verb.
2388 3267 2601 3340 obliga-

1584 3345 1714 3396 tion.
1734 3342 1797 3398 Et
1822 3344 1945 3400 ideo
1968 3365 2025 3400 m
2050 3337 2155 3402 una
2178 3352 2465 3418 exstincta,
2480 3366 2599 3406 mn-

1582 3437 1671 3476 net
1692 3424 1855 3478 altera
1876 3429 1929 3478 in
1954 3428 2294 3500 obligatione.
2310 3432 2395 3486 Sic
2410 3433 2465 3486 in
2482 3429 2595 3486 hac

1564 3502 1801 3572 'optione
1832 3505 2098 3576 legitima,
2124 3507 2247 3562 lieet
2276 3525 2460 3581 raptor
2492 3509 2597 3564 de-

1578 3587 1723 3636 sierit
1748 3603 1863 3638 esse
1878 3624 1897 3652 ,
1920 3591 2072 3660 cujus
2094 3607 2242 3644 mors·
2262 3594 2435 3662 optari
2458 3611 2597 3663 pos-

1542 3666 1675 3742 ,⁸³³
1706 3671 1795 3738 jus
1830 3681 2009 3722 tamen
2044 3673 2275 3744 optionis
2306 3675 2593 3748 omnisque

1578 3741 1803 3814 eligendi
1824 3747 2074 3816 facultas,
2088 3749 2167 3808 nd
2192 3752 2418 3822 raptoris
2440 3751 2593 3808 bona

1575 3823 1795 3896 delapsa
1822 3841 1933 3892 est,
1958 3839 2017 3880 ut
2042 3849 2099 3882 eo
2128 3833 2240 3884 sola
2257 3872 2272 3898 ‚
2302 3831 2369 3886 ab
2396 3837 2591 3902 initim,

1574 3920 1633 3954 re
1648 3904 1851 3974 integra
1862 3943 1879 3971 ,
1892 3909 2063 3978 optari
2077 3921 2317 3979 potuere.
2330 3913 2451 3964 Hoec
2469 3912 2593 3966 eliis

1576 3983 1803 4038 obscura
1814 4024 1831 4052 ,
1846 3987 2230 4058 jureconsultis
2244 4005 2369 4044 sunt
2383 3996 2584 4062 penti..

1574 4066 1755 4118 AEnon.
1775 4067 1835 4118 Sa·
1856 4085 1921 4118 ex
1934 4068 2173 4139 pluribus
2188 4074 2407 4125 omnino
2428 4085 2587 4141 met,

1572 4143 1802 4211 sehale,
1826 4148 1919 4216 qui
1947 4165 2063 4219 sup.
2095 4146 2285 4222 eligere
2306 4169 2405 4222 pro
2432 4149 2582 4227 οἱίφί.
