2855 4871
537 453 1376 523 DECLAMATIONES.
1423 453 1907 519 CCCLXVII.
2134 457 2261 546 46'9

155 610 314 656 non
350 580 674 654 vindico?
710 581 1124 669 Praemium,
1160 577 1419 677 inquit{
1464 605 1607 649 non
1651 598 1888 676 optas:
1937 599 2105 677 puta
2145 605 2260 650 me

157 699 506 772 rationem
546 725 690 769 non
737 723 930 795 posse
975 696 1300 768 reddere:
1349 720 1491 765 non
1536 715 1634 766 est
1675 693 1881 766 unius
1914 692 2261 766 ¹criminis

157 815 540 888 dementia.
563 817 658 884 Ut
687 813 815 884 hoc
839 813 921 884 sit
945 830 1437 910 argumentum
1466 809 1870 898 dementiae3
1895 809 2262 883 infirmum

159 952 301 1020 est,
336 930 498 1029 quia
537 929 763 1000 solum
800 948 941 999 est:
975 924 1228 998 deinde
1263 951 1634 1022 nunquam
1671 924 1743 996 in
1779 950 1927 998 uno
1961 925 2262 998 demen—

159 1043 258 1115 tia
286 1042 859 1142 deprehenditur,
887 1041 1108 1142 objice
1129 1060 1196 1112 et
1214 1039 1368 1111 alia.
1396 1039 1533 1112 Sed
1562 1038 1735 1137 quid
1754 1039 1810 1111 si
1832 1067 1922 1112 ne
1941 1039 2075 1112 hoc
2094 1039 2261 1138 qui-

161 1156 326 1229 dem
352 1157 556 1258 objici
587 1156 846 1256 potest?
880 1155 1118 1248 Quid?
1155 1177 1234 1228 tu
1265 1154 1784 1246 liberalitatem,
1827 1155 2261 1228 dementiam

156 1271 404 1344 vocas?
438 1299 579 1344 non
612 1270 883 1371 expedit
911 1270 1037 1342 tibi
1057 1327 1076 1360 ‚
1105 1269 1541 1361 adolescens,
1570 1271 1754 1360 hanc
1786 1269 2015 1369 legem
2041 1269 2261 1343 intro-

161 1386 415 1459 ducere
444 1414 460 1458 :
497 1414 642 1458 non
681 1408 897 1485 optas,
933 1388 1119 1484 Age,
1157 1385 1477 1485 quisquis
1508 1412 1654 1458 non
1689 1405 1785 1458 est
1824 1412 2098 1476 avaruS,
2129 1385 2257 1458 de·-

159 1529 362 1574 mens
407 1502 554 1574 est?
597 1503 771 1574 varii
817 1523 980 1574 sunt
1027 1527 1256 1574 mores
1291 1510 1529 1601 z‘puta
1571 1528 1687 1574 me
1738 1501 1925 1576 nolle
1971 1524 2256 1602 optare,

161 1645 308 1690 non
343 1619 828 1719 concupiscere
860 1618 1228 1717 praemium
1261 1644 1276 1688 ε
1304 1645 1449 1690 non
1480 1617 1793 1709 invenio,
1818 1618 1991 1716 quid
2024 1638 2259 1718 optare

157 1733 426 1830 possim
457 1760 471 1803 :
506 1732 758 1805 deinde
788 1732 1081 1832 patriam
1115 1758 1402 1804 onerare
1439 1731 1603 1804 nolo
1628 1732 1815 1807 bello
1846 1732 2253 1805 ²afflictam:

161 1846 421 1920 deinde
461 1849 770 1948 gratuitae
813 1846 1072 1920 debent
1106 1874 1249 1919 esse
1294 1847 1577 1920 virtutes
1612 1875 1629 1918 t
1678 1847 1930 1920 deinde
1976 1849 2109 1920 hoc
2154 1867 2259 1921 est

159 1963 531 2060 praemium
551 2019 570 2052 ‚
606 1965 862 2036 intueri
896 1963 1280 2036 debitorem
1315 1963 1687 2062 populum.
1716 1962 1908 2035 Licet
1932 1962 2251 2036 differre:

157 2079 520 2178 permittes
543 2101 610 2152 et
634 2099 755 2152 tua
777 2105 981 2152 causa
997 2137 1014 2168 ‚
1045 2105 1331 2152 uxorem
1353 2078 1485 2151 tibi
1508 2098 1705 2179 opto,
1732 2079 2031 2151 honores
2055 2098 2251 2177 opto:

157 2193 429 2286 statim,
473 2195 736 2294 inquit,
785 2217 966 2294 opta.
1014 2193 1242 2294 Ergo3
1289 2194 1345 2266 si
1390 2194 1603 2282 facio,
1654 2220 1863 2266 sanus
1908 2221 2114 2265 sum:
2162 2221 2251 2266 en

157 2311 424 2384 crimen
443 2369 462 2402 ‚
493 2313 684 2410 quod
708 2313 935 2385 statim
967 2313 1113 2385 tolli
1145 2310 1399 2410 potest!
1431 2311 1624 2402 Quid
1655 2311 1756 2384 vis
1784 2310 2061 2411 optem?
2089 2332 2251 2410 opto

159 2429 454 2502 statuas?
481 2429 752 2502 vultum
791 2428 1177 2502 contrabit:
1219 2427 1364 2499 dies
1403 2426 1653 2500 festos?
1691 2426 2021 2500 irascitur.
2053 2426 2250 2517 Quid

159 2545 406 2643 igitur?
428 2546 844 2645 pecuniam?
871 2566 939 2617 et
962 2546 1017 2617 si
1047 2545 1230 2616 hanc
1260 2544 1635 2633 desideras,
1662 2570 1792 2643 cur
1817 2569 1959 2614 non
1983 2541 2251 2614 fortiter

159 2660 566 2759 pugnabas?
593 2660 932 2733 descende
966 2660 1036 2730 in
1068 2660 1289 2731 aciem
1318 2686 1333 2729 :
1367 2685 1460 2729 an
1490 2686 1618 2757 ego
1648 2685 1774 2755 pro
1808 2678 1875 2729 te
1904 2656 2251 2754 pugnavi?

157 2764 231 2849 Si
261 2803 650 2875 perseveras
689 2777 763 2848 in
795 2778 946 2848 foro
983 2775 1210 2875 potius
1244 2774 1580 2863 militare,
1617 2798 1830 2870 quam
1869 2772 1943 2843 in
1976 2770 2245 2870 praelio,

158 2892 674 2965 absolutionem
704 2914 864 2991 opto
891 2919 905 2962 :
941 2890 1106 2963 tolle
1130 2886 1505 2991 judicium.

159 3082 418 3153 sequitur,
447 3083 638 3136 hostem
659 3102 766 3135 non
787 3082 1054 3155 intelliqo‚
1077 3101 1167 3134 ex-
1249 3081 1511 3131 bertatem.
1528 3060 1607 3129 Ita
1622 3076 1797 3129 Burm-
1814 3088 1867 3129 at
1883 3076 1994 3148 Bip.
2014 3088 2067 3129 et
2080 3075 2246 3128 Hack.

154 3162 342 3233 plicari
371 3162 530 3214 debet
546 3202 563 3230 .,
585 3164 856 3233 imperitus
881 3182 998 3215 sum
1021 3162 1162 3214 belli.
1247 3156 1629 3212 liberalitatem.
1681 3158 1977 3228 Utrumque
2030 3154 2250 3227 intelligi

155 3242 232 3293 Ita
256 3242 484 3294 artifices
499 3256 549 3293 et
565 3247 754 3295 artium
771 3244 968 3315 peritos
983 3243 1168 3296 sentire

157 3332 210 3371 et
233 3318 526 3393 intelligere
547 3324 764 3394 proprie
787 3321 918 3388 dici,
941 3321 1166 3375 vidimus

158 3398 224 3451 ad
253 3402 466 3452 Petron.
499 3418 613 3471 cap.
647 3400 750 3452 Lu,
782 3402 949 3452 Bunu.

232 3500 276 3535 1.
305 3484 402 3535 Est
420 3484 572 3535 unius
593 3483 838 3537 criminis.
863 3486 989 3539 Non
1016 3502 1067 3535 u.
1093 3492 1167 3537 est

155 3565 389 3617 criminis
405 3562 692 3627 dementia,
715 3564 892 3615 AErod.
910 3563 1026 3617 Vid.
1044 3563 1164 3616 Ser-

153 3666 302 3698 mon.
323 3647 468 3698 Det-l.
487 3644 1160 3716 GCCXle.—-Nunquam

155 3727 214 3777 ίη
239 3744 363 3778 uno.
389 3728 684 3798 Nunquam
709 3724 808 3777 nisi
832 3725 886 3775 ἰη
911 3742 1159 3789 numero,

149 3808 334 3860 AErod.
369 3808 496 3861 Fab.
539 3811 660 3860 Inst.
687 3808 811 3875 Vll,
849 3806 913 3873 4,
947 3806 1007 3857 31
1030 3844 1048 3873 ,
1094 3806 1162 3857 de

152 3890 458 3944 actionibus
500 3890 803 3941 dementiae:
850 3910 872 3934 ι
890 3889 982 3939 Est
1022 3888 1162 3939 enim

166 3994 189 4019 ι
210 3972 501 4023 domestica
525 3971 860 4042 disceptatio,
877 3970 930 4021 in
957 3987 1059 4042 qua
1080 3988 1164 4021 se-

157 4075 180 4099 «
205 4052 308 4104 mel
361 4068 612 4123 peccasse
659 4048 982 4102 absolutioni
1028 4068 1165 4100 non-

158 4146 182 4171 «
203 4142 482 4197 nunquam
515 4122 727 4177 sufficit.
749 4144 770 4169 n
813 4120 980 4191 Quid?
1011 4130 1070 4171 tu
1101 4118 1166 4170 12·-

1245 3248 1422 3307 potest
1439 3272 1456 3302 ,
1490 3234 1699 3289 libertas
1712 3274 1731 3302 ,
1758 3234 1871 3287 scil.
1898 3236 2130 3306 optionis
2144 3272 2163 3301 ‚
2186 3232 2249 3286 li-

1244 3314 1494 3367 beralitas
1506 3353 1523 3381 ‚
1538 3334 1611 3367 sc.
1628 3312 1903 3367 ili-emissio
1919 3314 2136 3384 praemii.
2153 3314 2245 3365 Eo.

1319 3412 1365 3445 2.
1383 3394 1677 3473 Afflictam.
1698 3392 1898 3444 Deinde
1906 3390 2135 3462 patriam
2156 3408 2247 3441 no-

1246 3472 1298 3525 lo
1313 3470 1447 3524 bello
1462 3471 1716 3549 afflictam
1730 3470 1961 3543 proemit‘s
1972 3467 2109 3521 ultra
2125 3486 2249 3521 one-

1219 3572 1382 3620 rare,
1399 3555 1580 3607 AErod.
1605 3552 1667 3604 Al
1706 3546 1965 3630 afflictam
1982 3562 2086 3605 tam
2098 3549 2252 3627 gravi

1243 3636 1633 3707 servitutejuris
1652 3633 1961 3709 obstringere
1978 3655 1993 3684 .·
2018 3646 2077 3685 ut
2101 3650 2244 3704 supr.

1243 3715 1390 3769 Decl.
1418 3716 1644 3782 Cccvl,
1668 3733 1831 3785 marg.
1857 3713 2035 3767 AErod.
2054 3744 2115 3753 —
2130 3715 2251 3765 Pen-

1244 3800 1437 3863 mittes,
1464 3809 1563 3849 etc.
1596 3794 1773 3848 Liceat
1798 3796 1847 3847 d.
1874 3795 2141 3869 permittes
2170 3792 2252 3846 vel

1245 3888 1337 3929 tua
1359 3893 1542 3941 causa,
1570 3892 1779 3927 uxorem
1805 3874 1899 3925 tibi
1920 3875 2135 3946 optabo,
2158 3872 2247 3925 ho-

1245 3974 1390 4011 nores
1410 3957 1625 4030 optabo,
1650 3953 1832 4007 AErod.

1315 4037 1366 4089 3.
1385 4039 1538 4111 Opta.
1552 4037 1709 4108 Eryo.
1728 4032 2248 4108 Opta:sifact'osanus

1243 4138 1354 4170 sum
1373 4140 1388 4169 .-
1423 4120 1479 4171 id
1507 4119 1701 4171 crimen
1733 4128 1835 4184 est,
1859 4115 2028 4189 quod,
2062 4115 2241 4169 AErod.
