2855 4871
614 404 741 470 336
1116 405 1209 467 Μ.
1258 403 1512 467 FABII
1557 402 2195 485 QUINTILIANI

614 546 803 597 trum
846 524 920 597 in
961 549 1191 598 arcem
1236 523 1509 596 rueret?
1552 523 1702 621 quis
1735 551 1880 596 non
1920 525 2246 598 subderet
2278 523 2508 598 faces?
2546 526 2676 624 quis

614 668 757 714 non
792 667 1227 714 concremare
1264 662 1529 742 pestem
1569 641 1766 713 illam
1805 642 2197 740 reipublicae
2229 642 2477 714 vellet?
2509 643 2677 713 Vidit

612 757 881 828 animos
908 777 1171 828 nostros
1190 814 1209 846 ,
1242 757 1418 828 vidit
1446 757 1792 856 impetum
1819 785 1832 827 :
1871 785 2016 828 non
2046 757 2234 828 enim
2269 757 2568 855 vulgaria
2591 785 2676 827 sa-

611 889 965 944 cramenta
992 870 1346 944 ducebant
1366 885 1383 914 ¹
1414 898 1429 941 :
1469 897 1597 942 nec
1625 871 1801 942 sicut
1827 870 2156 942 adversus
2182 872 2353 942 alios
2379 891 2676 968 tyrannos

612 989 980 1078 tenebant,
1015 989 1293 1087 injuriae
1326 983 1600 1059 tantum
1640 987 1876 1060 dolore
1913 990 2356 1086 urgebamur.
2399 986 2678 1060 Incredi-

612 1101 755 1174 bile
784 1123 919 1194 est,
954 1103 1129 1202 quid
1160 1129 1305 1192 non
1336 1129 1590 1174 ausura
1618 1102 1825 1176 fuerit
1851 1103 2174 1174 libertatis
2211 1123 2278 1174 et
2305 1102 2542 1173 salutis
2571 1129 2676 1172 ne-

614 1217 920 1289 cessitas:
958 1216 1131 1314 quid
1165 1218 1358 1289 enim
1398 1218 1665 1307 dicam,
1697 1245 1908 1316 quam
1949 1218 2206 1289 invisus
2246 1217 2361 1288 ille
2401 1217 2528 1289 diis
2561 1218 2677 1286 im-

610 1330 1023 1404 mortalibus
1054 1331 1300 1403 fuerit?
1330 1359 1458 1403 nos
1491 1359 1634 1404 non
1669 1333 2021 1422 ferebant,
2062 1353 2127 1404 et
2158 1332 2508 1430 patientiae
2542 1357 2679 1401 nos-

614 1470 731 1520 trae
750 1449 1241 1521 irascebantur.
1260 1448 1330 1519 Si
1349 1448 1539 1520 hunc
1559 1469 1836 1521 tantum
1853 1449 2118 1521 vitasset
2141 1449 2511 1546 impetum,
2527 1447 2676 1519 nihil

614 1586 851 1640 tamen
885 1565 1015 1663 ipsi
1056 1565 1490 1638 deberemus.
1519 1570 1670 1664 Age
1703 1565 1916 1654 illud,
1952 1592 2380 1663 quamquam
2419 1565 2678 1637 demens

616 1701 685 1751 et
730 1681 1133 1770 sceleratus,
1188 1703 1254 1753 et
1296 1682 1640 1770 furiosus,
1691 1709 1834 1753 non
1880 1681 2052 1752 vidit
2097 1681 2402 1776 effugere
2447 1708 2516 1752 se
2559 1705 2678 1750 non

613 1823 848 1893 posse,
883 1797 1168 1894 quando
1202 1824 1367 1870 eum
1402 1798 1498 1869 dii
1525 1797 1944 1869 immortales
1974 1796 2150 1868 mori
2189 1793 2681 1868 vellent?Pesti·

614 1912 829 1986 lentia
879 1912 1277 1988 innocentes
1331 1915 1815 2013 rapiebantur:
1863 1941 2008 1985 non
2057 1912 2455 1986 mehercule
2501 1912 2679 1983 aliam

614 2027 823 2101 fuisse
851 2057 1132 2103 causam
1152 2089 1171 2121 ,
1198 2029 1470 2131 judices
1490 2088 1508 2120 ,
1537 2030 1850 2102 existimo
1869 2086 1888 2118 ‚
1917 2029 2105 2128 quod
2133 2029 2271 2100 huc
2305 2028 2575 2100 deducti
2593 2053 2682 2096 su·

617 2170 799 2215 mus.
836 2143 1077 2235 Quid?
1106 2145 1178 2217 in
1210 2145 1328 2217 illa
1358 2145 1516 2218 labe
1551 2146 1760 2218 totius
1794 2145 2120 2233 civitatiS,
2157 2143 2254 2214 dii
2288 2141 2683 2214 immortales
2787 2197 2792 2204 .

618 2286 763 2333 non
788 2281 931 2332 tam
954 2263 1149 2334 tacite
1170 2263 1495 2361 intelligi,
1519 2291 1732 2360 quam
1759 2263 2110 2362 publicare
2136 2287 2414 2359 poenam
2441 2255 2682 2356 tyranni

618 2375 1024 2450 voluerunt:
1061 2405 1315 2477 parum
1351 2378 1945 2470 existimaverunt,
1981 2377 2036 2450 si
2071 2377 2272 2449 illum
2309 2375 2487 2448 alius
2523 2371 2684 2445 occi-

620 2490 865 2565 disset:
901 2521 991 2566 ne
1026 2496 1183 2595 quis
1212 2494 1444 2593 itaque
1473 2496 1844 2584 existimet,
1880 2494 2224 2566 ultionem
2255 2513 2526 2563 tantum
2557 2512 2684 2559 nos-

620 2629 800 2681 tram
832 2611 921 2682 ad
952 2611 1225 2683 animos
1249 2612 1627 2683 hominum
1656 2611 2017 2709 pertinere.
2055 2609 2254 2679 Illam
2278 2664 2297 2695 ,
2333 2606 2522 2677 illam
2547 2630 2684 2699 ego,

611 2723 882 2827 judices
900 2782 918 2814 ‚
938 2726 1093 2826 jam
1118 2753 1307 2799 nunc
1331 2726 1536 2797 video
1561 2724 2052 2825 pestilentiam.
2076 2726 2256 2793 Nam
2279 2721 2332 2791 si
2359 2721 2492 2792 fuit
2513 2742 2688 2790 causa

622 2842 1031 2915 morborum
1058 2903 1077 2935 ,
1108 2844 1299 2943 quod
1334 2843 1548 2915 homo
1591 2843 1665 2914 in
1703 2842 1976 2914 civitate
2011 2860 2236 2912 nostra
2259 2894 2278 2927 ‚
2317 2865 2444 2911 sua
2483 2858 2688 2907 tamen

624 2976 896 3045 mente,
939 2985 1206 3055 suoque
1246 2959 1596 3058 proposito
1641 2985 1874 3029 arcem
1918 2976 2349 3055 occupasset,
2390 2951 2568 3051 quod
2609 2947 2689 3018 li-

625 3069 965 3143 bertatem
992 3073 1414 3165 abstulisset3
1448 3102 1588 3172 quo
1621 3074 1905 3146 tandem
1937 3074 2148 3145 modo
2180 3070 2588 3142 ulciscentur
2605 3063 2687 3133 dii

630 3187 1054 3260 immortales
1089 3190 1161 3261 id
1180 3249 1199 3280 ,
1236 3192 1425 3289 quod
1454 3219 1580 3263 nos
1608 3191 2020 3265 fecerimus?
2053 3194 2324 3289 Corpus
2355 3186 2522 3259 illud
2553 3208 2690 3253 om·-

674 3354 681 3360 ·
707 3344 725 3377 1
738 3364 751 3377 .
770 3326 896 3379 Non
910 3328 1050 3378 enim
1066 3327 1303 3402 vulqaria
1318 3342 1638 3383 sacramenta
1717 3332 2006 3385 CCCLVII:
2029 3330 2359 3381 «Accessisse
2373 3322 2692 3379 novum'amo-

627 3405 895 3456 ducebant·
914 3408 1193 3477 Pei-peram
1208 3408 1286 3457 vir
1299 3408 1512 3461 doctus:
1533 3427 1639 3460 non
1726 3434 1747 3456 κ
1769 3413 1810 3461 ri
1829 3428 1928 3461 suo
1949 3418 2350 3461 sacramentum.
2375 3432 2398 3453 ι
2424 3407 2621 3459 Seneca,
2633 3398 2688 3449 de

631 3486 770 3536 enim
792 3489 927 3537 tanti
944 3485 1179 3560 vulqaria
1197 3500 1519 3540 sacramenta
1543 3490 1637 3540 ἄη·
1719 3492 1908 3543 Brevit.
1940 3493 2088 3556 vira»,
2121 3508 2168 3540 c.
2211 3490 2242 3541 5
2267 3510 2280 3538 ε
2327 3512 2350 3534 ι
2375 3490 2478 3539 Tot
2515 3480 2690 3534 nobiles

630 3566 889 3618 cebantur.
903 3567 1299 3621 Sacramentum
1308 3569 1454 3622 ducit
1471 3583 1522 3621 et
1537 3569 1641 3621 adi·
1727 3592 1748 3615 α
1761 3573 1982 3640 juvenes
1999 3567 2257 3619 adulterio
2273 3565 2418 3617 velut
2435 3576 2694 3616 sacramen-

631 3646 706 3716 git
720 3644 939 3697 militem
956 3646 1023 3699 ad
1038 3647 1394 3701 invadendum
1409 3648 1635 3702 hostem.
1725 3668 1748 3693 ι
1769 3658 1822 3698 to
1859 3646 2049 3698 adacti.
2072 3670 2093 3693 n
2138 3645 2314 3698 Habes
2347 3658 2399 3696 et
2435 3640 2566 3715 apud
2593 3638 2694 3690 Flo·

630 3726 743 3791 lta,
767 3727 967 3797 inquit,
996 3746 1107 3779 non
1138 3728 1403 3781 tralaticiae
1437 3744 1489 3781 et
1520 3730 1640 3781 vul·
1721 3726 2073 3793 rum‚lib.111,
2093 3743 2174 3792 ιο,
2189 3728 2243 3789 3,
2259 3739 2311 3777 et
2331 3726 2412 3786 18,
2425 3724 2694 3793 9.Gnos.—-

630 3824 782 3877 geres
810 3824 980 3859 causoe
1008 3824 1107 3859 nos
1136 3807 1430 3869 invitabant
1463 3807 1530 3859 ad
1562 3820 1640 3881 ty·
1720 3805 1866 3858 Sicut
1893 3808 2133 3859 adversus
2161 3804 2309 3857 alios.
2331 3804 2448 3855 Vct.
2479 3797 2589 3853 cod'.
2615 3794 2694 3846 ad-

634 3903 859 3937 rannum
892 3884 1331 3958 oppugnandum.
1371 3888 1455 3939 Sic
1488 3887 1636 3939 Decl.
1721 3904 1899 3939 versos.
1925 3888 2072 3937 Prru.
2098 3914 2171 3925 —-
2195 3884 2473 3936 Tenebant.
2503 3877 2694 3931 Teudu-

634 3961 843 4016 CCCV:
900 3987 921 4009 α
942 3965 1048 4032 Qui
1092 3962 1275 4036 paullo
1324 3977 1445 4015 ante
1497 3984 1641 4017 ama
1721 3984 1865 4029 mur,
1939 3968 2027 4017 ιιία
2061 3966 2153 4037 inj.
2189 3979 2292 4016 etc.
2321 3966 2538 4019 senum.
2567 3956 2692 4010 Delet

645 4062 666 4085 α
688 4044 887 4096 minore
911 4058 1243 4097 sacramento
1265 4042 1389 4107 tuli3
1410 4067 1433 4091 ι
1458 4043 1512 4095 id
1533 4058 1639 4111 est,
1721 4056 1844 4089 vero
1864 4038 1912 4089 Ο
1953 4056 1994 4088 ι·.
2019 4037 2275 4089 tenebant.
2292 4035 2435 4087 ——Si
2455 4034 2580 4085 hunc
2597 4040 2692 4079 mn·

637 4138 743 4173 non
759 4135 863 4175 tam
878 4128 1023 4193 gravi
1039 4144 1197 4179 eausa
1208 4123 1467 4178 bellandi.
1487 4124 1636 4203 peel.
1723 4129 1853 4169 tum.
1875 4116 2102 4167 Intrudit
2120 4114 2301 4168 AErod.
2329 4114 2488 4188 igitur
2501 4113 2542 4165 ςί
2559 4109 2688 4159 hunc·
