2855 4871
635 377 761 463 34⁸
1131 380 1225 445 Μ.
1275 381 1531 446 FAnn
1575 382 2213 466 QmNTrLrANr

633 503 741 574 vel
776 529 854 575 ex
889 501 1021 574 hoc
1052 501 1197 575 solo
1225 523 1544 602 apparet,
1583 503 1773 603 quod
1801 503 1993 576 vivis.
2031 504 2166 578 Sed
2196 503 2420 598 idem,
2451 507 2676 607 inquit,

634 619 965 690 effectura
994 644 1097 690 res
1128 639 1263 707 est,
1294 618 1486 717 quod
1519 618 1575 689 si
1597 633 1613 663 ¹
1659 618 1894 718 capitis
1939 619 2308 693 damnatus
2347 649 2554 695 essem
2587 651 2600 694 :
2632 643 2680 694 et

632 732 946 832 proximo
984 733 1146 834 jure
1198 732 1542 806 utendum
1594 755 1728 826 est,
1785 756 1852 806 et
1903 734 2366 808 similitudine
2421 737 2676 837 quadam

635 849 826 946 legis·
850 848 985 920 Hic
996 849 1150 951 jam
1177 848 1425 921 desinit
1450 849 1717 948 privata
1745 876 1886 923 esse
1910 850 2032 922 lis:
2061 878 2226 922 nam
2261 852 2318 922 si
2353 853 2680 925 accusatori

632 963 796 1037 licet
818 965 1228 1037 constituere
1244 965 1442 1066 jura,
1477 985 1544 1036 et
1571 965 1754 1065 leges
1779 967 1996 1056 ferre3
2029 967 2085 1038 si
2121 968 2312 1066 quod
2345 990 2538 1040 antea
2569 969 2678 1038 fieri

635 1107 760 1178 per
795 1080 1178 1180 populum,
1231 1107 1355 1178 per
1384 1101 1705 1154 senatum
1738 1081 2030 1172 licebat,
2073 1084 2506 1156 constituitur
2543 1084 2681 1155 inter

635 1193 959 1267 subsellia
977 1221 1103 1293 pro
1124 1194 1363 1266 dolore
1384 1195 1748 1296 cujusque,
1769 1196 1877 1267 vel
1899 1224 2023 1296 pro
2043 1198 2470 1289 auctoritate,
2495 1225 2682 1298 super-

634 1335 847 1382 vacua
884 1329 1087 1382 erunt
1126 1310 1492 1409 suffragia,
1527 1337 1996 1410 supervacuus
2033 1333 2266 1385 tantus
2305 1311 2597 1386 ambitus
2626 1311 2680 1383 in

635 1425 1119 1499 constituendo
1148 1427 1330 1529 jure.
1376 1429 1537 1500 Non
1577 1428 1663 1502 de
1701 1455 1786 1500 eo
1827 1429 2159 1528 quaeritur
2196 1429 2385 1529 apud
2429 1429 2578 1518 hos,
2614 1455 2680 1498 an

636 1567 915 1641 aequum
962 1541 1100 1616 sit:
1151 1570 1277 1616 nos
1317 1543 1639 1616 venimus
1687 1542 1758 1614 in
1795 1543 2148 1644 judicium
2197 1544 2543 1644 quaesituri
2583 1543 2682 1612 hoc

636 1655 905 1748 solum,
951 1684 1043 1729 an
1084 1685 1211 1758 ego
1245 1658 1369 1730 ista
1410 1658 1560 1757 lege
1598 1678 1858 1730 tenear.
1895 1661 1987 1730 At
2021 1679 2321 1758 oportet,
2363 1681 2428 1731 et
2453 1658 2680 1759 justum

636 1791 765 1861 est,
788 1799 898 1864 ea,
922 1800 1075 1872 quae
1100 1773 1351 1848 similia
1368 1792 1564 1863 sunt,
1587 1774 1804 1846 simili
1825 1799 2028 1874 poena
2045 1773 2406 1846 contineri.
2425 1771 2682 1846 Adhibes

636 1907 994 1980 senatum,
1026 1889 1315 1962 adhibes
1344 1887 1730 1990 populum:
1769 1889 2290 1962 emendandum
2329 1887 2414 1962 sit
2448 1891 2681 1960 fortasse

625 2001 744 2104 jus
780 2030 795 2072 :
841 2003 974 2075 hoc
1018 2004 1299 2077 interim
1337 2004 1672 2094 vivimus,
1711 2003 1845 2078 hoc
1884 2005 2149 2077 utimur
2185 2031 2199 2075 :
2241 2003 2462 2076 multa
2494 2024 2682 2076 autem

628 2115 791 2215 jura
830 2117 1227 2218 decipiunt,
1275 2145 1508 2218 neque
1553 2119 1712 2192 ideo
1749 2120 2135 2219 conscripta
2173 2140 2372 2208 sunt,
2416 2140 2492 2191 ut
2527 2118 2684 2216 igno-

640 2234 861 2305 rantia
894 2234 1159 2308 fallant.

1500 2389 1870 2459 SERMO.

728 2550 873 2614 Hoc
902 2566 1002 2615 est
1024 2550 1188 2617 illud
1216 2573 1570 2617 commune
1587 2604 1604 2632 ‚
1637 2569 1709 2617 ut
1733 2550 2034 2618 dicebam
2059 2549 2245 2618 vobis
2263 2601 2280 2631 ,
2313 2574 2464 2617 cum
2489 2549 2684 2636 scripto

638 2672 705 2721 et
729 2656 1089 2723 voluntate.

1333 2802 2046 2869 DECLAMATIO.

734 2949 870 3021 Sed
919 2952 1311 3050 singarum,
1370 2972 1446 3024 ut
1502 2951 1626 3023 has
1677 2952 1927 3024 demus
1986 2949 2344 3039 delicias²,
2407 2970 2486 3021 ut
2525 2940 2688 3019 simili

639 3061 788 3161 lege
820 3065 1163 3138 utendum
1202 3068 1305 3139 sit.
1347 3066 1546 3158 Quid
1584 3067 1697 3140 hic
1731 3066 1955 3139 simile
1995 3064 2207 3138 dixit?
2237 3064 2396 3165 jam
2431 3063 2540 3137 illa
2572 3059 2690 3157 lege

718 3249 761 3285 t.
810 3232 960 3304 Quod
998 3236 1057 3288 si.
1106 3236 1359 3288 Francius
1398 3236 1612 3290 volebat
1628 3276 1644 3304 ‚
1726 3235 1822 3289 sed
1856 3236 2070 3289 delicias
2105 3254 2169 3288 eo
2211 3254 2372 3289 sensu
2409 3236 2580 3305 capio,
2608 3242 2690 3299 quo

638 3330 799 3385 quam
823 3314 867 3365 si
882 3314 1067 3384 capitis
1090 3314 1138 3366 d.
1161 3333 1203 3366 e.
1225 3343 1289 3375 -,-
1309 3316 1383 3368 Ee
1400 3317 1644 3389 proximo
1725 3313 2011 3367 delicatum
2034 3314 2196 3367 scelus
2209 3352 2226 3380 ‚
2253 3326 2307 3366 et
2329 3313 2513 3369 similia
2533 3307 2692 3381 passim

622 3394 762 3463 jure.
786 3393 921 3445 Vide
947 3393 1015 3446 ad
1035 3394 1182 3447 Decl.
1203 3394 1353 3461 xm,
1393 3412 1474 3447 10.
1497 3426 1570 3436 —-
1586 3398 1647 3449 Si
1725 3395 1779 3444 in
1826 3390 1911 3445 his
1951 3392 2460 3445 Declamationibus.
2493 3387 2607 3441 Vide
2639 3380 2691 3433 ad

637 3472 779 3544 quod
798 3484 969 3525 antea.
994 3474 1141 3527 Sicut
1157 3485 1342 3542 antea,
1366 3473 1549 3526 AErod.
1575 3504 1646 3515 —
1724 3472 2016 3527 Declamm.
2041 3476 2093 3539 1,
2124 3474 2205 3526 13.
2241 3476 2412 3525 Βσιιι.
2455 3500 2518 3512 --
2547 3467 2606 3519 Ur
2638 3463 2693 3515 εἰ·

637 3552 793 3605 Fieri.
818 3554 987 3622 Ferri,
1013 3574 1180 3627 marg.
1206 3554 1387 3607 AErod.
1406 3586 1480 3595 --
1499 3557 1645 3609 Lice-
1725 3555 1846 3608 mili
1864 3556 1975 3629 lege
1991 3556 2237 3608 utendum
2256 3557 2338 3608 sit.
2366 3551 2564 3608 Scribe:
2583 3558 2635 3598 ut
2649 3547 2690 3633 in

641 3635 743 3687 bat.
790 3636 999 3689 Licebat
1022 3660 1038 3688 .-
1077 3640 1121 3691 si
1144 3640 1239 3711 jus
1284 3638 1639 3705 constituitur,
1721 3634 1885 3689 simili
1915 3636 2036 3709 lege⁵
2055 3636 2304 3688 utendum
2332 3634 2416 3687 sit.
2447 3635 2510 3684 In
2539 3624 2692 3717 ‘fmus'

639 3713 819 3767 AErod.
842 3744 910 3755 —
928 3715 1045 3767 Hoc
1062 3718 1273 3769 utimur.
1299 3718 1415 3770 Hoc
1435 3717 1643 3771 interim
1723 3732 1884 3790 puta,
1907 3736 1994 3784 re,
2020 3736 2136 3789 quae
2159 3734 2271 3768 nou
2299 3728 2382 3768 est
2409 3726 2628 3785 expressa
2651 3722 2690 3756 1¹1

591 3824 599 3838 ·
637 3796 852 3859 utimur,
888 3793 1068 3847 AErod.
1094 3826 1165 3835 -
1184 3796 1319 3847 Jura
1343 3797 1610 3868 decipiunt
1625 3835 1643 3863 ‚
1727 3799 1871 3869 lege,
1891 3797 1986 3851 sed
2005 3801 2082 3865 ei,
2103 3816 2261 3869 quam
2287 3798 2370 3850 lex
2396 3798 2565 3868 punit,
2584 3788 2692 3843 simi·

638 3876 980 3950 Schult.jura
1006 3896 1111 3931 non
1136 3878 1419 3951 decipiunt.
1725 3876 1791 3929 lis
1827 3890 1924 3928 est.
1965 3876 2134 3929 Grion.
2171 3906 2244 3917 ——
2276 3876 2416 3946 Quid
2449 3874 2528 3925 hic
2559 3862 2692 3923 simile

712 3977 763 4013 2.
784 3960 852 4012 Ut
872 3960 964 4012 lias
982 3960 1162 4014 demus
1180 3958 1405 4014 delicias.
1426 3958 1650 4032 An‚fin-
1726 3955 1879 4019 dixit,
1883 3957 2002 4027 jam
2020 3952 2133 4006 illa.
2151 3955 2290 4025 Quid
2302 3953 2388 4007 hic
2399 3950 2558 4007 simile
2571 3944 2692 4000 di-tt't’

635 4054 823 4109 gamus
844 4050 892 4090 et
918 4037 1015 4091 hoc
1036 4039 1239 4105 demus,
1266 4058 1367 4108 an,
1396 4038 1646 4091 delictum
1723 4036 1958 4109 primum
1991 4034 2114 4104 (aut
2143 4054 2295 4097 sane,
2329 4048 2420 4088 aut
2451 4032 2592 4099 nam)
2616 4023 2690 4077 511⁰

640 4116 712 4167 ad
728 4116 861 4169 istud
872 4116 1051 4169 simili.
1068 4118 1291 4171 Senum-r.
1310 4115 1456 4169 Nihil
1469 4130 1618 4170 muto
1631 4155 1648 4184 ‚
1731 4116 1859 4191 lege.
1885 4116 2087 4171 Schult.
