2855 4871
632 368 1476 435 DECLAMATIONES.
1523 370 1776 435 XLIV.
2129 370 2254 461 589

132 519 361 569 tuus:
407 492 671 593 nuptiis
720 495 912 567 enim
958 494 1414 567 sollemnibus
1462 520 1606 566 non
1649 514 1752 567 est
1792 514 2014 568 natuS.
2070 497 2256 570 Civis

138 636 363 707 ergo,
394 607 531 679 nisi
562 608 749 680 faces
776 608 1201 700 accenderit,
1232 628 1299 679 et
1322 608 1729 679 fescennina
1762 608 2118 703 cecinerit,
2148 636 2258 710 pa-

138 746 265 796 ter
301 749 444 795 esse
481 749 626 794 non
670 724 957 822 poterit:
999 750 1337 822 perquam
1381 750 1452 794 es
1495 722 1932 814 inhumana3
1977 750 2123 796 non
2158 724 2258 796 vis

148 864 305 912 esse
334 858 600 937 patrem
624 893 642 924 ,
672 838 795 935 qui
826 858 892 909 te
919 837 1160 909 fecerit
1189 836 1531 909 matrem?

148 1099 361 1119 ‘m

746 1097 939 1117 m

1234 1094 2256 1117 mmmm-‘nst

1095 1280 1172 1355 X
1193 1279 1356 1355 LV.

854 1513 929 1585 V
922 1516 985 1582 ir
988 1511 1203 1609 fortis
1234 1526 1299 1583 et
1329 1527 1583 1584 orator.

527 1698 639 1757 Vir
659 1696 840 1756 fortis
861 1708 922 1756 et
944 1709 1157 1757 orator
1184 1696 1576 1758 consulatum
1599 1697 1910 1779 petebant.

917 1885 1070 1930 PRO
1118 1884 1524 1931 ORATORE.

270 2009 512 2099 Quam
534 2007 691 2107 plus
711 2007 799 2078 ad
820 2028 1039 2079 vestra
1051 2007 1325 2108 judicia
1340 2022 1358 2052 ¹
1391 2007 1730 2108 cujusque
1746 2063 1765 2098 ‚
1783 2006 2056 2107 judices
2073 2059 2092 2094 ,
2123 1981 2272 2105 pfo-

170 2124 425 2195 ficiunt
456 2123 699 2195 merita
733 2122 1027 2223 privata,
1063 2148 1283 2221 quam
1322 2122 1650 2222 publica?
1690 2127 2044 2195 Postremo
2082 2120 2271 2217 quod

171 2239 479 2311 maxime
510 2238 944 2311 uoluntatem
980 2239 1204 2338 plebis
1239 2240 1571 2331 offendit,
1603 2266 1840 2339 rogare
1875 2265 2019 2310 non
2053 2236 2270 2309 nosti:

174 2382 373 2427 orare
416 2375 482 2427 et
524 2381 797 2428 exorare
842 2377 1159 2428 nostrum
1203 2376 1337 2448 est,
1382 2356 1503 2455 qui
1547 2356 1714 2428 hinc
1759 2355 1968 2429 etiam
2010 2377 2274 2425 nomen

176 2474 597 2572 accepimus,

180 2689 289 2742 est,
304 2689 589 2748 autequam
608 2675 826 2729 rediret:
849 2694 993 2727 nune
1012 2687 1189 2727 nutem
1269 2679 1397 2729 titur
1418 2695 1560 2729 emm
1583 2675 1906 2730 consulatus.
1933 2673 2150 2726 senum.
2178 2671 2278 2723 Ni-

179 2755 331 2808 ardet
372 2758 544 2827 ipsum
581 2755 804 2827 perdere
822 2793 839 2821 ‚
876 2773 985 2826 quo
1022 2755 1188 2807 altero
1266 2757 1345 2810 hil
1369 2758 1552 2810 deesse
1576 2769 1738 2828 puto,
1763 2775 1862 2809 nee
1881 2771 2038 2827 quam
2067 2766 2278 2806 mutun-

182 2849 391 2888 amante
414 2838 665 2907 potiatur.
694 2835 913 2886 Senum-r.
1269 2837 1395 2888 dum
1414 2838 1470 2887 in
1487 2847 1686 2910 quanto
1698 2873 1716 2901 ‚
1739 2853 1904 2906 quum
1921 2832 2062 2885 idem
2076 2831 2248 2884 valeat
2262 2854 2276 2883 ι

260 2930 303 2965 1.
335 2914 505 2982 Quam
532 2913 655 2986 plus
683 2915 755 2965 ad
784 2926 944 2966 vestra
962 2911 1185 2984 judicia.
1268 2913 1478 2967 mallem
1519 2933 1644 2966 vero
1692 2932 1791 2987 pro
1834 2908 2148 2986 proficiunt,
2181 2910 2280 2982 fa-

180 2989 339 3043 Haud
350 2989 542 3056 dubie,
566 2993 773 3060 Quanto
792 2991 931 3065 plus.
951 2991 1185 3043 Gronov.
1269 2994 1433 3045 ciunt.
1456 2996 1528 3045 Ut
1558 2993 1634 3044 ita
1667 3009 1804 3063 soepe
1837 2989 2058 3044 Ovidius
2087 3001 2140 3042 et
2173 2986 2276 3040 alii.

183 3073 355 3143 Caput
387 3070 797 3124 Declamationis
832 3071 1052 3123 laborat.
1086 3071 1192 3122 Ubi
1269 3073 1403 3126 Vide
1433 3075 1612 3128 Beins,
1651 3073 1720 3126 ad
1746 3073 1901 3128 ovid.
1937 3074 2034 3145 Ep.
2070 3073 2148 3137 11,
2179 3073 2280 3140 39,

185 3149 515 3204 commodius
540 3165 675 3202 esset
692 3189 709 3216 ‚
740 3151 921 3222 Quid?
940 3171 1010 3202 an
1032 3149 1153 3222 plus
1170 3191 1188 3219 ‚
1270 3154 1363 3206 ubi
1396 3168 1448 3206 et
1483 3173 1605 3206 cum
1632 3153 1812 3206 dativo
1840 3153 2076 3205 construi
2103 3151 2277 3203 docet.

187 3244 287 3282 ete.
308 3243 361 3282 et
378 3249 526 3295 mox,
545 3231 704 3298 cives,
728 3249 839 3284 non
856 3231 1069 3302 judices.
1095 3233 1193 3283 Pe-
1270 3235 1442 3290 Banu.
