2855 4871
1052 399 1144 462 M.
1195 397 1443 462 FABu
1491 368 2126 485 QUINTILIANI

545 522 757 594 nullis
790 520 1065 621 captivae
1098 522 1347 593 forma¹
1383 523 1835 621 praestantior,
1867 522 2118 596 ultima
2149 553 2290 598 sors
2323 527 2652 600 habeba-

544 661 679 728 tur,
711 639 1095 736 quamlibet
1122 636 1375 710 nobilis
1394 660 1690 738 ‘petet-et.
1726 639 2077 738 Legistine
2099 642 2280 715 circa
2311 643 2652 718 decennis

541 754 708 825 belli
748 753 1021 826 exuvias
1063 752 1499 825 contendisse
1525 752 1950 827 clarissimos
1987 756 2220 854 reges?
2265 756 2408 830 haec
2445 786 2650 833 sacra

538 891 701 942 sunt
730 870 1007 959 merita,
1037 869 1181 940 haec
1206 867 1565 969 conjurata
1588 871 1844 943 virtus:
1875 871 2008 943 hoc
2035 893 2179 944 erat
2199 872 2412 963 illud,
2446 876 2646 974 quod

536 986 761 1061 v0102.
794 985 865 1058 Si
894 1011 1051 1057 vero
1080 984 1205 1055 isto
1234 985 1444 1055 verbo
1476 984 1858 1059 immodico
1887 988 2237 1077 abuteris;
2271 991 2650 1089 responde-

536 1100 640 1172 bit
675 1099 805 1173 tibi
846 1099 1268 1199 respublica3
1315 1100 1490 1199 quid
1529 1102 1808 1231 prodest
1832 1102 2107 1192 vicisse,
2147 1104 2204 1174 si
2239 1104 2469 1176 adhuc
2501 1105 2644 1177 ali—

537 1216 713 1317 quid
744 1242 999 1315 negare
1033 1241 1179 1286 non
1212 1243 1527 1316 possum.
1513 1214 1541 1271 9
1568 1217 1664 1289 sic
1693 1244 1972 1289 mecum
2003 1217 2400 1317 loqueretur
2420 1219 2646 1295 victor

532 1331 791 1404 hostis:
822 1328 1005 1429 quid
1027 1329 1083 1400 si
1108 1330 1540 1429 templorum
1570 1331 1897 1403 incendia
1925 1332 2161 1430 petas?
2188 1331 2427 1431 legum
2453 1334 2662 1405 obli--

535 1442 864 1518 viones³?
906 1444 1039 1516 hoc
1076 1444 1289 1517 modo
1328 1466 1395 1517 et
1438 1445 1718 1545 nuptias
1754 1446 1990 1517 matris
2027 1466 2316 1546 optare&
2346 1448 2646 1537 Quanto

526 1562 781 1663 justius
804 1562 930 1633 tibi
958 1562 1218 1634 mulier
1240 1563 1504 1662 privata
1530 1562 1921 1662 respondet:
1947 1590 2090 1635 non
2112 1590 2236 1663 pro
2255 1590 2369 1635 me
2391 1586 2646 1638 tamen

532 1678 884 1749 militasti:
934 1675 1207 1778 appella
1248 1677 1796 1776 rempublicam,
1837 1678 2112 1778 appella
2147 1679 2588 1778 magistratus
2623 1708 2642 1751 ε

532 1819 677 1865 non
721 1814 945 1893 potest
980 1820 1023 1866 a
1050 1792 1317 1893 privato
1348 1793 1534 1884 dari,
1572 1792 1761 1891 quod
1803 1793 1892 1865 ab
1935 1792 2266 1865 omnibus
2308 1791 2644 1865 debetur.

532 1908 697 1979 Haec
722 1909 1070 2001 edicerem,
1116 1910 1173 1980 si
1222 1908 1495 2008 aliquid
1545 1936 1628 1981 ex
1672 1908 1878 1981 rebus
1919 1910 2096 1981 meis
2138 1908 2582 2007 concupisses
2623 1938 2643 1981 ε

532 2050 725 2095 nunc
772 2025 1309 2101 matrimonium
1357 2024 1578 2124 petis»,
1627 2025 1817 2124 quod
1865 2024 1989 2097 tibi
2037 2025 2436 2123 contingere
2483 2051 2644 2096 non

530 2160 751 2237 potest
796 2140 945 2211 sine
988 2139 1250 2211 invidia
1290 2138 1768 2238 captivitatis4.
1818 2139 1890 2212 Si
1931 2160 2168 2212 tamen
2209 2137 2380 2211 urbe
2427 2160 2648 2238 capta

530 2294 721 2362 378.κ
699 2293 971 2345 «Bellator
1006 2295 1172 2359 ensis,
1193 2294 1341 2347 sil.
1386 2295 1539 2361 XIII,
1692 2296 1742 2347 3.
1792 2296 1986 2370 Legum
2035 2294 2334 2347 obliviones.
2381 2294 2645 2346 Fortasse

530 2371 665 2442 376;
700 2385 751 2423 et
782 2369 903 2422 ideo
936 2374 1113 2444 potuit
1138 2372 1334 2425 Noster
1362 2372 1538 2425 dicere
1620 2374 1835 2440 meiius,
1868 2373 2189 2427 abolitiones.
2221 2376 2366 2426 Pri-n.
2393 2402 2466 2412 --
2501 2373 2640 2425 Non

861 2449 1213 2503 abellatorem
1254 2471 1485 2504 currum.
1611 2471 1712 2524 pro
1733 2472 1816 2505 me
1835 2465 2010 2505 tamen
2030 2453 2284 2506 militasti.
2307 2451 2488 2504 Scribo
2507 2462 2642 2502 tan-

1619 2543 1748 2584 tum.
1792 2535 1906 2586 [loc
1951 2547 2028 2586 est
2048 2571 2064 2598 ‚
2107 2531 2441 2586 solummodo
2461 2571 2478 2594 .,
2529 2551 2642 2583 nec

1618 2613 1758 2661 enim
1789 2609 2018 2680 negabat
2051 2629 2107 2662 se
2135 2623 2340 2682 partem
2367 2611 2642 2675 civitatiS,

552 398 675 463 228

524 2454 643 2521 jure
688 2469 817 2516 suo,

530 2531 699 2582 Βυιιιι.

606 2629 652 2665 ι.
700 2612 941 2684 Captiva.
990 2611 1238 2682 Captiva,
1277 2609 1534 2663 Obrecht.

529 2691 621 2744 sed
640 2704 694 2742 et
710 2690 923 2761 vulgata
948 2691 1158 2742 retineri
1178 2701 1382 2762 potest,
1398 2707 1538 2761 saepe

529 2773 665 2822 enim
675 2769 861 2841 forma
880 2770 933 2819 in
952 2767 1036 2820 his
1050 2766 1535 2820 Declamationibus

529 2869 626 2921 pro
648 2848 825 2920 puella
846 2849 1081 2900 formosa
1100 2849 1358 2911 occurrit,
1372 2859 1427 2897 et
1446 2844 1537 2897 ali-

532 2929 603 2981 bi.
623 2929 753 2981 Vide
774 2929 1008 2980 Declam.
1034 2931 1149 2993 XV,
1178 2945 1225 2979 2.
1254 2930 1423 2980 Bunu.

606 3025 654 3058 2.
680 3007 795 3059 Hoc
816 3017 927 3058 erat
950 3005 1100 3059 illud.
1130 3007 1259 3059 Hoec
1282 3005 1446 3077 eligat
1469 3004 1538 3057 il-

532 3088 625 3140 lud
640 3088 782 3159 quod
799 3087 965 3152 volet,
990 3086 1191 3139 Schuit.
1212 3085 1333 3138 vid.
1358 3085 1427 3138 ad
1447 3089 1540 3138 Pe-

528 3181 668 3220 tron.
692 3165 869 3216 XCssl.
883 3166 1072 3217 —Isto
1092 3167 1239 3217 verbo
1258 3165 1537 3216 immodico

529 3249 768 3301 abuten‘s.
812 3245 1056 3298 AErodius
1077 3268 1089 3297 ε
1132 3246 1213 3298 Sis
1248 3263 1363 3298 vero
1402 3247 1541 3298 istud

1616 2706 1717 2759 pro
1754 2705 1859 2758 qua
1899 2687 2227 2764 militaverat.
2268 2689 2503 2740 Gnoson
2551 2691 2642 2740 Ita

1617 2768 1870 2822 Obrecht.
1902 2799 1975 2808 —
2004 2771 2128 2822 Non
2159 2779 2324 2840 potest
2351 2789 2384 2819 a
2419 2769 2640 2839 privato

1615 2849 1748 2902 dari.
1773 2850 1882 2901 Cur
1905 2867 2043 2914 non,
2063 2850 2308 2922 privata?
2327 2849 2492 2902 Giton.

1685 2931 1737 2998 4.
1760 2931 2096 3003 captivitatis.
2119 2931 2451 3003 cupiditatis,
2469 2929 2541 2982 al.
2557 2961 2644 2973 —-·

1616 3010 1740 3062 Non
1775 3011 2006 3083 aufem-et
2040 3010 2209 3063 hostis.
2239 3009 2400 3077 Quod
2431 3011 2636 3082 pignus

1615 3089 1780 3142 habet
1809 3089 1968 3162 hujus
2002 3088 2293 3142 clementiae
2323 3107 2386 3141 ac
2419 3091 2638 3143 miseri-

1617 3169 1808 3222 cordine
1841 3169 2112 3223 hostium?
2146 3173 2286 3241 Lege
2305 3191 2320 3220 ε
2353 3168 2414 3221 Si
2445 3179 2636 3224 tamen

1617 3251 1734 3302 urbe
1755 3261 1910 3323 capta
1935 3250 2198 3302 invocaret
2215 3267 2394 3301 manes
2415 3250 2632 3318 mariti,

530 3329 739 3380 verbum
764 3327 821 3377 in
844 3324 1047 3377 modico
1074 3325 1353 3378 habiturus.
1384 3327 1500 3396 Ego
1521 3347 1534 3378 ε
1607 3331 1794 3402 forsan
1804 3331 1974 3402 ferret
1993 3329 2161 3383 hostis.
2181 3328 2348 3381 Giton.
2365 3331 2474 3398 Ego
2489 3327 2637 3384 nihil

528 3411 588 3464 Si
612 3427 729 3460 vero
758 3409 853 3460 isto
880 3408 1026 3461 verbo
1056 3408 1329 3460 immodice
1352 3407 1538 3460 abute-

530 3491 612 3540 ris.
638 3490 881 3541 Gnouov.
908 3489 985 3539 Ita
1010 3499 1063 3538 et
1083 3485 1413 3540 Obrechtus:
1440 3507 1536 3560 pa-

530 3589 645 3621 rum
664 3569 854 3622 refert:
878 3569 1109 3639 quamvis
1130 3569 1405 3622 immodico
1426 3587 1536 3620 ver·-

530 3649 591 3700 bo
610 3649 908 3719 praeferrem
920 3684 936 3712 ‚
954 3645 1099 3718 quod
1118 3661 1195 3700 est
1216 3646 1532 3718 superbum,

530 3747 781 3800 magnum
806 3748 818 3778 :
858 3731 933 3780 ita
961 3751 982 3774 a
1002 3727 1295 3781 immodicae
1330 3730 1528 3794 rixae,-

532 3811 713 3862 Horat.
726 3806 830 3860 Od.
848 3810 890 3872 Ι,
914 3808 995 3874 13,
1018 3825 1100 3876 ιο,
1123 3821 1175 3860 et
1196 3811 1267 3860 ita
1292 3807 1534 3861 homines

531 3889 827 3953 immodici,
859 3902 918 3940 ut
948 3891 1189 3942 Lucanus
1219 3911 1241 3934 ιι
1260 3887 1530 3940 Gracchos

537 3994 559 4019 ι
579 3971 891 4024 immodicos
906 3971 1108 4040 legibus
1124 3994 1146 4017 ι
1164 3968 1293 4020 dixit
1308 3968 1395 4033 Vl,
1408 3967 1529 4037 796·

530 4065 583 4102 et
602 4051 721 4102 val.
742 4053 959 4116 Flac.v‚
980 4049 1079 4120 597
1100 4071 1111 4100 :

536 4149 561 4174 σι
578 4127 749 4182 dictis.
773 4153 795 4176 a
824 4129 992 4180 Beni.

1144 4071 1165 4094 α
1181 4046 1530 4099 immodicum

1615 3423 1782 3462 muto.
1820 3413 1946 3464 Non
1977 3411 2240 3483 auferret,
2270 3409 2326 3462 id
2361 3424 2632 3474 est‚·non

1615 3491 1802 3557 ferret,
1825 3491 1972 3564 quod
1995 3504 2054 3542 tu
2076 3492 2240 3563 petia,
2266 3489 2360 3544 sed
2385 3491 2636 3544 remitte·

1615 3582 1691 3621 ret
1735 3571 2131 3624 matrimonium
2175 3569 2417 3635 mulieri,
2459 3587 2630 3641 quam

1615 3662 1764 3703 tanto
1795 3668 1977 3704 amore
2007 3650 2248 3702 defuncti
2280 3651 2444 3701 teneri
2469 3647 2632 3704 vide-

1615 3741 1710 3780 ret.
1735 3731 1810 3782 Ita
1833 3728 2038 3800 auferre
2059 3745 2157 3800 pro
2181 3730 2491 3799 impetrare,
2516 3727 2630 3780 ob-

1613 3808 1780 3860 tinere
1813 3810 2010 3880 passim
2045 3808 2233 3860 Cicero
2273 3807 2445 3878 ponit.
2483 3805 2630 3860 vide

1611 3888 1866 3938 Passer-at.
1903 3886 1969 3937 ad
2001 3889 2150 3939 Orat.
2181 3905 2280 3958 pro
2305 3885 2524 3951 Quinct.
2555 3887 2628 3952 5,

1611 3971 1664 4010 et
1685 3959 1850 4010 Graev.
1876 3956 1943 4010 ad
1967 3959 2038 4008 vt
2066 3955 2135 4009 ad
2158 3959 2304 4010 Fam.
2339 3974 2420 4010 12:
2445 3975 2626 4008 «con-

1609 4035 1864 4103 firmavit,
1885 4055 1940 4090 se
1959 4035 2297 4108 perceleriter
2313 4033 2630 4088 ablaturum

1609 4115 1862 4188 diploma.
1879 4139 1901 4163 n
1926 4116 2175 4168 Francius
2197 4111 2466 4185 probabat
2481 4113 2628 4167 Gro-
