2855 4871
584 390 713 457 238
1086 388 1177 451 M.
1227 388 1478 469 mim
1523 384 2168 468 Qnm‘rlmmr

584 512 801 607 idque
830 536 975 589 non
1004 507 1340 581 mediocri
1376 507 1645 579 ratione
1673 532 1689 579 ε
1727 532 1954 604 neque
1989 507 2182 579 enim
2215 505 2408 579 aliud
2429 521 2446 551 ¹
2477 508 2672 581 vide-

585 647 702 699 tur
750 623 1075 696 solatium
1120 622 1361 695 mortis
1390 678 1409 712 ,
1463 647 1678 719 quam
1724 620 2041 693 voluntas
2085 619 2269 692 ultra
2319 642 2612 694 mortem
2651 652 2668 692 :

586 720 851 838 alioqui
884 758 1108 840 potest
1128 760 1332 837 grave
1350 736 1610 826 videri,
1635 734 1846 809 etiam
1874 734 2106 835 ipsum
2133 736 2628 835 patrimonium
2645 794 2672 827 ,

588 857 645 931 si
672 884 817 929 non
846 857 1189 955 integram
1212 855 1444 953 legem
1467 852 1714 925 habet:
1749 874 1816 925 et
1843 879 2070 951 quum
2097 878 2308 925 omne
2326 853 2448 954 jus
2473 852 2674 925 nobis

587 971 663 1045 in
708 972 779 1043 id
828 970 1262 1071 permittatur
1303 968 1693 1045 viventibus
1723 1022 1750 1060 ,
1797 968 2148 1041 auferatur
2191 969 2674 1041 morientibus.

585 1086 992 1159 Proximum
1034 1085 1273 1157 locum
1306 1110 1351 1155 a
1385 1081 1816 1157 testamentis
1850 1080 2116 1155 habent
2145 1083 2526 1183 propinqui
2557 1112 2576 1155 ;
2607 1104 2676 1155 et

585 1203 746 1293 ita2,
772 1204 827 1274 si
855 1203 1207 1276 intestatus
1227 1200 1383 1299 quis
1396 1228 1476 1273 ac
1491 1200 1640 1274 sine
1654 1199 1893 1273 liberis
1911 1200 2273 1273 decesserit
2293 1226 2307 1272 :
2331 1226 2478 1272 non
2495 1226 2673 1299 quo—

584 1319 784 1392 niam
806 1318 1047 1417 utique
1058 1316 1329 1416 justum
1350 1315 1470 1404 sit,
1491 1314 1578 1387 ad
1599 1314 1724 1389 hos
1743 1314 2100 1415 pervenire
2119 1314 2304 1386 bona
2325 1315 2680 1387 defuncto·

589 1460 787 1523 rum,
830 1432 949 1505 sed
993 1429 1331 1529 quoniam
1374 1430 1644 1521 relicta,
1693 1450 1759 1501 et
1797 1428 1986 1504 velut
2030 1430 2108 1502 in
2153 1429 2386 1503 medio
2421 1430 2675 1530 posita,

590 1549 767 1620 nuIIi
797 1548 1081 1648 propius
1104 1546 1430 1619 videntur
1458 1547 1879 1669 contingere.
1905 1546 2097 1620 Nihil
2128 1568 2228 1620 est
2259 1574 2420 1647 ergo
2439 1606 2458 1637 ,
2489 1548 2674 1645 quod

590 1691 716 1737 nos
749 1690 1033 1737 onerare
1059 1683 1323 1736 tentent
1354 1663 1642 1737 nomine
1681 1664 1813 1743 isto
1851 1662 2421 1764 propinquitatis,
2449 1664 2676 1767 jacta-

588 1780 777 1851 tione
819 1779 1176 1879 sanguiuis
1219 1799 1287 1852 et
1326 1800 1590 1852 naturae
1608 1836 1648 1874 κ
1671 1780 1993 1852 homines
2033 1779 2217 1852 binis
2242 1780 2391 1881 jam
2425 1780 2678 1854 tabulis

593 1896 983 1969 exheredati
1006 1895 1055 1968 3.
1092 1898 1183 1969 Et
1216 1920 1381 1968 sane
1416 1894 1686 1994 quoties
1724 1892 2007 1994 quaestio
2029 1894 2209 1996 juris
2243 1915 2341 1967 est
2373 1894 2574 1987 certi,
2613 1916 2681 1967 et

591 2035 634 2081 a
664 2010 1046 2112 majoribus
1069 2009 1458 2101 constituti,
1493 2008 1678 2081 nihil
1710 2035 1986 2084 necesse
2023 2031 2122 2082 est
2150 2009 2432 2081 laudare
2459 2009 2679 2111 leges,

592 2125 847 2222 quibus
880 2125 1167 2216 utimur,
1199 2146 1265 2198 et
1296 2123 1383 2197 ad
1414 2150 1590 2223 quas
1616 2123 1812 2197 vobis
1831 2121 2296 2224 judicandum
2323 2144 2464 2197 est:
2499 2150 2684 2223 quae-

591 2239 721 2310 stio
742 2239 952 2337 igitur
971 2238 1175 2311 totius
1195 2265 1413 2311 causae
1436 2258 1679 2311 nostrae
1693 2295 1712 2327 ,
1745 2258 1821 2309 ut
1840 2238 2108 2337 opinor,
2139 2239 2214 2310 in
2235 2266 2316 2312 eo
2336 2240 2682 2330 consistit,

592 2380 685 2424 an
715 2354 981 2425 amicus
1014 2380 1215 2426 meus
1242 2354 1596 2427 intestatus
1631 2354 2034 2427 decesserit:
2069 2354 2142 2425 in
2173 2381 2313 2455 qua
2340 2376 2532 2456 parte
2566 2357 2686 2428 de·

596 2469 830 2558 lector,
856 2469 1031 2541 nihil
1053 2490 1200 2541 tam
1227 2470 1551 2559 obscure,
1591 2469 1772 2542 nihil
1808 2490 1952 2542 tam
1990 2471 2166 2542 clam
2207 2498 2344 2544 esse
2381 2473 2684 2563 factum,

594 2606 673 2657 ut
695 2584 899 2656 nobis
917 2584 1361 2684 probandum
1382 2584 1487 2659 sit.
1511 2588 1866 2684 Interrogo
1882 2607 2002 2656 vos
2029 2584 2255 2684 igitur,
2281 2585 2684 2688 propinqui,

592 2730 684 2775 an
729 2701 875 2793 hic,
920 2729 1132 2801 quem
1175 2703 1575 2774 intestatum
1622 2701 1982 2775 decessisse
2030 2701 2291 2793 dicitis,
2335 2703 2690 2802 scripserit

595 2817 973 2916 aliquando
1010 2815 1553 2890 testamentum?
1585 2816 1932 2914 interrogo
1959 2841 2112 2906 vos,
2147 2843 2235 2887 an
2268 2817 2371 2887 hae
2395 2815 2684 2905 tabulae,

596 2957 747 3030 quae
773 2959 853 3004 ex
876 2953 1063 3031 parte
1084 2953 1311 3006 nostra
1332 2931 1800 3033 proferuntur,
1827 2931 2048 3003 testati
2069 2929 2267 3004 sunt?
2291 2929 2686 3034 Intelligitis

675 3093 715 3126 ι.
728 3077 913 3150 Neque
922 3078 1063 3130 enim
1082 3079 1241 3132 aliud.
1260 3080 1444 3151 Neque
1461 3079 1600 3130 enim

598 3157 787 3226 majus,
810 3156 986 3207 AErod.
1013 3157 1141 3224 Alii,
1160 3162 1327 3232 majus
1342 3158 1514 3212 datur.
1529 3187 1602 3197 --

1679 3077 1804 3144 bat,
1840 3076 1979 3128 nulli
2013 3095 2170 3150 quam
2211 3073 2322 3137 im,-
2353 3078 2456 3130 nisi
2493 3077 2682 3132 nullos.

1749 3155 1802 3208 3.
1835 3156 1974 3208 Binis
1991 3158 2114 3228 jam
2143 3155 2330 3208 tabulis
2363 3154 2683 3208 exheredati.

494 3239 499 3242 '
596 3232 828 3305 Alioqui.
850 3231 961 3286 Nec
978 3231 1140 3286 alicui
1152 3255 1207 3308 p.
1226 3237 1437 3308 gravius
1453 3235 1601 3310 quid-

596 3331 757 3386 quam
782 3313 975 3379 videri,
1006 3332 1163 3385 quam
1188 3315 1353 3386 ipsum
1370 3353 1387 3381 ,
1417 3313 1596 3367 AErod.

490 3393 495 3398 ’
596 3425 669 3434 —
687 3395 954 3467 Integram
984 3392 1163 3467 legem.
1191 3398 1457 3468 Inteqmm
1485 3413 1597 3448 eam

598 3469 778 3542 leqem.
804 3470 1022 3524 Senon-r.
1050 3503 1121 3512 -—
1138 3475 1213 3526 Et
1238 3492 1400 3547 quum
1429 3493 1597 3526 omne.

597 3549 745 3618 [egit
778 3561 840 3600 ut
872 3551 1137 3615 Latiniu⁸3
1172 3565 1227 3606 et
1262 3552 1438 3604 AErod.
1475 3565 1526 3606 et
1558 3553 1604 3605 εἰ

596 3647 778 3701 quum.
805 3629 1020 3684 Senum:

671 3724 719 3760 2.
738 3707 811 3759 Ee
832 3707 921 3759 ita.
942 3709 1223 3776 Francius,
1240 3711 1327 3763 sed
1344 3710 1515 3762 ita.—
1533 3709 1599 3762 In

598 3785 908 3842 mediavid.
927 3790 993 3842 ad
1008 3790 1241 3844 Decium.
1259 3795 1303 3860 1,
1316 3789 1602 3846 8.--Nulli

594 3868 809 3942 propius
846 3867 1089 3922 videntur
1118 3871 1426 3943 continqeoe.
1471 3871 1600 3922 Pro-

596 3949 768 4019 prius,
803 3949 979 4001 AErod.
1014 3953 1095 4002 An
1128 3969 1269 4016 non,
1303 3948 1512 4004 nullos?
1542 3963 1602 4002 ut

598 4024 751 4080 ovid„
769 4026 911 4099 EIeg.
928 4030 985 4080 in
1003 4028 1233 4082 Drusum
1245 4067 1261 4094 ,
1278 4047 1315 4099 9
1330 4050 1343 4080 ε
1365 4052 1389 4076 ι
1404 4031 1600 4082 Luctus

604 4125 629 4149 a
648 4107 871 4177 contigit
900 4127 1101 4162 omnes.
1123 4131 1145 4154 ι
1174 4109 1427 4164 Francius
1452 4107 1600 4164 vole·

1679 3233 1813 3287 Num
1851 3237 2027 3306 priore
2069 3247 2414 3298 testamento,
2457 3237 2686 3286 amicum

1677 3331 1876 3379 unum,
1911 3315 2243 3384 posteriore,
2275 3312 2502 3366 alterum
2535 3316 2688 3366 insti-

1677 3403 1868 3444 tuerat.
1911 3391 2074 3462 Atqui
2111 3393 2390 3462 praeteritio
2430 3410 2688 3458 suorum,

1680 3476 1832 3544 quasi
1879 3473 2116 3543 quaedam
2167 3471 2514 3524 exhaeredatio
2565 3486 2684 3527 est:

1679 3567 1806 3605 nota
1841 3571 1967 3606 vero
2005 3570 2116 3604 non
2157 3553 2359 3624 exigua.
2400 3553 2583 3608 AEnon.
2621 3585 2688 3594 --

1677 3636 1763 3688 Ad
1783 3653 1912 3708 quas
1941 3636 2080 3687 vobis
2096 3635 2453 3708 judicandum
2485 3647 2578 3688 eti.
2617 3641 2690 3690 Ita

1677 3713 1824 3767 Decl.
1875 3713 2156 3766 CCCXIII:
2211 3713 2334 3766 «Ad
2378 3729 2523 3766 certa
2565 3717 2689 3784 jura

1685 3791 2019 3846 “considera
2042 3815 2066 3842 a
2107 3795 2170 3844 Et
2215 3793 2512 3846 CCCXLV:
2561 3817 2588 3840 α
2613 3793 2690 3846 Ad

1685 3896 1707 3919 a
1729 3872 1832 3925 hoc
1863 3876 1985 3943 jus,
2019 3871 2086 3926 ad
2117 3873 2258 3925 hanc
2290 3873 2460 3944 Iegem
2497 3891 2691 3926 conse-

1685 3971 1708 3998 ·
1727 3951 1894 4012 distis,
1917 3975 1940 4000 υ
1967 3981 2038 3994 —-
2064 3951 2255 4006 Testae·
2273 3963 2410 4006 suut.
2433 3953 2692 4006 Tamaris

1677 4031 1798 4097 sint,
1817 4032 2065 4086 Latinius.
2087 4033 2327 4086 Intestati
2345 4033 2466 4084 tint.
2493 4031 2691 4086 Scutt-

1678 4125 1902 4162 nactus.
