2855 4871
567 417 1407 484 DECLAMATIONES.
1458 419 1806 489 CCCLII.
2112 423 2241 501 447

159 557 450 630 paternos
483 541 843 606 frementes
868 540 1128 604 venisse
1153 538 1238 604 ad
1269 539 1577 622 divitem,
1609 542 1827 630 palam
1856 557 2125 632 questos
2155 540 2243 606 de

163 645 354 712 duce:
393 645 748 736 adjecisse,
781 649 972 710 Pater
1009 661 1196 726 tuuS,
1237 647 1290 712 si
1325 645 1615 726 viveret,
1653 670 1779 736 pro
1818 649 2027 737 patria
2062 669 2245 712 arma

164 751 465 840 cepisset:
497 773 631 816 non
658 765 832 816 esset
857 773 1087 838 passus
1110 751 1330 814 vexari
1355 749 1835 838 rempublicam
1861 769 1928 817 et
1950 752 2245 818 hostium

162 861 374 939 armis,
412 875 480 923 et
511 859 798 945 imperiti
834 855 1022 923 ducis
1055 857 1365 923 consiliis.
1391 861 1760 923 Acceusum
1795 859 1897 924 his
1930 859 2204 926 vocibus
2226 910 2247 940 ,

163 987 272 1053 pro
305 964 542 1042 salute,
574 987 650 1028 ac
681 963 985 1028 libertate
1011 964 1310 1028 omnium
1331 1013 1350 1043 ,
1374 965 1481 1052 pia
1512 987 1692 1030 arma
1717 967 2003 1054 cepisse,
2038 967 2245 1055 priva-

165 1087 252 1138 tas
273 1093 540 1162 quoque
568 1069 887 1160 adjecisse
917 1071 1124 1136 vires:
1155 1069 1322 1135 urbe
1347 1093 1719 1158 egressum,
1750 1073 2000 1138 solutos
2025 1073 2251 1138 laetitia

165 1179 440 1243 victoriae
467 1176 691 1242 hostes
709 1225 726 1256 ,
764 1193 831 1240 et
859 1175 1026 1240 nihil
1055 1176 1275 1241 minus
1293 1226 1310 1254 ‚
1338 1199 1538 1266 quam
1566 1178 1986 1266 eruptionem
2009 1179 2251 1244 timen-

167 1301 286 1362 tes,
319 1283 745 1374 oppressisse.
781 1283 922 1348 Hac
949 1283 1222 1348 victoria
1255 1306 1642 1362 accensum,
1675 1287 1861 1376 quasi
1892 1288 1957 1350 in
1985 1287 2247 1353 aemula-

165 1391 334 1456 tione
353 1416 395 1472 ¹,
420 1392 602 1479 gravi
632 1388 864 1454 dolore
895 1389 1209 1454 exarsisse
1245 1388 1484 1455 ducem
1505 1441 1522 1470 ‚
1550 1414 1759 1480 quum
1793 1390 2045 1456 diceret
2076 1392 2253 1458 malo

168 1497 458 1585 exemplo
493 1495 776 1560 militare
809 1495 1137 1584 privatos:
1179 1512 1247 1560 et
1287 1519 1499 1586 quum
1536 1520 1768 1563 omnes
1801 1499 1994 1562 amici
2030 1498 2251 1564 divitis

167 1624 306 1665 cum
347 1600 594 1667 divite²
636 1615 888 1678 essent,
934 1622 1070 1665 non
1117 1597 1392 1666 difficile
1436 1603 1879 1689 persuasisse,
1920 1620 1994 1667 ut
2032 1620 2253 1692 portas

167 1706 512 1773 clauderet.
534 1707 780 1772 Milites
796 1722 1020 1771 autem
1045 1707 1354 1771 confecto
1377 1708 1611 1798 praelio
1634 1707 1719 1773 ad
1745 1709 2255 1796 gratulationem

167 1813 513 1880 redeuntes
533 1863 550 1892 ‚
591 1829 813 1902 portas
844 1812 1096 1878 clausas
1131 1812 1553 1902 obstupuisse
1580 1839 1594 1878 t
1627 1831 2061 1906 posteaquam
2094 1840 2257 1882 vero

161 1923 314 2012 jussi
339 1924 473 1988 sint
495 1944 676 1986 arma
703 1942 956 2008 ponere
975 1971 992 2000 ‚
1022 1919 1361 2009 aliquanto
1390 1923 1650 2010 gravius
1682 1921 2023 2004 exarsisse,
2050 1923 2256 1988 veluti

167 2027 514 2116 parricidas
550 2050 620 2092 se
648 2025 941 2104 excludi,
983 2042 1050 2089 et
1074 2028 1342 2090 armatis
1375 2025 1683 2093 hostibus
1715 2029 2000 2094 inermes
2036 2027 2254 2118 objici.

171 2137 346 2201 Hanc
388 2135 788 2201 seditionem
825 2133 1166 2198 volentem
1208 2155 1441 2199 sanare
1483 2134 1757 2201 divitem
1780 2184 1797 2215 ,
1840 2151 2105 2222 tempus
2140 2158 2257 2223 pe·
2296 2143 2299 2148 '

171 2243 336 2308 tiisse
359 2267 499 2308 non
529 2242 738 2331 magis
763 2239 1176 2306 deliberandi
1193 2291 1209 2321 ,
1238 2265 1439 2332 quam
1462 2240 1775 2331 rogandi3
1803 2257 1870 2307 et
1892 2241 2115 2307 triduo
2143 2241 2259 2307 illo

171 2349 323 2416 nihil
359 2349 542 2416 aliud
582 2350 823 2439 egisse,
860 2371 1058 2439 quam
1087 2347 1292 2414 modo
1321 2349 1651 2440 singuloS,
1680 2348 1886 2416 modo
1916 2352 2261 2416 universos

171 2478 462 2547 rogasse:
502 2456 654 2520 illos
695 2478 964 2546 quoque
999 2456 1364 2521 securiores
1401 2458 1607 2522 fuisse
1622 2454 1669 2535 3,
1710 2474 2145 2545 posteaquam
2182 2480 2263 2521 ex

173 2580 304 2631 toto
345 2564 696 2630 recessisse
732 2562 996 2629 hostem
1039 2562 1466 2629 crediderint.
1510 2563 1806 2629 Rediisse
1848 2582 2068 2627 autem
2114 2586 2184 2627 se
2224 2584 2263 2626 a

171 2670 338 2737 bello
363 2669 448 2736 ad
466 2668 794 2759 judicium
812 2719 829 2748 ‚
861 2686 928 2733 et
959 2669 1028 2734 in
1057 2672 1459 2736 conscientia
1484 2670 1749 2735 maximi
1774 2668 1987 2732 meriti
2018 2667 2263 2756 gravis-

175 2778 409 2843 simum
438 2776 563 2841 sibi
603 2777 853 2839 crimen
890 2773 1124 2864 objici,
1158 2794 1234 2841 ut
1266 2777 1380 2867 qui
1421 2774 1599 2841 solus
1636 2772 2113 2863 rempublicam
2152 2770 2262 2837 de-

175 2881 459 2948 fenderit
475 2930 494 2961 ,
516 2880 893 2968 opprimere
917 2880 1205 2944 voluisse
1230 2880 1509 2946 dicatur.

247 3086 290 3121 1.
317 3068 485 3137 Quasi
511 3068 570 3119 in
598 3064 949 3119 emulatione.
979 3064 1178 3119 Accen—
1339 3060 1392 3113 3.
1440 3061 1727 3113 securium
1758 3058 1939 3128 fixisse.
1981 3056 2267 3113 senar-‘om

179 3164 277 3199 sam
295 3148 448 3220 quasi
467 3146 556 3198 illi
571 3145 991 3198 emulationem.-
1019 3146 1182 3197 Gravi
1246 3138 1463 3211 ficis-se,
1500 3156 1662 3210 marg.
1703 3137 1881 3191 AErod.
1916 3166 1983 3177 —-
2014 3138 2101 3191 Ex
2140 3149 2265 3211 toto.

181 3226 606 3279 dolomexarcisse
619 3226 819 3277 ducein.
837 3225 1181 3279 Semiram-
1261 3220 1326 3271 Ut
1357 3218 1606 3282 Plautus,
1638 3236 1701 3269 ex
1734 3214 1889 3269 virili.
1926 3214 2145 3269 Sotium.
2181 3216 2266 3267 Ex

179 3302 264 3355 lim
279 3343 296 3370 ,
322 3324 594 3357 accensum
623 3306 774 3378 quusi
795 3305 852 3355 ξπ
882 3304 1180 3358 oemulutio-
1251 3311 1368 3353 -tota
1385 3304 1597 3373 reqione
1612 3301 1831 3365 cessis-se,
1856 3298 2031 3351 AErod.
2046 3300 2167 3368 'Ego
2184 3299 2268 3350 ni-

179 3401 394 3435 nem.·-
413 3386 588 3454 Quum
605 3385 811 3437 diceret.
835 3384 1008 3454 Quum
1029 3385 1180 3439 ἀκω-
1255 3380 1335 3433 hil
1371 3396 1551 3437 mum:
1593 3381 1803 3451 elegans
1843 3380 1981 3433 enim
2016 3396 2142 3431 usu
2176 3376 2267 3435 ine

185 3474 282 3530 ret,
305 3462 488 3515 AErod.
1257 3462 1646 3535 praepositionis
1688 3476 1752 3511 ex
1795 3477 1916 3509 cum
1968 3456 2228 3527 adjectivo
2248 3493 2267 3521 ‚

250 3560 295 3593 2.
321 3542 514 3594 Divitis
529 3562 647 3593 cum
668 3543 846 3595 divite.
865 3542 1082 3607 Divitis,
1103 3542 1180 3594 di-
1262 3558 1358 3612 pro
1384 3542 1618 3593 om’nino.
1643 3538 1725 3589 Sic
1749 3536 1907 3589 Ovid.
1932 3532 2267 3605 Epist.xv1,

185 3621 300 3673 vites
317 3632 510 3681 essem5
529 3635 581 3671 et
595 3620 1052 3687 mox,cluderent,
1073 3622 1180 3673 AEr.
1269 3618 1397 3671 158:
1443 3643 1466 3664 ι
1486 3620 1598 3669 Nec
1632 3634 1797 3669 venus
1831 3632 1893 3665 ex
1932 3626 2051 3665 toto
2086 3625 2270 3665 nostra

186 3698 334 3751 Forte
352 3738 369 3766 ,
408 3700 712 3772 penuariae
750 3698 948 3770 populo
967 3736 985 3763 ‚
1030 3712 1090 3751 ut
1123 3720 1178 3772 p.
1267 3718 1292 3743 α
1311 3698 1499 3751 fuisset
1538 3696 1697 3745 iners.
1716 3716 1741 3739 n
1780 3690 1914 3743 vide
1956 3688 2156 3744 sohult.
2200 3687 2270 3739 ad

185 3778 420 3831 eluderet.
461 3782 520 3829 ln
557 3796 721 3850 marg.
761 3778 940 3831 AErod.
977 3791 1090 3845 nst,
1125 3790 1186 3831 ut
1263 3778 1447 3829 senec.
1470 3774 1703 3825 Dee'lam.
1724 3772 1849 3839 vn,
1871 3790 1926 3843 p.
1957 3770 2071 3822 115.
2102 3770 2271 3820 lta-ex

182 3874 364 3927 parvm
385 3858 632 3911 dudum.
1265 3855 1404 3921 alto,
1427 3870 1491 3905 ex
1503 3850 1695 3925 facili,
1720 3863 1773 3903 et
1797 3849 2001 3901 similia.
2028 3848 2202 3899 nunu.

1093 4120 1373 4143 qun—*n-
