2855 4871
593 457 720 536 426
1095 457 1191 521 M.
1239 456 1493 522 FABII
1537 453 2171 538 QUINTILIANI

587 579 719 651 hoc
752 606 1001 680 negas,
1049 608 1163 653 me
1205 605 1383 670 esse,
1427 579 1548 679 qui
1593 578 1997 678 genuerim,
2040 577 2164 677 qui
2202 572 2690 649 educaverim?
2824 616 2826 674 ⁴

589 717 690 788 et,
717 718 793 769 ut
815 697 1104 796 aliquod
1129 716 1625 798 argumentum
1650 721 1730 767 ex
1754 721 1835 766 eo
1864 694 2019 794 ipso
2038 750 2057 781 ‚
2088 694 2281 794 quod
2310 715 2559 764 contra
2584 717 2689 760 me

586 815 892 913 ponitur,
919 815 1172 887 ducam
1191 871 1210 904 ‚
1243 840 1356 886 me
1382 839 1559 904 esse,
1586 811 1711 912 qui
1741 810 2051 883 dederim
2081 810 2157 882 in
2184 805 2691 908 adoptionem?

585 929 659 1001 Si
691 929 836 1002 haec
861 957 1110 1029 pamm
1145 931 1348 1002 firma
1374 950 1570 1020 sunt,
1600 927 1783 1028 leges
1809 947 2302 1008 testamentum
2325 939 2373 1012 ¹,
2406 949 2559 1020 quo
2590 943 2691 992 tu·

588 1064 808 1116 torem
849 1045 1211 1144 accepisti3
1256 1065 1523 1144 patrem
1573 1044 1700 1117 tibi
1748 1064 2045 1117 tutorem
2088 1040 2326 1112 dedit:
2372 1059 2448 1110 at
2490 1037 2687 1110 enim

585 1159 820 1232 dando
853 1161 928 1233 in
958 1160 1410 1261 adoptionem
1434 1218 1453 1252 ,
1480 1159 1599 1262 jus
1631 1185 1843 1232 omne
1872 1155 2285 1230 translatum
2318 1175 2443 1226 est.

2195 1421 2493 1444 mm
2496 1421 2687 1444 mm

933 1429 1320 1450 mm

1318 1623 1937 1700 CCCXLVII.

1017 1849 1312 1926 Absente
1333 1840 1591 1926 'marito
1619 1877 1860 1927 rumor
1876 1867 1941 1923 et
1963 1857 2244 1953 παρείας.

581 2059 969 2120 Anummmu
985 2081 1115 2120 cum
1138 2079 1459 2122 anun-rum
1479 2079 1694 2120 mci-:u
1712 2077 2027 2118 occinent.
2041 2057 2213 2117 Uxor
2231 2055 2683 2138 peregrinantis

659 2159 866 2217 mariti
891 2170 1160 2220 mortem
1183 2180 1437 2219 rumore
1456 2157 1769 2240 cognovit.
1792 2157 1981 2216 Heres
2003 2155 2250 2215 inventa
2263 2199 2283 2230 ‚
2306 2154 2523 2236 nupsit
2540 2151 2683 2211 ado-

660 2250 908 2314 lescenti
933 2253 1210 2331 cuidam,
1235 2269 1298 2316 et
1318 2254 1580 2316 domum
1613 2256 1681 2314 in
1703 2253 1910 2314 dotem
1934 2251 2121 2312 dedit.
2154 2251 2531 2334 Supervenit
2550 2270 2683 2309 ma-

658 2352 812 2412 ritus
837 2367 1048 2413 nocte:
1081 2366 1416 2437 utrumque
1442 2353 1686 2415 occidit.
1712 2353 1871 2413 Reus
1896 2364 1984 2412 est
2011 2349 2213 2412 caedis.

1272 2514 1973 2612 DECLAMA‘rm.

639 2750 646 2755 ·
675 2708 1042 2785 Adulteros
1065 2712 1278 2786 fuisse
1302 2714 1376 2787 in
1397 2712 1850 2785 matrimonio
1870 2732 2133 2783 constat
2152 2742 2171 2799 ;
2200 2735 2422 2782 nemo
2452 2728 2673 2807 negat.

571 2822 1112 2901 Matrimonium
1138 2828 1414 2902 duobus
1440 2827 1808 2927 generibus
1832 2826 2119 2901 solvitur
2132 2838 2189 2917 ²,
2211 2846 2337 2897 aut
2360 2824 2675 2923 repudio,

651 3008 695 3042 1.
721 2992 878 3065 Leqes
901 3006 1281 3051 testamentum.
1306 2998 1442 3071 Leqe
1470 3008 1579 3051 test.
1662 2997 1868 3049 ratione
1918 2994 2313 3049 distrahebatur
2356 2994 2471 3047 hoe
2518 2990 2673 3045 modo

573 3070 790 3124 Senum-r.
819 3084 874 3125 et
899 3074 1029 3127 Obr.
1059 3077 1222 3152 Laeqas
1247 3088 1447 3131 testam,
1476 3096 1581 3151 quo
1661 3078 2057 3131 matrimonium
2076 3114 2095 3143 ‚
2136 3091 2195 3129 ut
2230 3077 2567 3130 lastinianus
2604 3076 2675 3125 ait

572 3147 757 3220 (quod
772 3188 789 3215 ‚
821 3154 1030 3225 marg.)
1061 3165 1279 3208 tutorem
1311 3176 1363 3207 a.
1397 3155 1579 3209 AErod.
1662 3176 1801 3211 nova
1819 3158 2103 3211 Constitut.
2124 3158 2274 3211 ΧΧΙΙ
2292 3180 2307 3209 :
2328 3172 2553 3230 eratque
2570 3174 2673 3207 tna-

573 3227 734 3301 Leqas
750 3239 1128 3301 testamentum,
1145 3252 1246 3305 quo
1263 3243 1481 3288 &ctorem
1496 3252 1581 3287 ac·

572 3311 778 3383 cepisti,
823 3312 964 3385 quod
993 3325 1200 3386 patrem
1232 3316 1324 3367 tibi
1357 3326 1579 3369 tutorem

573 3390 737 3456 dedit,
767 3394 1036 3447 Francius.
1065 3424 1140 3435 --
1160 3394 1232 3447 At
1261 3394 1420 3445 enim.
1452 3396 1581 3447 Ete-

573 3472 700 3523 nim.
723 3472 946 3529 Senum.
963 3480 1140 3531 -Jus
1159 3496 1329 3531 omne.
1354 3478 1581 3551 Nonjus

569 3571 739 3606 omne.
780 3556 998 3611 Senum.
1034 3560 1256 3633 Reliqua
1291 3558 1583 3612 desiderari

572 3634 774 3686 notavit
799 3635 976 3689 AEsod.
1005 3641 1098 3710 qui
1121 3654 1172 3693 et
1195 3638 1360 3692 viden
1383 3639 1497 3692 vult
1518 3640 1575 3691 L.

570 3712 904 3783 adoptivum,
929 3716 990 3769 ff.
1016 3716 1084 3770 de
1105 3722 1160 3770 in
1178 3723 1268 3791 jue
1289 3738 1406 3771 voe.

643 3804 692 3843 2.
718 3794 1122 3848 Matrimonium
1151 3798 1349 3850 duobus
1370 3797 1579 3871 generi·

569 3868 658 3922 bus
677 3866 908 3925 solvitur.
935 3874 1130 3927 Paulus
1153 3874 1329 3943 addit,
1351 3874 1577 3947 captivi-

571 3962 673 4002 tate
686 3989 702 4014 ,
727 3952 808 4004 vel
827 3951 938 4006 alia
961 3959 1294 4031 continyente
1315 3958 1574 4011 servitute.

569 4029 671 4081 Sed
689 4035 994 4089 servitutem
1009 4038 1164 4089 morti
1177 4056 1572 4108 comparamus:

569 4118 624 4157 et
653 4122 905 4177 praeterea
935 4114 1082 4184 quod
1112 4116 1181 4169 ad
1213 4118 1575 4189 captivitatem·

571 4188 788 4257 attinet,
818 4196 1074 4263 exquisita
1105 4200 1286 4267 potius
1313 4212 1368 4252 et
1393 4198 1576 4253 subtiii

1658 3240 1739 3309 gis
1758 3240 1969 3291 occasio
1988 3238 2229 3310 quoedam
2247 3238 2397 3291 bona
2418 3240 2583 3311 gratia
2600 3235 2673 3287 di-

1657 3320 1897 3373 vertendi
1930 3334 2055 3391 post
2086 3320 2518 3393 quinquennium
2532 3355 2549 3381 ,
2580 3328 2671 3368 ant

1658 3418 1804 3455 certo
1823 3402 1890 3454 de
1910 3403 2084 3453 mariti
2102 3414 2274 3453 morte
2295 3414 2523 3472 accepto
2542 3416 2668 3449 nun·

1660 3474 1779 3548 eie,
1802 3500 1966 3553 quam
1996 3493 2059 3532 ut
2088 3492 2383 3553 perpetuus
2420 3490 2557 3555 esset
2580 3476 2667 3528 isse

1660 3560 1899 3614 solvendi
1926 3562 2251 3612 matrimonii
2282 3557 2497 3612 modus.
2528 3558 2667 3609 Licet

1660 3644 1799 3695 enim
1832 3658 1965 3693 uxor
1998 3642 2195 3712 captivi
2211 3680 2228 3708 ‚
2260 3653 2469 3694 mutata
2500 3637 2667 3691 mariti

1657 3722 1993 3787 conditione,
2018 3741 2129 3775 non
2156 3726 2219 3776 sit
2242 3723 2399 3793 quasi
2420 3726 2477 3773 in
2496 3719 2665 3772 matri·

1656 3807 1867 3871 monio,
1892 3819 1949 3857 ut
1971 3804 2357 3877 Tryphoninus
2380 3804 2581 3873 scripsit
2602 3800 2663 3851 li·

1656 3882 1754 3935 bro
1767 3886 1855 3946 w,
1874 3884 2139 3955 Disputat.
2158 3886 2239 3935 tit.
2256 3882 2326 3936 de
2342 3884 2573 3954 captivis:
2586 3892 2667 3931 ta·

1656 3980 1777 4014 men
1799 3964 1873 4013 ita
1898 3976 2189 4033 nuptarum
2214 3960 2337 4013 loco
2364 3976 2475 4025 est,
2498 3974 2551 4011 ut
2570 3956 2661 4009 alii

1656 4053 1856 4093 temere
1866 4040 2070 4093 nuber-e
2084 4060 2193 4095 non
2210 4044 2395 4113 possit.
2408 4040 2443 4092 l.
2458 4056 2661 4101 mor-es,

1653 4122 1718 4173 ff.
1740 4120 1805 4174 de
1823 4122 2075 4174 divortiis.
2098 4121 2199 4175 Sed
2217 4125 2325 4175 sive
2342 4121 2431 4174 hic
2448 4122 2655 4173 maritus

1654 4202 1990 4273 captivitate,
2016 4214 2111 4254 aut
2136 4204 2415 4268 servitute,
2440 4202 2541 4253 sive
2556 4198 2653 4248 ni—
