2855 4871
585 436 704 479 120
1081 412 1172 475 M.
1222 411 1471 476 FABII
1516 409 2146 492 QUINTILIAN!

573 539 818 611 timore
848 557 966 608 tuo
989 537 1282 637 pendet:
1315 557 1383 608 et
1405 556 1506 607 est
1526 534 1815 633 quidem
1846 534 2032 607 istud
2056 535 2531 609 inconsultum
2546 590 2571 625 ‚
2598 556 2669 609 et

571 656 708 730 sibi
747 681 1174 755 repugnanti,
1219 654 1524 727 abdicari
1570 652 1801 723 filium
1830 652 2263 752 indulgentia
2296 654 2545 753 patris3
2596 674 2672 727 et

576 769 880 866 aliquem
907 796 1131 841 carere
1157 768 1422 858 liberis,
1451 767 1751 840 orbitatis
1772 789 1989 839 metu.
2004 770 2267 841 Verum
2290 768 2469 841 hanc
2492 796 2671 867 quo-

578 911 715 984 que
735 884 1088 957 detrahere
1107 883 1233 956 tibi
1253 882 1796 955 sollicitudinem
1816 883 1971 954 volo
1995 910 2010 953 :
2036 904 2175 955 erat
2194 898 2211 929 ¹
2240 883 2412 955 illud
2428 940 2449 969 ‚
2470 885 2671 983 quod

575 1026 616 1071 a
643 1000 827 1070 bono
857 1018 1046 1097 patre
1076 1018 1144 1069 et
1169 1025 1208 1069 a
1229 998 1393 1096 pio²
1429 998 1565 1069 dici
1590 1018 1853 1097 posset,
1884 996 2091 1070 etiam
2116 998 2171 1069 si
2195 998 2673 1097 periculosum

577 1113 700 1203 sit,
732 1112 906 1185 tanti
949 1133 1046 1187 est
1080 1112 1280 1185 mihi.
1315 1115 1475 1187 Non
1508 1132 1653 1183 tam
1680 1138 1797 1185 me
1836 1111 2029 1184 ducit
2058 1111 2275 1211 gloria
2307 1110 2673 1201 militariS‚

575 1254 706 1300 nec
747 1228 938 1301 fama
981 1227 1279 1302 victoriae
1313 1255 1330 1298 :
1375 1226 1772 1299 vindicandi
1826 1225 2000 1299 mihi
2044 1227 2285 1299 fratres
2327 1247 2515 1299 sunt.
2556 1226 2679 1297 An

577 1368 742 1441 ego,
779 1343 900 1443 qui
939 1344 1172 1442 paullo
1205 1364 1364 1415 ante
1402 1369 1597 1415 arma
1639 1343 1983 1441 (ignoscat
2014 1342 2269 1441 patria,
2304 1342 2681 1439 ignoscant

576 1458 796 1557 leges)
845 1459 1113 1532 minore
1163 1480 1590 1533 sacramento
1636 1459 1806 1551 tuli,
1856 1479 1923 1530 et
1969 1481 2207 1531 contra
2247 1459 2473 1531 hostes
2516 1458 2679 1531 sine

577 1594 894 1671 respectu
939 1601 1097 1646 meo
1134 1574 1629 1672 sanguinisque
1672 1574 2016 1672 pugnavi3
2060 1574 2184 1646 ubi
2227 1573 2401 1644 mihi
2434 1574 2681 1646 vindi-

579 1688 784 1759 candi
819 1709 981 1760 sunt
1015 1690 1292 1779 fratres,
1329 1710 1395 1760 et
1427 1688 1567 1761 duo
1606 1690 1888 1776 fratreS‚
1926 1714 2071 1761 non
2110 1686 2483 1788 pugnabo?
2524 1716 2681 1760 non

577 1802 686 1873 vel
716 1801 1084 1875 discrimen
1109 1804 1258 1878 vitae
1287 1803 1580 1877 subibo?
1609 1830 1736 1902 ego
1770 1804 2171 1876 accederem
2198 1824 2320 1875 tuo
2346 1802 2681 1893 consilio,

577 1916 635 1987 si
663 1915 1001 1991 timerem.
1031 1920 1166 1991 Sed
1195 1920 1419 1993 multa
1441 1940 1632 2008 sunt,
1664 1945 1819 2015 quae
1848 1946 1961 1991 me
1989 1917 2679 1991 faciant-fortiorem:

581 2051 740 2103 ante
765 2033 1002 2105 omnia
1027 2033 1455 2115 adversarius
1472 2033 1621 2134 jam
1645 2033 2127 2131 fatigatusest:
2155 2032 2381 2131 cogita
2402 2031 2687 2131 quoties

579 2147 1025 2245 pugnaverit:
1071 2175 1216 2220 non
1257 2148 1410 2219 dico
1446 2148 1617 2244 quid
1653 2148 1939 2220 feceriut
1975 2146 2281 2221 hostes3:
2322 2172 2469 2218 non
2508 2146 2685 2219 inde

579 2262 983 2335 ceciderunt
1007 2264 1245 2335 fratres
1269 2263 1407 2345 mei
1438 2292 1451 2333 ;
1481 2263 1835 2345 fortiorem
1866 2290 1981 2335 me
2007 2262 2209 2339 faciet
2236 2262 2485 2341 melior
2516 2287 2686 2333 oon-

581 2375 909 2450 scientia:
945 2376 1297 2452 fortiorem
1333 2403 1447 2452 me
1490 2377 1696 2450 faciet
1730 2397 1801 2450 et
1838 2358 2349 2476 causa‘pugnae.
2384 2375 2514 2450 Ille
2550 2402 2686 2476 pro

579 2493 866 2593 praemio
919 2513 1359 2593 pugnaturus
1411 2514 1549 2584 est,
1602 2493 1790 2592 quod
1834 2493 1985 2593 jam
2032 2493 2136 2565 his
2182 2489 2499 2593 accepit:
2546 2519 2688 2593 ego

581 2629 1020 2708 pugnaturus
1059 2635 1216 2681 sum
1253 2636 1377 2709 pro
1406 2607 1775 2698 fratribus,
1812 2635 1939 2709 pro
1974 2609 2221 2708 pietate
2260 2635 2277 2679 ε
2312 2609 2687 2682 fortiorem

581 2749 695 2794 me
734 2723 933 2797 faciet
969 2744 1037 2797 et
1059 2725 1389 2818 fortuna:
1427 2724 1600 2826 solet
1629 2723 1943 2822 fatigari;
1976 2722 2185 2814 solet,
2218 2743 2685 2822 posteaquam

580 2837 886 2911 nimium
923 2838 1246 2928 indulsit,
1291 2838 1365 2910 in
1407 2839 1548 2914 fine
1584 2837 1897 2910 deficere.
1930 2839 2132 2922 ,Facit
2164 2864 2277 2910 me
2316 2835 2689 2909 fortiorem

581 2953 786 3025 etiam
811 2979 977 3026 usus
1000 2956 1290 3052 quidam
1315 2983 1330 3026 ε
1363 2976 1799 3054 pugnantem
1830 2954 2033 3026 illum
2058 2953 2306 3053 saepius
2322 2951 2462 3027 vidi
2488 2979 2505 3021 t
2531 2952 2691 3024 scio

580 3067 750 3167 quid
785 3069 1174 3141 maximum
1208 3072 1493 3142 fratrem
1527 3096 1767 3142 meum
1796 3069 2155 3158 fefellerit;
2190 3064 2549 3168 quomodo
2586 3066 2688 3156 is,

579 3182 704 3280 qui
739 3182 1044 3254 secundo
1087 3183 1239 3256 loco
1277 3187 1674 3284 pugnabat,
1722 3179 2042 3284 deceptus
2076 3184 2184 3256 sit.
2220 3180 2405 3256 lllud
2434 3202 2691 3254 autem

580 3297 960 3396 plusquam
1010 3296 1485 3372 verecundum
1540 3319 1613 3374 et
1656 3300 2213 3399 erubescendum
2266 3296 2485 3373 nohis·
2514 3319 2627 3372 est
2672 3325 2687 3368 :

659 3495 853 3545 1.Erat
870 3493 1022 3547 illud.
1038 3495 1197 3562 Erat,
1213 3511 1263 3549 et
1267 3497 1412 3568 fuit,
1430 3497 1585 3550 verba
1667 3499 1856 3563 mium,
1896 3510 2073 3550 tamen
2105 3514 2277 3567 operm
2311 3494 2543 3565 pretium
2582 3506 2689 3547 est.

581 3587 730 3640 sunt,
753 3575 948 3645 quibus
973 3575 1202 3648 aliquem
1229 3579 1331 3629 vita
1357 3577 1585 3632 defunc-
1736 3580 1785 3632 3.
1808 3579 2189 3650 Quidfecevim
2204 3577 2381 3628 hostes.
2396 3576 2689 3627 Fortasse:

579 3665 692 3704 tum
717 3651 1098 3724 significabant.
1127 3657 1270 3708 Prru.
1662 3659 1789 3710 Non
1815 3657 1965 3722 daco,
1996 3654 2359 3730 quidfecerim
2390 3655 2447 3705 in
2474 3651 2687 3706 hostes.-

653 3751 700 3786 2.
740 3734 954 3804 Qumha
986 3736 1120 3787 bono
1151 3749 1300 3806 patre
1329 3749 1381 3787 et
1408 3757 1442 3788 a
1470 3741 1583 3808 pio.
1665 3757 1770 3790 non
1796 3737 1917 3790 inde
1936 3735 2439 3807 cecidemnffrao'es
2458 3734 2587 3784 mei.
2612 3737 2693 3787 Ut

577 3813 914 3883 Legeudumz
937 3815 1070 3868 Erat
1091 3813 1260 3880 flend,
1283 3817 1426 3888 quod
1450 3817 1585 3869 bono
1663 3813 1800 3866 bene
1816 3833 1995 3886 speres
2007 3813 2075 3866 de
2096 3831 2223 3866 mene
2240 3829 2429 3884 pugna
2446 3825 2691 3878 eventu,

577 3899 718 3965 patri
735 3909 786 3950 et
799 3895 892 3969 pio
909 3895 1014 3948 dieu·
1029 3906 1226 3967 pomt:
1251 3897 1477 3949 Etiamsi
1494 3915 1585 3968 pe·
1668 3911 1775 3945 non
1801 3891 2043 3962 allegabo
2064 3889 2209 3964 apud
2234 3903 2312 3957 te,
2338 3907 2455 3961 qun
2480 3887 2691 3942 adver-

581 3972 854 4028 reculam
885 3973 984 4040 sit,
1013 3975 1151 4025 tanti
1169 3985 1244 4026 est
1271 3973 1420 4026 mihi.
1450 3973 1585 4027 Sunt
1666 3993 1754 4026 sus
1784 3971 1965 4026 hostes
1990 3971 2115 4025 dedi
2144 3968 2471 4024 fortitudinis
2498 3973 2693 4043 speci-

582 4053 721 4104 enim
736 4053 898 4106 verba
915 4053 1010 4106 filii
1027 4053 1094 4106 ad
1115 4067 1347 4126 patrem,
1361 4073 1474 4106 non
1490 4073 1582 4125 pa·
1664 4056 1834 4106 mina:
1864 4071 1989 4106 nam
2011 4053 2085 4106 ab
2113 4051 2215 4105 inis
2238 4069 2455 4125 quoque
2484 4053 2693 4108 frutra

581 4129 674 4180 trie
701 4129 980 4202 adafllium.
1011 4131 1172 4184 Tanti
1201 4143 1274 4184 est
1301 4131 1437 4184 mihi
1458 4149 1585 4202 pm·
1661 4135 1887 4184 victores
1912 4132 2195 4186 redierunt.
2220 4129 2457 4183 Gnouton
