2855 4871
514 480 528 489 .
618 434 743 519 594
1184 425 1718 490 CALPURNH
1767 424 2112 489 FLACCI

610 666 2252 694 mmmmmmmmmmmmmmmmm
2259 665 2620 687 mmmm
2633 667 2664 686 Q

1602 854 1688 926 L.

1288 1070 1415 1141 Vir
1424 1066 1634 1164 fortis
1660 1064 2018 1163 qladiator.

609 1275 863 1333 Iunius
900 1292 1023 1332 non
1064 1289 1337 1331 murm.
1372 1270 1485 1329 Vir
1521 1266 1701 1328 fortis
1739 1268 1806 1327 in
1837 1266 2066 1349 piratas
2097 1268 2348 1329 incidit:
2387 1272 2670 1353 rescripsit

684 1372 846 1452 patri
874 1370 949 1429 de
976 1361 1436 1449 redemptione:
1475 1366 1587 1427 illo
1619 1382 1922 1441 cessante,
1957 1366 2220 1427 redemit
2255 1388 2402 1429 eum
2439 1368 2668 1439 lanista3

684 1482 742 1526 et
766 1467 983 1526 rudem
1006 1468 1061 1525 ei
1088 1468 1154 1524 in
1184 1486 1369 1525 arena
1396 1464 1583 1525 dedit.
1609 1466 1865 1524 Reverso
1890 1463 2034 1524 belli
2059 1476 2340 1547 tempore
2363 1465 2670 1526 denunciat

683 1563 972 1625 militiam
997 1566 1353 1647 imperator.

1292 1773 1445 1818 PRO
1495 1774 1693 1819 vnto
1741 1772 2008 1818 FORTI.

700 1903 971 1978 Omnia
996 1903 1141 1975 fieri
1174 1929 1369 2002 posse
1396 1901 1694 1994 credidi,
1721 1929 1944 2001 quum
1976 1929 2090 1974 me
2113 1902 2394 1974 fort'una
2421 1929 2672 1974 servum

604 2046 684 2093 ex
712 2020 929 2091 libero
949 2078 967 2111 ,
998 2040 1065 2090 et
1097 2020 1552 2119 gladiatorem
1584 2019 1670 2090 de
1697 2019 1844 2091 viro
1872 2018 2029 2091 forti
2061 2019 2352 2090 fecisset.
2385 2020 2676 2119 Impera-

604 2156 711 2206 tor
726 2134 921 2207 vobis
951 2134 1202 2232 ingerit
1226 2133 1522 2207 militem
1539 2190 1558 2223 ‚
1589 2132 1786 2233 cujus
1813 2160 2100 2232 operam
2130 2160 2280 2205 non
2309 2161 2454 2206 esse
2481 2134 2678 2232 reipu-

599 2248 794 2319 blicae
824 2250 1280 2321 necessariam
1302 2307 1319 2338 ,
1352 2250 1661 2349 proxime
1693 2276 1836 2321 non
1867 2250 2279 2321 redimendo
2303 2250 2674 2351 judicastis.

600 2362 903 2434 Veniam
946 2392 985 2438 a
1019 2364 1247 2456 vobiS‚
1280 2364 1591 2465 judiceS,
1627 2363 1938 2464 postulo,
1971 2364 2161 2462 quod
2203 2364 2546 2462 gladiator
2578 2364 2676 2435 in-

598 2481 803 2552 famis
834 2481 907 2552 in
935 2481 1201 2581 judicio
1232 2482 1500 2582 loquor.
1533 2482 1807 2575 Erravi,
1836 2484 2074 2573 fateor,
2106 2481 2414 2584 judiceS,
2446 2480 2676 2566 erravi,

600 2595 723 2693 qui
745 2623 1019 2695 semper
1048 2595 1303 2668 credidi
1334 2596 1922 2670 immortalitatem
1952 2623 2092 2669 esse
2119 2611 2136 2639 ¹
2178 2622 2306 2695 pro
2337 2592 2680 2694 republica

598 2711 816 2798 mori3
857 2728 1079 2810 quum
1122 2713 1315 2783 fama
1355 2712 1564 2783 etiam
1603 2709 1985 2783 viventium
2027 2732 2490 2783 consenescat.
2527 2709 2680 2782 Gla-

602 2823 939 2896 diatorem
973 2853 1087 2896 me
1114 2826 1277 2896 fecit
1308 2853 1452 2897 non
1483 2826 1741 2924 pirata,
1777 2825 1896 2897 sed
1929 2825 2181 2926 patria:
2221 2825 2344 2897 sed
2365 2884 2386 2916 ‚
2417 2853 2458 2898 o
2486 2825 2678 2896 virtus

600 2938 673 3008 in
718 2939 1011 3012 adversis
1048 2969 1319 3031 comes,
1355 2942 1504 3013 sola
1543 2963 1618 3014 tu
1661 2968 1774 3014 me
1817 2961 2048 3013 secuta
2089 2940 2164 3012 in
2199 2967 2582 3028 carcerem,
2615 2960 2676 3009 tn

604 3053 676 3123 in
711 3053 1001 3143 ludum3
1032 3057 1261 3128 virum
1290 3059 1539 3130 fortem
1569 3078 1644 3130 tu
1671 3055 1817 3128 sola
1838 3083 1984 3129 non
2009 3057 2294 3156 decipis.
2320 3057 2523 3130 Scitis
2547 3081 2676 3138 mc,

593 3168 905 3269 judices,
932 3169 1325 3269 periculum
1351 3195 1834 3265 contemnere;
1860 3173 1981 3246 sed
2005 3200 2150 3246 non
2176 3194 2555 3246 contemno
2578 3171 2680 3242 fla·

604 3285 893 3382 gitium:
924 3285 1156 3357 virum
1185 3287 1395 3386 igitur
1424 3285 1878 3387 gladiatorem
1903 3302 2181 3388 negat²‚
2207 3309 2414 3388 negat
2439 3285 2678 3384 aliquis

603 3439 757 3505 cujus
792 3453 936 3489 nunc
968 3450 1211 3490 teneatur
1240 3440 1576 3490 matrimonio
1591 3477 1608 3503 ‚

605 3527 658 3565 et
682 3513 749 3564 ad
772 3514 1015 3582 alterius,
1039 3519 1191 3587 cujus
1212 3536 1240 3568 e
1260 3519 1611 3588 compressio—

606 3611 673 3644 ne
684 3591 784 3670 ‘hic
806 3591 885 3644 illi
904 3605 1019 3646 erat
1037 3609 1192 3647 natus
1210 3595 1348 3648 filius
1360 3632 1377 3662 ‚
1396 3597 1608 3666 nuptias

602 3677 961 3728 transiturum.
984 3675 1120 3728 Illud
1136 3676 1367 3732 alienare
1379 3679 1452 3730 ita
1466 3677 1610 3748 apud

604 3753 773 3804 Plaut.
812 3755 1005 3826 Amph.
1040 3757 1065 3806 1
1079 3793 1096 3821 ‚
1138 3771 1155 3806 Ι
1175 3792 1192 3822 ,
1232 3756 1331 3822 243
1351 3778 1364 3806 =
1410 3778 1432 3803 α
1451 3755 1608 3808 Certe

610 3853 634 3876 «ι
654 3831 859 3902 oedepol
874 3847 931 3886 tu
946 3853 1031 3886 me
1046 3833 1299 3888 alienabis
1318 3853 1608 3906 nunquam,

613 3930 635 3952 ι
656 3911 784 3978 quin
812 3925 992 3964 noster
1018 3915 1165 3964 aiem.
1186 3935 1211 3960 n
1236 3911 1455 3964 Senum-r.
1487 3917 1610 3968 Non

606 3987 744 4042 bene
780 4009 887 4042 rem
921 3993 1183 4064 perspexit
1220 3993 1299 4042 vir
1337 3991 1403 4042 el.
1445 4005 1498 4044 et
1533 3991 1608 4044 ibi

609 4066 891 4138 multisque
908 4071 964 4122 in
982 4068 1113 4122 locis
1130 4073 1244 4141 ipse
1259 4084 1313 4122 et
1330 4071 1417 4122 alii
1434 4073 1605 4142 intpp.

610 4144 871 4204 haeaerunt
892 4151 963 4202 ob
986 4149 1393 4204 Declamationis
1417 4151 1611 4204 obscu-

1689 3441 1926 3504 ritatem,
1943 3456 2060 3509 quae
2087 3436 2309 3502 tollitur,
2331 3435 2429 3487 uhi
2449 3431 2678 3501 intelligis

1687 3520 1744 3570 in
1773 3531 2085 3588 argumento
2117 3529 2388 3587 raptorem
2423 3511 2680 3566 sustulisse

1684 3598 1946 3648 infantem
1983 3598 2282 3666 expositum
2316 3612 2347 3645 a
2382 3606 2548 3646 matre
2579 3608 2680 3661 qua

1687 3688 1912 3726 mortem
1931 3675 2160 3746 raptoris
2175 3685 2482 3746 optaverat,
2501 3685 2681 3742 etpra-

1682 3773 1854 3826 gnans
1877 3774 1942 3808 ex
1965 3767 2118 3827 raptu
2141 3755 2288 3806 facta
2313 3767 2450 3806 erat:
2475 3751 2618 3823 quod
2637 3763 2682 3802 et

1688 3853 1852 3906 supra
1886 3838 1963 3888 sic
1989 3836 2326 3887 mutavimus.
2354 3833 2448 3884 Eo.
2473 3833 2682 3894 Fatum,

1687 3913 2004 3967 Obrechtus.

1765 4009 1809 4044 1.
1833 3992 2290 4046 Immortalitatem
2313 4009 2429 4044 esse.
2457 3990 2568 4044 cic.
2591 4006 2684 4060 pro

1687 4070 1866 4124 Plane.
1892 4089 2012 4143 cap.
2037 4071 2123 4141 37.
2147 4072 2351 4124 Auru.

1764 4171 1810 4204 2.
1845 4152 2028 4210 Virum
2051 4154 2213 4226 ἐρίων
2227 4151 2574 4226 ςὶσάίαιοηιι
2599 4167 2684 4202 ne·
