2855 4871
651 476 1486 543 DECLAMATIONES.
1533 432 1774 547 xxu(
2012 492 2023 503 “
2091 490 2256 557 ·563

149 605 457 701 ‘laetatum
484 630 524 675 a
551 630 667 676 me
695 628 823 675 nec
850 603 1153 703 accipere
1188 603 1536 703 dignetur.
1571 606 1720 705 Ego
1748 609 2018 707 primus
2043 614 2116 685 in
2142 617 2262 688 do-

178 748 287 793 mo
316 748 511 811 mea,
546 722 785 809 fateor,
811 720 1064 811 erravi3
1101 721 1222 819 qui
1248 745 1534 794 uxorem
1567 722 1733 796 duxi
1765 751 2006 820 senex,
2033 758 2260 830 quum

166 834 311 936 jam
350 855 525 908 esset
558 836 631 907 in
670 836 880 908 domo
922 834 1149 925 filius»,
1183 856 1255 908 et
1286 835 1576 935 quidem
1603 838 1916 937 juvenis:
1949 842 2123 915 dum
2153 846 2262 917 ni-

178 950 394 1025 mium
434 954 711 1026 confido
746 952 1023 1052 pietati,
1060 950 1295 1025 oculos
1330 950 1639 1027 mulieris
1676 955 2011 1049 incestos,
2047 982 2114 1033 et
2150 962 2266 1034 in-

174 1067 377 1138 fanda
416 1066 754 1140 desideria
784 1066 1063 1139 nutrivi.
1096 1068 1417 1139 Novercae
1447 1068 1732 1166 praemio
1767 1072 1999 1165 cessit,
2041 1102 2264 1173 quum

176 1182 451 1256 haberet
491 1183 566 1254 in
612 1184 822 1255 domo
867 1203 1131 1281 patrem
1160 1240 1178 1273 ,
1224 1183 1339 1255 cui
1388 1210 1600 1256 nemo
1647 1187 1993 1284 praeferret
2031 1190 2105 1262 in
2139 1194 2263 1265 tali

174 1298 427 1370 honore
474 1298 582 1369 vel
634 1317 951 1369 matrem.
1008 1299 1167 1369 Non
1220 1298 1622 1397 privignum
1675 1322 1836 1375 ante
1893 1319 1910 1349 ¹
1933 1310 2266 1381 tentarat?

169 1412 357 1511 quis,
389 1439 594 1510 rogo,
626 1413 895 1484 fructus
925 1432 1057 1503 est,
1094 1412 1467 1511 impetrare
1501 1416 1776 1514 nuptias
1806 1417 2113 1493 hominis
2149 1422 2266 1493 in-

172 1528 555 1603 victi?Uter
572 1528 768 1602 vobis
794 1551 979 1602 actor
1007 1528 1240 1602 utilior
1256 1529 1605 1604 videretur
1629 1553 1697 1606 et
1715 1534 1954 1627 verior,
1975 1537 2268 1612 maritus

172 1672 255 1718 an
302 1644 589 1718 caelebs?
632 1645 1163 1738 filiusfamilias,
1210 1673 1297 1717 an
1348 1646 1580 1745 pater?
1623 1649 1884 1740 senior,
1927 1678 2019 1723 an
2055 1655 2267 1755 juve-

172 1756 321 1831 nis?
360 1758 483 1858 qui
530 1758 975 1857 repudiatur,
1019 1785 1108 1831 an
1154 1759 1274 1856 qui
1315 1761 1792 1859 praeponitur?
1824 1764 1944 1862 qui
1989 1764 2266 1840 benefi-

172 1873 355 1943 cium
392 1872 623 1963 dedit,
658 1899 748 1944 an
786 1874 907 1972 qui
938 1873 1203 1972 accepit
1240 1873 1617 1975 injuriam?
1649 1903 1807 1948 mea
1843 1905 2012 1950 uxor
2043 1880 2272 1953 abdu-

173 1988 385 2059 citur:
416 2008 493 2059 tu
532 1989 687 2087 quis
724 1989 839 2061 es?
872 2014 1115 2060 meum
1160 1989 1392 2061 cubile
1439 1990 1804 2083 deseritur,
1847 1992 1936 2064 ad
1967 2014 2033 2067 te
2068 1980 2270 2069 dolor

173 2102 294 2176 iste
328 2103 502 2205 quid
538 2105 884 2203 pertinet?
911 2110 1097 2205 Ego,
1134 2106 1402 2205 inquit,
1440 2109 1724 2205 praemio
1753 2111 1960 2183 cessi:
1992 2132 2068 2184 tu
2104 2092 2267 2212 ergo

172 2244 313 2293 non
347 2243 541 2323 potes
575 2246 888 2295 revocare
912 2280 931 2313 ‚
976 2223 1166 2321 quod
1205 2224 1474 2296 dederis
1497 2283 1516 2315 ,
1561 2252 1857 2326 eamque
1898 2229 2266 2327 reprehen-

167 2384 355 2453 pectui.
373 2384 478 2435 Hie
492 2422 508 2448 ,
524 2384 579 2437 id
594 2397 673 2438 est
684 2423 700 2450 ‚
716 2388 769 2438 in
780 2386 1001 2456 judicio.
1016 2388 1177 2439 Forte

170 2475 345 2515 autern
370 2483 468 2535 pro
492 2465 586 2529 sic,
610 2466 705 2517 sibu·
714 2487 732 2526 ,·
750 2479 802 2518 et
820 2483 941 2518 mox
953 2505 971 2532 ‚
986 2485 1070 2518 me
1084 2483 1177 2518 nec

1256 2386 2266 2461 Noninfrequensestconstrnctio.Scn.
2339 2447 2346 2454 ,

1334 2486 1376 2520 ι.
1402 2467 1522 2522 Non
1549 2470 1852 2542 privignum
1879 2479 2131 2534 tentarat,
2160 2486 2260 2522 etc.

168 2542 429 2613 «ἰτρίων-ε
440 2543 700 2616 diqnerur.
718 2545 799 2596 Sic
816 2559 990 2596 autern
1005 2555 1063 2596 ut
1076 2563 1175 2616 pro

166 2620 309 2691 quod
333 2623 391 2672 in
418 2621 501 2672 his
530 2623 597 2672 sit
622 2624 851 2692 positum
869 2660 885 2687 ‚
912 2640 1017 2692 quo
1046 2621 1179 2672 nihil

166 2703 535 2773 pervulgatum
560 2703 724 2773 magis
748 2705 801 2753 in
824 2702 1176 2754 Declamatio·

164 2781 345 2832 nibus.
370 2783 437 2832 Et
458 2783 512 2830 in
536 2781 706 2850 prima
732 2778 943 2850 quidem
966 2780 1179 2847 Quinti·

164 2860 293 2913 lieni
313 2863 571 2930 junioris:
606 2885 627 2908 ι
648 2863 719 2914 Ut
740 2859 987 2914 heredem
1010 2861 1176 2913 fllium

169 2963 192 2988 ιι
212 2940 500 3005 scriberet,
530 2959 640 2993 non
675 2955 753 2994 est
784 2959 900 3006 res,
934 2957 1048 3012 quae
1076 2943 1178 2992 im-

170 3042 193 3067 «
214 3031 453 3091 putetur.
474 3041 499 3066 ιο
546 3023 623 3072 lta
665 3021 802 3072 enim
846 3023 946 3072 ista
992 3019 1178 3072 distin-

165 3097 380 3170 guenda
405 3107 457 3150 et
473 3097 713 3166 legenda.
734 3097 895 3150 Paulo
910 3111 1037 3170 post
1058 3095 1173 3150 end.

174 3199 195 3224 ι
215 3179 460 3248 ,Iungunt
484 3176 567 3228 his
592 3176 762 3228 multo
790 3176 1178 3229 incredibiliora

175 3279 198 3304 α
216 3270 279 3308 πε
318 3255 583 3308 occideret
609 3267 815 3327 ‘patrem
832 3294 850 3321 ,
881 3257 1181 3328 pepercerit

177 3359 201 3382 ιι
221 3353 492 3399 novercae,
524 3348 627 3385 etc.
650 3357 671 3380 n
710 3333 997 3386 Declamat.
1022 3333 1138 3385 Vffl
1159 3351 1174 3385 t

178 3435 201 3459 ι
220 3415 347 3466 Non
365 3425 541 3484 potest
560 3412 684 3464 hinc
702 3411 799 3464 tibi
812 3414 990 3464 venire
1002 3411 1179 3466 defen·

180 3518 201 3541 ι
220 3497 331 3560 sio,
356 3506 416 3544 ut
435 3492 541 3544 hoc
563 3494 634 3545 sis
657 3513 758 3564 pro
779 3493 991 3546 alterius
1012 3493 1179 3546 salute

180 3597 201 3620 οι
222 3585 540 3626 commenta.
564 3594 587 3618 n
613 3573 706 3623 Est
734 3585 787 3624 et
814 3572 1051 3641 ejusdem
1075 3575 1182 3626 De-

176 3652 327 3706 clam.
342 3651 509 3704 initio.
522 3650 686 3702 Alteri
700 3651 1027 3717 Quintiliano
1042 3651 1179 3704 hanc

177 3731 418 3784 voculam
445 3733 545 3782 isto
570 3747 729 3781 sensu
753 3728 1014 3800 placuisse
1038 3745 1183 3801 patet

177 3829 240 3862 ex
270 3809 509 3862 Declam.
536 3807 817 3874 CCLXv1,
844 3811 900 3860 in
933 3808 1093 3868 Serm.
1130 3822 1183 3861 et

176 3887 427 3942 CCXCV!
446 3926 463 3954 ‚
510 3907 623 3960 qum
669 3886 770 3940 hac
817 3887 1183 3940 observatione

180 3985 287 4018 non
317 3985 427 4018 uno
458 3966 578 4017 loco
606 3963 911 4018 illustratur.
936 3965 1188 4018 Videatur

180 4045 248 4097 ab
276 4047 429 4098 initio
458 4045 658 4099 Seneca
684 4046 866 4099 Contr.
888 4049 941 4097 I:
974 4068 995 4091 ι
1014 4047 1187 4098 Leno-

186 4146 210 4171 ·
228 4127 457 4190 ciuntur,
480 4127 721 4196 inquam,
742 4126 919 4196 gloriae
942 4143 1067 4177 mee
1082 4163 1099 4190 ,
1127 4139 1185 4176 ut

188 4227 210 4249 a
229 4205 414 4257 videar
434 4206 590 4256 etiam
614 4205 909 4277 prohibitus
933 4205 1139 4260 aluisse.
1158 4229 1181 4252 n

1255 2546 1465 2611 Malim,
1489 2545 1608 2598 Nisi
1626 2548 1928 2622 privignum
1953 2560 2076 2598 ante
2099 2561 2264 2600 tenta-

1259 2636 1339 2675 rat
1356 2661 1373 2687 ‚
1399 2625 1544 2695 quis,
1573 2643 1723 2698 rogo,
1736 2625 1948 2694 fructus
1971 2637 2066 2689 est,
2095 2625 2262 2696 impe-

1257 2711 1389 2753 trare
1415 2702 1622 2772 nuptias
1648 2701 1872 2752 hominis
1898 2701 2091 2754 inviti?
2117 2703 2178 2753 Et
2207 2705 2262 2756 in

1256 2780 1597 2851 sequentibus
1621 2799 1635 2830 τ
1675 2780 1748 2832 A:
1787 2790 1904 2831 uter
1945 2781 2082 2833 vobis
2119 2791 2266 2834 actor

1260 2858 1442 2911 utilior
1463 2859 1685 2924 videtur,
1714 2869 1766 2911 et
1792 2860 1982 2927 verior,
2005 2861 2259 2930 maritus,

1256 2955 1325 2988 an
1359 2935 1577 2989 coelebs?
1609 2935 1700 2989 Est
1732 2941 1908 2988 autem
1935 2937 2046 2990 haec
2071 2939 2263 2993 Decla-

1254 3019 1413 3068 matio
1433 3016 1670 3087 quiedam
1684 3015 2022 3072 divinationis
2041 3023 2258 3090 species.

1254 3097 1473 3150 Senum.
1491 3097 1614 3148 Non
1633 3110 1888 3148 mutarem
1907 3097 2039 3151 illud
2059 3102 2258 3154 invicti.

1254 3175 1450 3226 Sensus
1489 3177 1626 3226 euim
1671 3189 1749 3228 est
1764 3215 1780 3241 .,
1825 3195 2106 3230 novercam
2147 3185 2260 3252 jam

1256 3267 1379 3306 ante
1407 3267 1634 3307 tentasse
1665 3257 1994 3326 privignum,
2027 3271 2078 3308 et
2108 3258 2259 3311 illum

1252 3335 1450 3388 victum
1473 3335 1736 3387 illecebris
1765 3339 1984 3387 cessisse
2011 3341 2222 3408 praemio
2241 3362 2256 3390 :

1256 3432 1378 3466 nam
1400 3415 1500 3466 nisi
1521 3427 1662 3464 certa
1688 3425 1826 3464 esset
1845 3412 1913 3464 de
1931 3416 2152 3485 privigni
2172 3435 2262 3467 vo·

1257 3491 1488 3557 luntate,
1513 3494 1628 3562 quis
1653 3492 1855 3543 fructus
1880 3505 2047 3559 esset,
2073 3509 2258 3566 optare

1258 3584 1311 3623 et
1350 3573 1632 3640 impetrare
1671 3588 1702 3620 a
1737 3568 2006 3637 judicibus
2049 3576 2260 3644 nuptias

1258 3650 1487 3702 hominis
1509 3650 1712 3714 invicti,
1734 3651 1952 3720 quinon
1970 3666 2151 3721 posset
2171 3651 2262 3704 ad·

1259 3727 1385 3780 duci
1422 3727 1490 3780 ad
1524 3728 1638 3780 illas
1675 3730 1922 3800 nuptias?
1955 3732 2026 3782 ita
2065 3735 2262 3802 passim

1261 3807 1400 3859 vinci
1426 3819 1480 3859 et
1508 3807 1689 3858 invicti
1708 3829 1724 3857 .·
1758 3821 1816 3859 ut
1842 3811 1986 3861 Curt.
2010 3812 2160 3877 vm,
2191 3812 2222 3864 8
2245 3833 2257 3864 =

1268 3909 1290 3934 ιι
1310 3885 1633 3938 Macedonas
1661 3887 1882 3938 invictos
1909 3891 2135 3956 emeris,
2161 3909 2262 3943 nec

1270 3989 1292 4014 a·
1313 3985 1444 4019 auro
1469 3963 1680 4038 quidem
1703 3967 1858 4017 vinci.
1882 3988 1904 4011 n
1932 3965 2051 4019 vid.
2078 3966 2147 4019 ad
2169 3973 2266 4022 Pe-

1264 4057 1401 4097 tron.
1422 4063 1540 4116 cap.
1559 4045 1664 4096 LV.
1689 4043 1952 4096 Invictum
1971 4063 2094 4098 vero
2115 4060 2168 4098 et
2191 4049 2267 4101 in-

1267 4127 1430 4177 vitum
1459 4122 1714 4176 confundi
1740 4123 1962 4176 vidimus
1989 4125 2058 4176 ad
2078 4129 2261 4196 Quint.

1265 4204 1502 4257 Declam.
1527 4202 1902 4259 CCCLxxvn.
1926 4205 2090 4256 Burin.

1899 4291 1985 4345 36.
