2855 4871
516 438 1348 507 DECLAMATIONES.
1395 439 1845 509 CCLXXIX.
2108 451 2224 533 ¹49

175 568 466 671 judicum
491 566 804 640 constitui
835 564 1164 665 coegisset
1191 592 1205 635 z
1233 584 1444 664 atque
1474 565 1963 664 interrogaret,
1994 595 2084 641 an
2110 570 2227 642 ille

183 686 436 757 maritus
467 703 672 769 esset,
707 682 828 781 qui
863 681 1012 753 fieri
1045 702 1238 779 pater
1265 706 1410 753 non
1444 701 1671 778 posset
1698 708 1713 751 :
1748 708 1828 753 ac
1860 683 1918 754 si
1950 704 2225 757 tantum

180 798 294 888 illi,
320 820 668 895 tamquam
689 794 999 877 adultero
1013 852 1034 883 ,
1063 794 1476 884 irascereriS‚
1507 794 1667 866 satis
1688 817 1831 867 erat
1847 795 1981 869 hoc
2002 797 2229 872 dicere

182 940 286 1012 pro
321 912 456 985 filio
489 932 645 984 tuo:
683 927 886 1007 puto,
927 906 1249 979 nondum
1282 906 1586 981 habebat
1622 911 1852 982 mariti
1892 911 2229 985 dolorem.

182 1028 272 1099 Ad
293 1025 562 1099 vulnera
601 1022 933 1112 adulteri,
967 1041 1038 1093 et
1078 1020 1376 1113 caedem,
1420 1042 1493 1094 et
1536 1022 2001 1096 tristissimum
2046 1028 2233 1099 occi-

181 1140 363 1213 dendi
397 1138 695 1211 hominis
737 1136 1243 1228 ministerium,
1285 1162 1545 1235 magno
1576 1138 1888 1235 quodam
1924 1139 2191 1240 impetu
2212 1199 2231 1230 ,

180 1276 264 1343 et,
293 1274 364 1325 ut
385 1253 480 1326 sic
509 1250 800 1324 dixerim
819 1307 839 1342 ‚
868 1251 1100 1322 furore
1130 1277 1306 1350 opus
1341 1272 1460 1322 est.
1487 1253 1631 1323 Nec
1657 1252 1895 1348 miror,
1923 1280 2038 1325 eos
2068 1282 2237 1327 con-

179 1370 377 1460 citari,
424 1368 544 1467 qui
595 1388 897 1441 veterem
949 1367 1384 1439 matrimonii
1438 1369 2059 1461 consuetudinem,
2112 1372 2235 1471 qui

179 1485 482 1583 pudorem
525 1483 871 1573 cubiculi,
918 1483 1042 1582 qui
1085 1510 1282 1583 spem
1329 1482 1719 1557 liberorum
1764 1506 2231 1583 expugnatam

181 1627 299 1673 esse
323 1600 640 1690 credunt;
676 1599 798 1700 qui
833 1599 988 1673 illos
1017 1598 1324 1673 occultos
1359 1620 1566 1699 atque
1597 1600 2088 1675 inenarrabiles
2116 1631 2239 1702 pa-

179 1713 411 1787 tiuntur
437 1735 686 1788 aestus:
723 1741 868 1788 non
897 1735 1122 1815 potest
1149 1741 1439 1787 uxorem
1469 1742 1673 1787 suam
1697 1714 1793 1788 sic
1822 1716 2043 1790 odisse
2062 1776 2081 1809 ‚
2113 1718 2235 1817 qui

181 1829 374 1903 adhuc
407 1857 640 1905 amare
673 1857 820 1903 non
857 1830 1101 1929 potuit.
1122 1833 1392 1902 Verum
1423 1828 1527 1900 illi
1564 1856 1847 1929 quoque
1882 1832 2058 1929 parti
2088 1859 2236 1905 res-

181 1946 603 2043 pendendum
651 1966 786 2038 est,
834 1972 974 2044 qua
1013 1943 1511 2017 vindicandam
1554 1944 1859 2044 priorem
1900 1946 2233 2047 injuriam

180 2060 356 2134 fuisse
388 2061 594 2151 dicit,
635 2060 723 2133 de
755 2088 896 2160 qua
932 2059 1182 2153 hodie,
1217 2060 1393 2133 dum
1432 2060 1744 2151 abdicat,
1780 2059 2003 2132 multa
2026 2062 2237 2133 vehe-

181 2198 419 2251 menter
454 2178 890 2279 graviterque
936 2177 1135 2266 dixit3
1190 2203 1416 2276 quum
1462 2178 1691 2267 fieret,
1736 2176 2027 2249 tacebat.
2076 2180 2233 2249 Non

183 2292 459 2368 existimo
485 2294 665 2367 adeo
693 2292 1066 2371 inimicum
1096 2292 1242 2365 filio
1279 2320 1404 2366 suo
1432 2313 1736 2393 patrem,
1771 2291 2087 2391 quamvis
2120 2293 2239 2365 ab·

183 2406 363 2501 dicet,
407 2431 484 2484 ut
522 2408 798 2510 aliquid
837 2408 1126 2510 turpiter
1164 2408 1568 2509 suspicetur,
1617 2429 1856 2511 praeter
1896 2406 1970 2479 id
2012 2407 2237 2480 male-

1226 2579 1475 2618 maretur.
1498 2565 1711 2636 Ulpian.
1736 2565 1792 2614 in
1812 2563 1943 2632 frag.
1967 2561 2043 2613 tit·
2066 2559 2133 2612 de
2152 2573 2235 2612 tu-

1227 2644 1360 2697 telis.
1377 2643 1696 2697 Liberantur
1707 2639 1875 2693 tutela
1888 2637 2110 2691 masculi
2125 2640 2238 2710 qui·

180 2562 424 2631 quamam
447 2565 766 2618 seutentiam
794 2577 1007 2619 secutus
1035 2579 1114 2618 est
1128 2603 1145 2631 ‚

179 2656 226 2694 ut
243 2659 288 2696 et
307 2643 386 2696 alii
405 2645 670 2720 plerique.
689 2649 898 2702 Servius
921 2647 988 2700 ad
1013 2646 1148 2700 illud

180 2723 329 2794 Virgil.
355 2726 552 2799 Eeloga
574 2727 728 2794 VIII,
745 2747 795 2778 v.
826 2728 925 2798 39:
961 2749 984 2772 α
1001 2725 1151 2779 Alter

183 2827 200 2848 ι
217 2804 555 2861 abundeeimo
570 2831 618 2872 μ
639 2809 796 2872 Bene,
813 2809 984 2879 inquit
996 2847 1013 2876 ,
1026 2826 1146 2859 cum

177 2887 480 2960 annisjunqis
497 2887 738 2940 habitum
749 2887 989 2961 corporis.
1005 2887 1146 2938 Nam

177 2965 329 3033 etjam
347 2966 588 3037 pubertas
613 2983 678 3016 ex
701 2975 920 3040 utroque
940 2962 1149 3036 (301ίίςὶ-

179 3051 261 3094 tur.
279 3045 352 3098 De
372 3048 694 3100 feminarum
715 3045 998 3120 puber-tute
1021 3063 1150 3096 con·

177 3123 340 3178 stitisse
351 3128 486 3179 inter
499 3143 690 3179 omnes
703 3124 932 3192 videtur,
945 3125 1154 3195 inspec-

177 3205 346 3258 tionem
369 3211 612 3281 eorporis
641 3225 795 3261 sexus
816 3204 1016 3278 pudori
1039 3223 1150 3257 non

173 3299 448 3354 congruere.
471 3289 662 3360 Itaque
679 3284 824 3358 quod
845 3283 996 3340 deest
1007 3281 1152 3356 apud

175 3363 428 3434 Ulpianum
453 3369 510 3421 in
535 3367 678 3420 libro
701 3366 956 3440 singulari
977 3369 1152 3437 Regu-

173 3441 343 3514 ltrum,
363 3449 520 3502 titulo
543 3449 615 3503 de
637 3448 866 3515 Tutelis,
895 3451 972 3502 sic
993 3451 1152 3502 etiam

174 3525 375 3596 suppleri
397 3543 579 3599 potest
593 3565 610 3595 ‚
624 3528 848 3600 femine
866 3541 1040 3580 autem
1067 3539 1152 3579 tu-

176 3601 258 3652 tela
277 3604 564 3660 liberaum»-
583 3607 884 3667 omnimodo
897 3643 915 3672 ,
939 3623 1055 3680 quoe
1075 3621 1152 3658 ιη

173 3699 310 3734 αιτιοι
339 3685 620 3757 expletum
633 3721 652 3749 ,
693 3685 892 3738 seilicet
933 3697 1154 3758 propter

173 3759 536 3820 festinationem
547 3779 800 3818 votorum
810 3803 828 3832 ‚
841 3777 901 3816 ut
913 3777 994 3818 est
1005 3762 1152 3835 apud

173 3839 277 3892 Aur.
299 3844 652 3898 Maon-obium.
676 3843 778 3897 sed
801 3843 911 3896 haec
933 3857 1059 3897 suut
1077 3843 1152 3896 al·

171 3922 311 3976 terius
331 3924 456 3978 loci.
481 3929 758 3978 Prrnossus.
783 3921 976 3976 Adhuc
1007 3924 1149 3976 enim

171 4001 456 4061 inmaeulis
473 4005 534 4060 id
549 4005 946 4072 observabatur,
961 4019 1020 4057 ut
1037 4023 1148 4058 non

172 4080 320 4136 mlum
333 4105 396 4138 ex
407 4087 568 4140 annis
579 4123 596 4153 ‚
607 4083 702 4138 sed
717 4087 874 4138 etiam
887 4102 952 4136 ex
962 4082 1148 4136 habitu

171 4166 382 4234 eorporis
407 4177 464 4218 et
491 4178 714 4238 aspectu
739 4163 996 4238 pubertas
1015 4163 1152 4216 ecti-

1227 2721 1346 2775 dem
1364 2722 1663 2796 pubertate.
1690 2717 1947 2769 Puberem
1964 2735 2089 2768 vero
2108 2717 2236 2770 Cas-

1228 2803 1360 2856 ziani
1385 2802 1599 2873 quidem
1624 2819 1744 2852 eum
1769 2816 1884 2850 esse
1908 2795 2119 2865 dicunt,
2140 2797 2235 2869 qui

1225 2879 1416 2934 habitu
1438 2880 1677 2950 corporis
1698 2876 1870 2950 pubes
1898 2887 2150 2948 apparet,
2178 2874 2243 2928 id·

1229 2977 1307 3017 est
1321 3001 1338 3031 ‚
1367 2965 1459 3034 qui
1486 2979 1742 3034 generare
1768 2971 1961 3032 potest.
1990 2955 2237 3010 Proculei

1229 3059 1434 3111 autem,
1459 3062 1579 3096 eum
1606 3044 1701 3114 qui
1724 3039 2125 3114 quatuordecim
2144 3057 2238 3092 an-

1227 3141 1328 3177 nos
1363 3123 1607 3195 explevit.
1637 3124 1835 3174 Verum
1870 3121 2080 3173 Priscus
2111 3137 2235 3172 eum

1227 3205 1483 3280 puberem
1511 3221 1624 3258 eoae
1638 3241 1657 3270 ‚
1684 3205 1742 3257 in
1768 3221 1923 3274 quem
1947 3213 2235 3272 utrumque

1229 3286 1527 3351 concurrit,
1564 3297 1617 3337 et
1652 3281 1870 3334 habitus
1905 3281 2145 3352 corporis
2183 3291 2237 3330 et

1228 3383 1481 3419 numerus
1518 3381 1797 3417 annorum.
1836 3359 1999 3432 Quod
2026 3364 2117 3431 jus
2136 3398 2153 3425 ‚
2193 3361 2237 3412 si

1227 3451 1340 3504 Diis
1376 3446 1585 3519 placet,
1624 3446 1783 3498 etiam
1824 3461 1855 3495 a
1876 3440 2235 3513 ,pontificibus

1228 3531 1422 3583 nocuis
1435 3528 1806 3580 >conservatum
1820 3535 1901 3577 est
1910 3561 1927 3590 ‚
1940 3539 2059 3594 cap.
2074 3521 2240 3593 pube-

1229 3627 1314 3662 res
1353 3607 1418 3658 de
1456 3605 1679 3677 despon.
1718 3601 1955 3673 impube.
1998 3598 2093 3654 sed
2141 3598 2239 3652 de-

1227 3699 1408 3738 center
1425 3697 1479 3736 et
1498 3681 1695 3754 pudice
1713 3679 2051 3734 emendatum
2068 3697 2099 3730 a
2118 3677 2233 3729 Jus-

1228 3765 1435 3816 tiniano
1447 3801 1465 3828 ‚
1481 3763 1575 3833 qui
1596 3759 1909 3814 senteutiam
1928 3753 2135 3810 Proculi
2153 3773 2235 3806 se-

1227 3857 1402 3896 cutus.
1443 3841 1481 3894 l.
1524 3839 1621 3894 ult.
1658 3840 1717 3892 C.
1755 3857 1914 3911 quan.
1958 3848 2117 3887 tutor.
2150 3833 2237 3885 vel

1228 3933 1396 3974 curat.
1421 3937 1539 3973 esse
1554 3917 1685 3972 desi.
1706 3929 1759 3970 et
1774 3917 1941 3968 Instit.
1963 3913 2057 3966 ubi
2072 3913 2232 3964 etiam

1226 3999 1575 4073 Theophilus.
1590 3993 1982 4052 Emonam-vid.
1998 3991 2140 4045 Delr.
2159 3991 2231 4044 ad

1227 4081 1410 4134 Seuec.
1444 4081 1599 4131 Herc.
1633 4076 1845 4128 Fur-ent.
1874 4091 1925 4125 v.
1960 4070 2091 4136 8523
2122 4071 2237 4124 Ra-

1227 4161 1374 4216 vard.
1389 4163 1517 4214 Var.
1540 4161 1631 4224 lv,
1656 4171 1737 4208 10.
1760 4156 1958 4208 Διιιι..
