2855 4871
699 358 1539 473 DECLAMATIONES.
1587 406 1849 473 xxvl.
2193 410 2313 503 571

216 535 417 607 enim
449 558 703 633 pueros
737 532 813 603 in
845 530 1011 631 ipsis
1046 529 1255 605 sacris
1293 528 1510 603 deum
1540 550 1608 602 et
1641 528 1972 605 altaribus
2009 531 2320 608 educavi.

216 653 327 725 Ea
350 668 629 749 propter
656 646 875 722 nimis
897 647 1111 719 fretus
1138 643 1419 725 auxiliis
1449 641 1774 735 deorum,
1809 643 1884 719 in
1913 645 2134 721 aciem
2160 647 2326 725 duxi

216 790 477 865 pueros
514 761 745 835 adhuc
777 782 1089 847 teneros3
1126 785 1432 859 quorum
1467 779 1660 858 pater
1695 759 1870 835 adeo
1897 760 2177 861 juvenis
2215 762 2328 837 in-

220 900 471 955 ventus
500 900 632 967 est,
663 896 745 949 ut
779 897 847 949 et
874 874 1176 949 militare
1205 894 1468 974 posset,
1500 895 1567 946 et
1585 874 1883 949 vincere.
1913 875 2182 952 Resisto
2209 903 2329 951 or-

218 994 457 1085 bitati,
484 1020 629 1066 non
644 992 805 1093 jure
821 1048 842 1082 ,
863 989 970 1063 vel
992 988 1335 1089 sanguine
1358 1004 1405 1063 ¹.
1429 989 1668 1065 Dulcis
1691 1011 1794 1063 est
1811 989 2144 1079 omnibus
2163 992 2326 1083 vita,

222 1130 297 1183 et
308 1108 667 1209 jucunda,
692 1105 799 1179 vel
824 1104 1091 1181 miseris
1108 1162 1129 1199 ‚
1152 1104 1276 1206 huj
1286 1132 1367 1181 us
1390 1104 1566 1180 lucis
1590 1099 1800 1183 usura
1823 1133 1837 1177 :
1869 1132 1998 1183 nec
2023 1107 2328 1199 invenio,

224 1224 381 1323 quis
401 1223 617 1325 possit
634 1222 931 1295 vicarius
954 1248 1099 1295 esse
1112 1278 1131 1309 ‚
1154 1220 1287 1295 nisi
1313 1220 1500 1295 filins
1516 1234 1546 1265 ²
1569 1248 1582 1291 :
1611 1220 1794 1296 mihi
1811 1221 2084 1297 videtur
2103 1243 2172 1298 et
2187 1223 2329 1314 ille,

224 1339 351 1438 qui
383 1340 657 1440 primus
685 1338 867 1413 hanc
892 1336 1207 1411 condidit
1234 1335 1466 1435 legem
1485 1393 1504 1426 ,
1537 1336 1718 1413 nihil
1752 1336 1948 1413 aliud
1977 1338 2329 1438 cogitasse,

224 1481 447 1553 quam
485 1474 775 1553 patrem.
818 1453 1066 1524 Meum
1112 1476 1309 1525 nunc
1350 1451 1767 1550 sangninem
1809 1451 2077 1543 fundo,
2116 1481 2331 1554 quem

219 1568 523 1643 fundere
554 1568 630 1641 in
654 1567 840 1641 bello
864 1565 1055 1641 volui
1072 1562 1136 1637 ³:
1165 1591 1343 1641 num
1368 1566 1700 1669 iniquum
1725 1587 1860 1659 est,
1893 1594 2089 1665 aeque
2115 1588 2192 1643 ut
2216 1594 2337 1668 pa-

224 1685 359 1757 tiar
382 1712 507 1783 pro
530 1684 766 1756 liberis
791 1682 965 1755 meis
982 1740 1001 1771 ,
1028 1682 1220 1782 quod
1243 1709 1399 1754 sum
1425 1710 1664 1783 passus
1692 1710 1889 1781 paene
1913 1712 2040 1783 pro
2061 1685 2338 1763 vestris?

226 1800 458 1898 Magis
496 1799 733 1899 religio
768 1797 1111 1898 polluitur
1142 1799 1523 1888 funestato,
1555 1825 1769 1896 quam
1798 1820 2074 1870 mortuo
2107 1826 2335 1873 sacer-

226 1916 412 1987 dote.
444 1913 660 2007 Quod
689 1914 745 1987 si
777 1914 1015 2012 religio
1043 1938 1163 1984 vos
1190 1932 1407 2001 tenet,
1436 1912 1646 1985 etiam
1675 1912 1912 1985 liberis
1942 1914 2335 2007 sacerdotis,

232 2057 492 2105 moneo
510 2086 529 2120 ‚
563 2030 887 2130 parcatis:
915 2028 1047 2129 ipsi
1076 2056 1361 2127 quoque
1390 2030 1633 2105 omnia
1663 2054 1938 2128 semper
1968 2028 2040 2100 in
2072 2029 2335 2128 templo

230 2174 358 2247 pro
398 2145 747 2221 sacerdote
783 2166 1165 2245 gesserunt.
1196 2144 1532 2243 Agricolae
1571 2143 1886 2247 antiquas
1920 2144 2200 2217 arbores
2234 2170 2338 2216 ex·

230 2263 565 2362 stirpam,
600 2284 681 2338 ut
711 2291 921 2337 novas
954 2262 1305 2339 inserant:
1346 2263 1604 2335 horum
1633 2262 1849 2335 virtus
1883 2262 2337 2361 spectabitur,

230 2400 471 2454 nostra
496 2380 843 2454 delabitur
854 2378 908 2453 4.
932 2380 1189 2456 Melior
1210 2380 1499 2482 quidem
1527 2381 1718 2454 fama
1741 2380 2134 2452 seniorum:
2159 2406 2343 2482 spec-

232 2516 375 2570 tata
398 2496 473 2568 in
499 2495 891 2569 minoribus
920 2494 1144 2598 major
1173 2515 1307 2568 est:
1340 2495 1715 2572 recordatio
1749 2495 1965 2570 veniae
1996 2493 2339 2592 ⁵magnns

233 2627 474 2701 Eliges-e,
500 2627 557 2680 id
586 2641 695 2692 est,
722 2645 878 2698 quem
908 2631 1124 2698 premio
1148 2629 1245 2679 viri

1402 2647 1450 2679 2.
1489 2629 1613 2699 Quis
1640 2630 1802 2700 possit
1835 2629 2053 2680 vicarius
2083 2645 2208 2690 esse,
2241 2627 2342 2678 ηιζςὶ

232 2709 417 2772 fortis,
435 2725 593 2777 quem
610 2707 713 2758 aliu
732 2723 994 2760 servarem
1013 2710 1245 2773 ratione,
1312 2705 1483 2780 filius.
1515 2709 1709 2771 Immo,
1739 2707 1840 2758 nisi
1852 2703 1984 2780 filii.
2015 2705 2148 2770 Quis
2173 2705 2342 2776 possit

234 2788 581 2840 constituere.
606 2785 826 2838 Senum.

316 2885 333 2916 ι
350 2907 360 2917 .
388 2866 578 2917 Resisto
602 2867 841 2932 orbitati,
866 2885 975 2920 non
986 2870 1135 2940 jure,
1164 2867 1249 2918 vel

232 2944 510 3018 sanquine.
531 2943 874 2996 scribendum
890 2946 1057 3010 forte,
1071 2957 1121 2996 et
1124 2947 1251 3017 jure

234 3034 291 3076 et
314 3023 583 3098 sanquine.
613 3025 769 3084 Jure,
797 3043 903 3096 quo
932 3024 1056 3076 licet
1082 3041 1249 3096 poenoe

238 3122 297 3154 se
337 3101 533 3153 offerre
574 3105 842 3154 vicarium.
885 3103 1013 3155 Non
1052 3121 1149 3172 pro
1196 3115 1251 3157 et

240 3181 583 3236 substitutum
608 3181 833 3235 vidimus
860 3181 1152 3235 Declamet.
1184 3183 1247 3231 n.

239 3263 399 3314 Mox:
433 3285 455 3308 α
474 3262 655 3314 Dulcis
685 3275 765 3314 est
794 3263 1039 3314 omnibns
1062 3264 1168 3313 vita
1199 3271 1251 3311 et

253 3365 273 3387 κ
286 3339 529 3410 jucunda
567 3340 649 3394 vel
686 3345 891 3394 miseris
918 3343 1077 3415 hujus
1118 3341 1251 3393 lueis

252 3443 273 3466 n
294 3438 456 3472 usura
481 3443 494 3472 ε
542 3421 635 3474 sed
682 3441 793 3475 non
837 3425 1049 3476 invenio
1071 3463 1088 3489 ‚
1136 3423 1253 3494 quis

250 3523 271 3546 a
292 3503 463 3571 possit
483 3503 709 3554 vicarius
734 3522 848 3556 esse
868 3542 885 3570 ,
908 3507 1008 3556 nisi
1030 3519 1197 3577 pater.
1220 3525 1249 3557 n

244 3583 386 3645 Vos,
414 3581 616 3653 inquit,
644 3596 845 3652 gratam
874 3601 1019 3650 esse,
1054 3598 1107 3637 et
1139 3605 1253 3642 esse

246 3659 439 3712 debere
464 3661 710 3714 omnibns
729 3665 889 3714 vitam
913 3663 1178 3735 allegati8‚
1202 3682 1255 3720 et

246 3739 375 3792 mihi
404 3742 619 3794 minime
650 3741 1018 3810 moriendum,
1044 3749 1134 3818 qui
1166 3767 1255 3800 re-

246 3837 363 3870 rum
376 3834 643 3888 gestarum
657 3819 826 3890 gloria
840 3824 985 3876 vivus
1002 3825 1105 3878 frui
1124 3847 1256 3899 pos-

247 3915 394 3949 sum:
420 3899 513 3951 sed
536 3899 673 3952 filius
698 3903 871 3970 capite
894 3904 1251 3972 periclitatum

248 3979 337 4028 cui
370 3997 529 4030 nemo
566 3997 873 4032 succurrere
906 3995 1115 4052 potest,
1152 3987 1255 4037 nisi

246 4069 413 4128 peter.
446 4058 664 4110 Senum.
696 4061 821 4114 Non
838 4063 993 4134 jure,
1019 4061 1107 4115 sed
1130 4081 1254 4116 san-

245 4135 436 4209 quine,
460 4137 713 4190 Obrecht.

1327 2789 1478 2841 obire
1497 2801 1720 2840 mortem
1737 2805 1836 2860 pro
1857 2786 2026 2838 altero
2039 2823 2055 2852 ,
2071 2787 2172 2837 nisi
2191 2799 2343 2856 pater

1326 2869 1511 2921 forsan
1537 2886 1635 2939 pro
1665 2867 1791 2920 filio.
1819 2865 1983 2917 Giton.
2017 2867 2080 2917 Et
2108 2867 2180 2916 ita
2209 2864 2339 2916 obr.

1402 2944 1452 2996 3.
1483 2945 1644 3015 Quem
1663 2943 1896 3016 fundere
1923 2945 1981 2995 in
2013 2940 2148 2994 bello
2169 2941 2338 2994 nolui.

1329 3022 1668 3095 Legendum:
1713 3021 1870 3075 volui.
1909 3024 2056 3074 Pm.
2094 3053 2167 3062 -—
2197 3023 2342 3075 Num

1330 3103 1570 3175 iniquum
1592 3114 1690 3169 est,
1715 3117 1888 3176 oeque,
1917 3112 1979 3152 ut
1994 3102 2188 3173 patiar.
2213 3105 2346 3155 For-

1328 3197 1415 3236 te:
1457 3199 1585 3233 num
1623 3182 1868 3255 iniquum
1907 3193 2006 3248 est,
2047 3199 2244 3254 quoeso,
2285 3193 2343 3234 ut

1325 3263 1518 3335 patiar.
1543 3261 1708 3313 Giton.

1404 3341 1454 3412 4.
1485 3339 1772 3392 Delabitur.
1807 3341 2062 3391 Francius
2091 3340 2343 3409 conjicie-

1331 3419 1427 3472 bat
1439 3459 1455 3486 ,
1469 3419 1735 3472 delebitur.
1754 3447 1824 3459 --
1837 3419 2079 3489 Spectata
2099 3419 2157 3470 in
2175 3420 2348 3471 mino-

1334 3501 1473 3552 ribus
1502 3502 1672 3571 major
1704 3507 1791 3551 est.
1831 3499 2001 3568 Lege:
2037 3499 2344 3572 exspectatio

1335 3583 1389 3632 in
1422 3581 1708 3632 minoribus
1734 3579 1905 3650 major
1925 3591 2013 3631 est.
2049 3579 2215 3630 Gnou.
2244 3581 2344 3631 Le-

1332 3660 1524 3731 gebam
1543 3697 1559 3724 ‚
1602 3677 1710 3730 spes
1755 3670 1948 3711 tamen.
1995 3661 2214 3712 Senum.
2260 3661 2342 3710 An

1334 3757 1472 3802 non,
1503 3747 1706 3810 sperata
1741 3738 1794 3789 in
1829 3738 2113 3790 minoribus
2143 3741 2343 3811 major;

1334 3830 1387 3871 et
1408 3817 1724 3883 recordatio,
1746 3831 1846 3869 etc.

1406 3899 1439 3952 5
1491 3896 1792 3948 Recordata'o
1827 3897 1989 3949 vem'oe
2021 3915 2244 3971 magnus
2274 3909 2346 3950 est

1332 3975 1574 4032 stimulus
1593 3979 1872 4030 industriae.
1893 3976 2111 4046 Conjeci
2133 3995 2312 4029 senum
2324 4015 2342 4044 ‚

1332 4077 1434 4134 pro
1455 4057 1634 4109 vem'oe.
1654 4055 1788 4108 Vide
1810 4058 2003 4109 sustin.
2029 4055 2119 4108 lib.
2143 4057 2342 4124 XXIX,

1336 4158 1455 4212 cap.
1497 4157 1540 4190 ι.
1584 4139 1822 4209 Cogitavi
1859 4149 1910 4190 et
1943 4135 2142 4210 gloriae.
2167 4139 2342 4198 ‚Nune
