2855 4871
544 402 671 469 528
1122 402 1660 469 CALPURNII
1707 403 2054 469 FLACCI

540 523 753 624 patris
782 524 882 596 uti
903 550 917 595 ε
935 524 1088 625 jam
1118 550 1263 596 non
1294 524 1510 595 larem
1537 523 1763 593 habeo
1781 580 1800 607 ‚
1829 550 1970 595 non
2000 550 2274 596 servum
2296 579 2317 611 ‚
2341 550 2490 596 non
2513 552 2624 622 pa·

541 663 761 729 trem3
801 666 879 711 ac
914 666 1003 711 ne
1032 640 1448 713 damnatum
1485 665 1629 711 esse
1664 638 2024 737 poeniteat,
2055 666 2200 713 non
2235 666 2621 713 novercam.

540 755 768 827 Video
796 780 1139 827 carcerem
1177 754 1542 853 publicum
1562 810 1581 842 ,
1615 755 1789 825 saxis
1819 754 2217 852 ingentibus
2249 775 2622 845 structum,

518 870 846 969 ,angustis
886 870 1349 942 foraminibus
1392 890 1678 941 tenuem
1717 868 1894 939 lucis
1931 868 2262 939 umbram
2301 869 2628 968 recipien-

542 1005 715 1057 tem:
743 986 817 1057 in
862 986 1051 1057 hunc
1090 984 1422 1085 conjecti,
1469 985 1681 1055 robur
1719 983 2276 1079 Tullianumque
2309 998 2326 1029 ¹
2369 984 2628 1083 prospi-

540 1103 771 1175 ciunt:
810 1124 875 1174 et
908 1102 1174 1203 quoties
1190 1100 1512 1209 jacentes
1547 1102 1780 1173 ferrati
1820 1102 2026 1201 postis
2067 1101 2316 1173 stridor
2353 1101 2626 1189 excitat,

543 1216 1052 1305 exanimantur,
1088 1236 1157 1287 et
1194 1215 1512 1286 alienum
1551 1214 1978 1313 supplicium
2013 1214 2390 1314 spectando
2429 1242 2626 1286 suum

542 1330 839 1405 discunt.
900 1332 1167 1400 Sonant
1222 1328 1505 1399 verbera
1530 1384 1549 1417 ,
1602 1328 1802 1400 cibus
1857 1330 2330 1401 recusantibus
2389 1355 2630 1427 spurca

542 1473 758 1518 manu
791 1440 1127 1518 carnificis
1158 1444 1525 1543 ingeritur:
1549 1444 1738 1516 sedet
1751 1444 2016 1545 janitor
2037 1444 2446 1517 inexorabili
2467 1470 2627 1543 pec-

542 1584 717 1653 tore,
750 1562 873 1659 qui
903 1582 1120 1633 matre
1152 1560 1358 1632 flente
1383 1560 1599 1632 siccos
1625 1582 1858 1632 teneat
1883 1561 2152 1633 oculos:
2182 1560 2458 1635 illuvies
2491 1586 2626 1632 cor-

540 1704 673 1778 pus
703 1698 1079 1777 exasperat,
1110 1702 1405 1749 manum
1431 1696 1686 1749 catenae
1717 1698 2067 1775 premunt.
2093 1675 2294 1765 Quid
2319 1698 2420 1747 est
2443 1674 2624 1772 quod

542 1822 656 1867 me
688 1795 796 1867 lex
828 1822 1013 1867 anno
1049 1792 1429 1867 resen-vav?
1459 1793 1694 1865 nescio
1723 1791 1897 1889 quid
1929 1792 2160 1865 adhuc
2195 1791 2486 1889 cogitat:
2518 1791 2628 1861 ni-

544 1910 807 1981 mirum
834 1911 919 1981 de
945 1908 1343 2010 parricidi0,
1366 1908 1572 1979 etiam
1591 1893 1824 2006 ‘quum
1849 1908 2177 1998 creditur,
2207 1934 2351 1978 non
2379 1905 2632 2005 liquet?

541 2025 945 2114 AEstimate,
983 2024 1296 2125 judices,
1342 2022 1510 2118 quid
1553 2023 1867 2121 fugiam,
1913 2022 2030 2119 qui
2085 2022 2220 2093 hoc
2269 2020 2630 2121 ³postulo?

543 2138 740 2227 Quid
774 2140 904 2212 hoc
939 2160 1067 2229 est,
1100 2137 1417 2240 judices?
1461 2164 1502 2209 a
1544 2158 1734 2235 patre
1777 2136 2122 2237 parricida
2160 2163 2308 2207 non
2351 2134 2630 2208 timeor?

545 2252 771 2323 dicam
794 2308 813 2343 ,
872 2252 1096 2323 saevite
1119 2308 1137 2339 ‚
1192 2279 1416 2355 quum
1475 2252 1766 2351 rogem?
1821 2252 2052 2325 dicam
2083 2308 2102 2343 ,
2161 2250 2626 2340 miseremini,

544 2395 766 2468 quum
801 2394 1143 2442 carcerem
1177 2366 1461 2468 rogem?

1298 2575 1483 2621 PARS
1539 2577 1878 2623 ALTERA.

638 2703 877 2802 Egone
902 2723 1243 2775 secretum
1270 2701 1377 2773 isti
1406 2702 1833 2776 conscientiae
1859 2703 2089 2776 dabo?
2115 2724 2184 2776 et
2205 2703 2302 2776 ibi
2331 2725 2397 2776 te
2417 2702 2626 2803 patiar

620 2861 662 2895 ι.
684 2846 861 2896 Robur
879 2844 1205 2897 Tullianum.
1226 2845 1390 2915 Lege,
1412 2859 1468 2896 ut
1489 2847 1546 2896 in
1619 2848 1771 2919 qim.
1811 2847 1997 2900 Adhuc
2027 2849 2254 2921 cogitat.-
2287 2848 2536 2900 nimirum
2567 2847 2624 2897 de

542 2935 644 2973 vet.
683 2925 835 2974 robur
872 2925 1283 2998 Tullianumque
1318 2926 1542 3000 pros-pic.
1619 2927 1938 2996 parricidio,
1983 2927 2138 2979 etiam
2177 2945 2345 2999 quum
2387 2927 2615 2990 ereditur,

540 3004 685 3052 Pt'ru.
718 3030 791 3040 —
820 2999 1067 3054 Alienum
1104 3005 1413 3078 supplicium
1457 3024 1545 3056 ex·
1625 3023 1730 3058 non
1755 3005 1938 3080 liquet.
1964 3008 2112 3058 Pura.

540 3079 832 3149 spectando.
861 3081 1027 3150 Lege,
1055 3085 1346 3152 spectando.
1378 3085 1543 3136 Geor«.

540 3159 703 3229 Lege,
724 3158 805 3211 vel
834 3161 1135 3233 spectando,
1158 3165 1238 3215 vel
1266 3175 1317 3216 et
1344 3165 1546 3238 inspec-

542 3242 715 3294 tando.
742 3241 1009 3294 Posterius
1036 3245 1248 3314 optimis
1276 3246 1543 3314 frequens,

542 3318 760 3372 Senum-r.
776 3322 935 3372 Forte
948 3359 964 3387 ‚
978 3321 1326 3394 inspectando.
1343 3325 1542 3375 Αιυιει..

540 3399 830 3472 Spectando
860 3403 1057 3472 recepit
1081 3400 1399 3454 Obrechtus.

614 3497 660 3530 α.
700 3479 839 3548 Quid
870 3491 972 3545 est,
1006 3482 1147 3554 quod
1174 3499 1256 3532 me
1288 3479 1372 3532 Iex
1402 3501 1544 3534 anno

542 3569 783 3623 reservat,
811 3571 910 3608 ete.
937 3560 1017 3609 Ne
1040 3559 1230 3612 fluctus
1251 3562 1472 3612 excitem
1491 3562 1546 3612 in

540 3635 798 3707 simpulo,
828 3634 971 3687 nulla
1001 3639 1313 3690 circuitione
1338 3638 1540 3702 dicam,

541 3713 815 3784 quomodo
830 3713 941 3765 haec
950 3714 1182 3784 judicem
1200 3717 1542 3770 restituenda.

540 3793 789 3848 Rescribo
808 3797 1012 3866 itaque,
1036 3799 1175 3867 Quid
1189 3812 1284 3862 est,
1306 3801 1446 3872 quod
1464 3820 1546 3853 me

540 3893 603 3924 ex
626 3876 737 3948 lege
758 3897 900 3930 anno
928 3883 1181 3931 reservat?
1206 3881 1424 3934 Nescitis
1449 3884 1544 3933 ad-

543 3953 644 4006 hue
654 3959 819 4028 ,quid
834 3960 1037 4031 coqitet.
1058 3961 1319 4015 Nimirum
1342 3963 1404 4014 de
1420 3981 1544 4036 par-

543 4035 747 4102 ricidio,
777 4041 979 4093 etiamsi
989 4044 1109 4113 jam
1138 4045 1380 4111 creditur,
1406 4063 1542 4096 non-

542 4113 665 4166 dum
696 4116 870 4188 liquet.
901 4122 1113 4176 Senum
1145 4153 1217 4165 —-
1240 4125 1423 4179 Adhuc
1455 4145 1542 4180 co-

1697 3083 1746 3135 3.
1789 3085 1890 3153 Qui
1924 3083 2018 3136 hoc
2047 3083 2277 3154 postulo.
2313 3085 2442 3135 Vult
2471 3083 2621 3154 (nam

1625 3161 1730 3214 hoc
1756 3162 2036 3233 intelligit)
2065 3165 2344 3215 tormentis
2381 3181 2464 3214 me
2487 3161 2622 3212 suhi-

1624 3261 1748 3313 gere
1763 3257 1915 3314 pater
1929 3243 1998 3295 ad
2017 3243 2290 3294 fatendum
2311 3243 2518 3294 falsum.
2535 3243 2622 3291 Hic

1625 3337 1800 3375 autem
1833 3343 1961 3376 sana
1995 3339 2151 3376 erunt
2184 3327 2399 3388 omnia,
2433 3327 2477 3375 si
2509 3341 2622 3394 per—

1626 3402 1834 3474 vulgata
1856 3403 2076 3454 aliarum
2091 3401 2384 3454 Declamm.
2401 3405 2622 3464 ratione,

1626 3501 1846 3554 quarum
1880 3481 1990 3534 hanc
2019 3501 2133 3534 esse
2169 3496 2418 3554 excerpta
2453 3495 2618 3552 patet,

1625 3561 1858 3632 legatur.
1903 3560 2039 3629 Quid
2073 3561 2170 3612 hoc
2200 3571 2275 3614 est
2289 3561 2618 3632 ,judices'a

1620 3650 1770 3710 parm
1804 3639 2070 3710 parricida
2107 3657 2210 3690 non
2255 3641 2447 3690 timeor.
2485 3633 2624 3707 Quid

1623 3722 1781 3792 erqo?
1809 3720 1982 3772 dicam
2017 3740 2084 3772 ne
2117 3722 2320 3788 soevite,
2353 3738 2506 3794 quum
2541 3737 2626 3769 ro-

1619 3803 1773 3873 yemi’
1788 3801 1960 3852 dicam
1979 3803 2320 3867 miseremini,
2339 3820 2498 3874 quum
2523 3819 2628 3852 oar·

1623 3901 1784 3934 cerem
1799 3882 2001 3954 mqem?
2015 3883 2162 3934 Adde
2173 3883 2626 3950 Declamm.Quin-

1623 3963 1698 4015 til.
1733 3965 2050 4016 cccbxxv
2081 3965 2170 4017 fin.
2205 3977 2260 4016 et
2291 3964 2624 4018 ccclxxvi

1621 4045 1813 4096 medio.
1840 4045 2057 4097 Senum.
2083 4047 2188 4112 Qui
2213 4059 2266 4097 et
2288 4063 2420 4116 pro,
2449 4065 2516 4098 ne
2537 4059 2630 4098 εα-

1623 4127 1752 4192 vite,
1777 4130 2080 4200 conjecerat
2100 4127 2378 4182 subvenite.
