<?xml version="1.0" encoding="UTF-8"?>
<!DOCTYPE html PUBLIC "-//W3C//DTD XHTML 1.0 Transitional//EN"
    "http://www.w3.org/TR/xhtml1/DTD/xhtml1-transitional.dtd">
<html xmlns="http://www.w3.org/1999/xhtml" xml:lang="en" lang="en">
 <head>
  <title>
</title>
<meta http-equiv="Content-Type" content="text/html;charset=utf-8" />
  <meta name='ocr-system' content='tesseract 3.04.00' />
  <meta name='ocr-capabilities' content='ocr_page ocr_carea ocr_par ocr_line ocrx_word'/>
</head>
<body>
  <div class='ocr_page' id='page_1' title='image "./marcusfabiusqui06spalgoog_0090.png"; bbox 0 0 2855 4871; ppageno 0'>
   <div class='ocr_carea' id='block_1_1' title="bbox 575 436 2222 508">
    <p class='ocr_par' dir='ltr' id='par_1_1' title="bbox 575 436 2222 508">
     <span class='ocr_line' id='line_1_1' title="bbox 575 436 2222 508; baseline 0 0"><span class='ocrx_word' id='word_1_1' title='bbox 575 436 1407 508; x_wconf 78' lang='lat' dir='ltr'><strong>DECLAMATIONES.</strong></span> <span class='ocrx_word' id='word_1_2' title='bbox 1454 437 1807 504; x_wconf 86' lang='lat' dir='ltr'>CCLXII.</span> <span class='ocrx_word' id='word_1_3' title='bbox 2149 443 2222 508; x_wconf 72' lang='lat'>81</span> 
     </span>
    </p>
   </div>
   <div class='ocr_carea' id='block_1_2' title="bbox 166 561 2255 2967">
    <p class='ocr_par' dir='ltr' id='par_1_2' title="bbox 166 561 2255 2967">
     <span class='ocr_line' id='line_1_2' title="bbox 201 561 2236 666; baseline 0 -27"><span class='ocrx_word' id='word_1_4' title='bbox 201 568 385 657; x_wconf 82' lang='lat' dir='ltr'>veris,</span> <span class='ocrx_word' id='word_1_5' title='bbox 420 566 553 638; x_wconf 78' lang='lat' dir='ltr'>haec</span> <span class='ocrx_word' id='word_1_6' title='bbox 590 566 843 666; x_wconf 90' lang='lat' dir='ltr'>injuste</span> <span class='ocrx_word' id='word_1_7' title='bbox 881 561 1239 663; x_wconf 85' lang='lat' dir='ltr'>repudiata</span> <span class='ocrx_word' id='word_1_8' title='bbox 1270 583 1415 635; x_wconf 90' lang='lat' dir='ltr'>est:</span> <span class='ocrx_word' id='word_1_9' title='bbox 1451 563 1596 636; x_wconf 80' lang='lat' dir='ltr'>haec</span> <span class='ocrx_word' id='word_1_10' title='bbox 1623 563 1930 638; x_wconf 84' lang='lat' dir='ltr'><strong>dicerem</strong></span> <span class='ocrx_word' id='word_1_11' title='bbox 1951 623 1974 658; x_wconf 88' lang='lat'>,</span> <span class='ocrx_word' id='word_1_12' title='bbox 2003 567 2058 638; x_wconf 89' lang='lat' dir='ltr'>si</span> <span class='ocrx_word' id='word_1_13' title='bbox 2089 594 2236 641; x_wconf 89' lang='lat' dir='ltr'>non</span> 
     </span>
     <span class='ocr_line' id='line_1_3' title="bbox 202 677 2240 781; baseline 0.001 -27"><span class='ocrx_word' id='word_1_14' title='bbox 202 703 304 754; x_wconf 84' lang='lat' dir='ltr'>tua</span> <span class='ocrx_word' id='word_1_15' title='bbox 326 681 509 781; x_wconf 82' lang='lat' dir='ltr'>culpa</span> <span class='ocrx_word' id='word_1_16' title='bbox 530 679 911 771; x_wconf 86' lang='lat' dir='ltr'>accidisset,</span> <span class='ocrx_word' id='word_1_17' title='bbox 932 699 1011 752; x_wconf 90' lang='lat' dir='ltr'>ut</span> <span class='ocrx_word' id='word_1_18' title='bbox 1028 677 1446 779; x_wconf 83' lang='lat' dir='ltr'><strong>repudiares.</strong></span> <span class='ocrx_word' id='word_1_19' title='bbox 1471 679 1607 751; x_wconf 91' lang='lat' dir='ltr'>Sed</span> <span class='ocrx_word' id='word_1_20' title='bbox 1627 681 1864 771; x_wconf 88' lang='lat' dir='ltr'>miror,</span> <span class='ocrx_word' id='word_1_21' title='bbox 1885 681 1940 754; x_wconf 88' lang='lat' dir='ltr'>si</span> <span class='ocrx_word' id='word_1_22' title='bbox 1969 682 2042 754; x_wconf 87' lang='lat' dir='ltr'>in</span> <span class='ocrx_word' id='word_1_23' title='bbox 2069 697 2088 728; x_wconf 90' lang='lat'><strong>¹</strong></span> <span class='ocrx_word' id='word_1_24' title='bbox 2107 684 2240 756; x_wconf 87' lang='lat' dir='ltr'>hac</span> 
     </span>
     <span class='ocr_line' id='line_1_4' title="bbox 199 779 2238 898; baseline 0.002 -30"><span class='ocrx_word' id='word_1_25' title='bbox 199 797 447 894; x_wconf 30' lang='lat' dir='ltr'>civitate·</span> <span class='ocrx_word' id='word_1_26' title='bbox 481 796 1004 896; x_wconf 78' lang='lat' dir='ltr'>diligentissima</span> <span class='ocrx_word' id='word_1_27' title='bbox 1038 794 1219 898; x_wconf 89' lang='lat' dir='ltr'>juris</span> <span class='ocrx_word' id='word_1_28' title='bbox 1242 852 1260 884; x_wconf 91' lang='lat'>‚</span> <span class='ocrx_word' id='word_1_29' title='bbox 1314 793 1463 867; x_wconf 85' lang='lat' dir='ltr'>ulla</span> <span class='ocrx_word' id='word_1_30' title='bbox 1510 779 1905 868; x_wconf 58' lang='lat' dir='ltr'>lex⁸contra</span> <span class='ocrx_word' id='word_1_31' title='bbox 1949 797 2238 872; x_wconf 86' lang='lat' dir='ltr'>alteram</span> 
     </span>
     <span class='ocr_line' id='line_1_5' title="bbox 200 907 2238 1014; baseline 0.001 -31"><span class='ocrx_word' id='word_1_32' title='bbox 200 912 408 1010; x_wconf 80' lang='lat' dir='ltr'>scripta</span> <span class='ocrx_word' id='word_1_33' title='bbox 448 933 579 1002; x_wconf 86' lang='lat' dir='ltr'>est;</span> <span class='ocrx_word' id='word_1_34' title='bbox 631 932 753 984; x_wconf 86' lang='lat' dir='ltr'>aut</span> <span class='ocrx_word' id='word_1_35' title='bbox 796 912 927 983; x_wconf 88' lang='lat' dir='ltr'>hoc</span> <span class='ocrx_word' id='word_1_36' title='bbox 970 907 1495 1008; x_wconf 82' lang='lat' dir='ltr'>prudentissimi</span> <span class='ocrx_word' id='word_1_37' title='bbox 1545 911 2030 984; x_wconf 81' lang='lat' dir='ltr'>constitutores</span> <span class='ocrx_word' id='word_1_38' title='bbox 2064 913 2238 1014; x_wconf 88' lang='lat' dir='ltr'>juris</span> 
     </span>
     <span class='ocr_line' id='line_1_6' title="bbox 199 1023 2242 1126; baseline 0.002 -31"><span class='ocrx_word' id='word_1_39' title='bbox 199 1051 317 1096; x_wconf 86' lang='lat' dir='ltr'>non</span> <span class='ocrx_word' id='word_1_40' title='bbox 341 1024 667 1097; x_wconf 87' lang='lat' dir='ltr'>viderunt.</span> <span class='ocrx_word' id='word_1_41' title='bbox 698 1023 1080 1116; x_wconf 80' lang='lat' dir='ltr'><strong>Quomodo</strong></span> <span class='ocrx_word' id='word_1_42' title='bbox 1108 1049 1383 1096; x_wconf 87' lang='lat' dir='ltr'>necesse</span> <span class='ocrx_word' id='word_1_43' title='bbox 1413 1042 1552 1114; x_wconf 84' lang='lat' dir='ltr'>est,</span> <span class='ocrx_word' id='word_1_44' title='bbox 1585 1023 1776 1123; x_wconf 91' lang='lat' dir='ltr'>quod</span> <span class='ocrx_word' id='word_1_45' title='bbox 1792 1025 2066 1126; x_wconf 86' lang='lat' dir='ltr'>justum</span> <span class='ocrx_word' id='word_1_46' title='bbox 2093 1053 2242 1100; x_wconf 87' lang='lat' dir='ltr'>non</span> 
     </span>
     <span class='ocr_line' id='line_1_7' title="bbox 200 1137 2247 1239; baseline 0.002 -29"><span class='ocrx_word' id='word_1_47' title='bbox 200 1138 351 1211; x_wconf 84' lang='lat' dir='ltr'>erat?</span> <span class='ocrx_word' id='word_1_48' title='bbox 388 1159 603 1239; x_wconf 86' lang='lat' dir='ltr'>rapta,</span> <span class='ocrx_word' id='word_1_49' title='bbox 646 1139 915 1239; x_wconf 90' lang='lat' dir='ltr'>inquit,</span> <span class='ocrx_word' id='word_1_50' title='bbox 963 1137 1244 1238; x_wconf 83' lang='lat' dir='ltr'>nuptias</span> <span class='ocrx_word' id='word_1_51' title='bbox 1286 1164 1480 1210; x_wconf 84' lang='lat' dir='ltr'>meas</span> <span class='ocrx_word' id='word_1_52' title='bbox 1519 1159 1910 1238; x_wconf 86' lang='lat' dir='ltr'>optaverat:</span> <span class='ocrx_word' id='word_1_53' title='bbox 1957 1167 2104 1214; x_wconf 89' lang='lat' dir='ltr'>non</span> <span class='ocrx_word' id='word_1_54' title='bbox 2146 1165 2247 1216; x_wconf 91' lang='lat' dir='ltr'>est</span> 
     </span>
     <span class='ocr_line' id='line_1_8' title="bbox 198 1238 2250 1355; baseline 0.004 -32"><span class='ocrx_word' id='word_1_55' title='bbox 198 1251 307 1325; x_wconf 85' lang='lat' dir='ltr'>hoc</span> <span class='ocrx_word' id='word_1_56' title='bbox 328 1238 484 1345; x_wconf 76' lang='lat' dir='ltr'>tale,</span> <span class='ocrx_word' id='word_1_57' title='bbox 509 1254 711 1355; x_wconf 84' lang='lat' dir='ltr'>quale</span> <span class='ocrx_word' id='word_1_58' title='bbox 740 1256 796 1326; x_wconf 89' lang='lat' dir='ltr'>si</span> <span class='ocrx_word' id='word_1_59' title='bbox 830 1253 1087 1326; x_wconf 83' lang='lat' dir='ltr'>diceres</span> <span class='ocrx_word' id='word_1_60' title='bbox 1106 1309 1127 1343; x_wconf 92' lang='lat'>,</span> <span class='ocrx_word' id='word_1_61' title='bbox 1154 1274 1492 1354; x_wconf 77' lang='lat' dir='ltr'>tyrannus</span> <span class='ocrx_word' id='word_1_62' title='bbox 1517 1255 1778 1354; x_wconf 77' lang='lat' dir='ltr'>coeg1’13</span> <span class='ocrx_word' id='word_1_63' title='bbox 1811 1256 2015 1355; x_wconf 88' lang='lat' dir='ltr'>quale</span> <span class='ocrx_word' id='word_1_64' title='bbox 2049 1257 2105 1329; x_wconf 89' lang='lat' dir='ltr'>si</span> <span class='ocrx_word' id='word_1_65' title='bbox 2139 1257 2250 1332; x_wconf 89' lang='lat' dir='ltr'>di-</span> 
     </span>
     <span class='ocr_line' id='line_1_9' title="bbox 196 1369 2246 1471; baseline 0.004 -31"><span class='ocrx_word' id='word_1_66' title='bbox 196 1394 389 1460; x_wconf 82' lang='lat' dir='ltr'>ceres,</span> <span class='ocrx_word' id='word_1_67' title='bbox 420 1371 705 1470; x_wconf 80' lang='lat' dir='ltr'>aliquis,</span> <span class='ocrx_word' id='word_1_68' title='bbox 749 1372 860 1444; x_wconf 90' lang='lat' dir='ltr'>cui</span> <span class='ocrx_word' id='word_1_69' title='bbox 889 1391 1293 1471; x_wconf 87' lang='lat' dir='ltr'>potestatem</span> <span class='ocrx_word' id='word_1_70' title='bbox 1328 1369 1616 1443; x_wconf 86' lang='lat' dir='ltr'>dederat</span> <span class='ocrx_word' id='word_1_71' title='bbox 1647 1372 2076 1471; x_wconf 82' lang='lat' dir='ltr'>respublica,</span> <span class='ocrx_word' id='word_1_72' title='bbox 2111 1373 2246 1448; x_wconf 88' lang='lat' dir='ltr'>hoc</span> 
     </span>
     <span class='ocr_line' id='line_1_10' title="bbox 188 1483 2250 1589; baseline 0.003 -35"><span class='ocrx_word' id='word_1_73' title='bbox 188 1483 389 1583; x_wconf 87' lang='lat' dir='ltr'>jussit;</span> <span class='ocrx_word' id='word_1_74' title='bbox 420 1506 727 1586; x_wconf 74' lang='lat' dir='ltr'>senatus,</span> <span class='ocrx_word' id='word_1_75' title='bbox 762 1508 883 1559; x_wconf 85' lang='lat' dir='ltr'>aut</span> <span class='ocrx_word' id='word_1_76' title='bbox 912 1487 1217 1586; x_wconf 90' lang='lat' dir='ltr'>populus</span> <span class='ocrx_word' id='word_1_77' title='bbox 1249 1486 1590 1585; x_wconf 88' lang='lat' dir='ltr'>pertinere</span> <span class='ocrx_word' id='word_1_78' title='bbox 1626 1485 1696 1558; x_wconf 91' lang='lat' dir='ltr'>id</span> <span class='ocrx_word' id='word_1_79' title='bbox 1729 1486 1816 1559; x_wconf 83' lang='lat' dir='ltr'>ad</span> <span class='ocrx_word' id='word_1_80' title='bbox 1851 1490 2250 1589; x_wconf 86' lang='lat' dir='ltr'>rempubli-</span> 
     </span>
     <span class='ocr_line' id='line_1_11' title="bbox 197 1603 2252 1708; baseline 0.005 -36"><span class='ocrx_word' id='word_1_81' title='bbox 197 1627 325 1674; x_wconf 82' lang='lat' dir='ltr'>cam</span> <span class='ocrx_word' id='word_1_82' title='bbox 354 1603 798 1681; x_wconf 85' lang='lat' dir='ltr'>existimavit:</span> <span class='ocrx_word' id='word_1_83' title='bbox 844 1626 926 1677; x_wconf 92' lang='lat' dir='ltr'>ut</span> <span class='ocrx_word' id='word_1_84' title='bbox 966 1625 1166 1704; x_wconf 84' lang='lat' dir='ltr'>rapta</span> <span class='ocrx_word' id='word_1_85' title='bbox 1198 1603 1561 1704; x_wconf 89' lang='lat' dir='ltr'>repudiare</span> <span class='ocrx_word' id='word_1_86' title='bbox 1603 1607 1938 1704; x_wconf 79' lang='lat' dir='ltr'>coegerit,</span> <span class='ocrx_word' id='word_1_87' title='bbox 1981 1627 2060 1680; x_wconf 90' lang='lat' dir='ltr'>ut</span> <span class='ocrx_word' id='word_1_88' title='bbox 2099 1611 2252 1708; x_wconf 78' lang='lat' dir='ltr'>cogi</span> 
     </span>
     <span class='ocr_line' id='line_1_12' title="bbox 195 1721 2250 1823; baseline 0.004 -33"><span class='ocrx_word' id='word_1_89' title='bbox 195 1743 427 1816; x_wconf 85' lang='lat' dir='ltr'>posses,</span> <span class='ocrx_word' id='word_1_90' title='bbox 458 1743 532 1794; x_wconf 89' lang='lat' dir='ltr'>tu</span> <span class='ocrx_word' id='word_1_91' title='bbox 572 1722 821 1795; x_wconf 87' lang='lat' dir='ltr'>fecisti.</span> <span class='ocrx_word' id='word_1_92' title='bbox 855 1723 943 1794; x_wconf 88' lang='lat' dir='ltr'>Et</span> <span class='ocrx_word' id='word_1_93' title='bbox 988 1721 1224 1820; x_wconf 86' lang='lat' dir='ltr'>ipsum</span> <span class='ocrx_word' id='word_1_94' title='bbox 1270 1721 1403 1794; x_wconf 89' lang='lat' dir='ltr'>hoc</span> <span class='ocrx_word' id='word_1_95' title='bbox 1445 1721 1718 1822; x_wconf 89' lang='lat' dir='ltr'>repudii</span> <span class='ocrx_word' id='word_1_96' title='bbox 1752 1743 2030 1823; x_wconf 88' lang='lat' dir='ltr'>tempus</span> <span class='ocrx_word' id='word_1_97' title='bbox 2062 1725 2250 1799; x_wconf 90' lang='lat' dir='ltr'>male</span> 
     </span>
     <span class='ocr_line' id='line_1_13' title="bbox 196 1837 2252 1940; baseline 0.005 -34"><span class='ocrx_word' id='word_1_98' title='bbox 196 1859 540 1936; x_wconf 83' lang='lat' dir='ltr'>computas:</span> <span class='ocrx_word' id='word_1_99' title='bbox 567 1859 739 1912; x_wconf 86' lang='lat' dir='ltr'>tunc</span> <span class='ocrx_word' id='word_1_100' title='bbox 761 1837 1197 1938; x_wconf 84' lang='lat' dir='ltr'>repudiatam</span> <span class='ocrx_word' id='word_1_101' title='bbox 1217 1858 1293 1920; x_wconf 88' lang='lat' dir='ltr'>tu</span> <span class='ocrx_word' id='word_1_102' title='bbox 1315 1837 1536 1911; x_wconf 87' lang='lat' dir='ltr'>credis</span> <span class='ocrx_word' id='word_1_103' title='bbox 1555 1847 1842 1912; x_wconf 76' lang='lat' dir='ltr'>uxorem</span> <span class='ocrx_word' id='word_1_104' title='bbox 1856 1897 1874 1930; x_wconf 90' lang='lat'><strong><em>‚</em></strong></span> <span class='ocrx_word' id='word_1_105' title='bbox 1896 1867 2120 1940; x_wconf 90' lang='lat' dir='ltr'>quum</span> <span class='ocrx_word' id='word_1_106' title='bbox 2147 1870 2252 1918; x_wconf 87' lang='lat' dir='ltr'>res</span> 
     </span>
     <span class='ocr_line' id='line_1_14' title="bbox 193 1949 2252 2057; baseline 0.006 -35"><span class='ocrx_word' id='word_1_107' title='bbox 193 1977 321 2024; x_wconf 80' lang='lat' dir='ltr'>suas</span> <span class='ocrx_word' id='word_1_108' title='bbox 334 1953 456 2026; x_wconf 87' lang='lat' dir='ltr'>sibi</span> <span class='ocrx_word' id='word_1_109' title='bbox 474 1955 735 2028; x_wconf 83' lang='lat' dir='ltr'>habere</span> <span class='ocrx_word' id='word_1_110' title='bbox 739 1956 931 2057; x_wconf 77' lang='lat' dir='ltr'>jussa</span> <span class='ocrx_word' id='word_1_111' title='bbox 945 1953 1080 2028; x_wconf 84' lang='lat' dir='ltr'>est?</span> <span class='ocrx_word' id='word_1_112' title='bbox 1099 1981 1325 2054; x_wconf 89' lang='lat' dir='ltr'>quum</span> <span class='ocrx_word' id='word_1_113' title='bbox 1342 1949 1578 2053; x_wconf 79' lang='lat' dir='ltr'>egredi</span> <span class='ocrx_word' id='word_1_114' title='bbox 1596 1954 1680 2027; x_wconf 88' lang='lat' dir='ltr'>de</span> <span class='ocrx_word' id='word_1_115' title='bbox 1696 1956 1948 2028; x_wconf 85' lang='lat' dir='ltr'>domo?</span> <span class='ocrx_word' id='word_1_116' title='bbox 1963 1985 2252 2034; x_wconf 85' lang='lat' dir='ltr'>uxorem</span> 
     </span>
     <span class='ocr_line' id='line_1_15' title="bbox 166 2067 2255 2169; baseline 0.005 -31"><span class='ocrx_word' id='word_1_117' title='bbox 166 2085 331 2148; x_wconf 82' lang='lat' dir='ltr'>‚tunc</span> <span class='ocrx_word' id='word_1_118' title='bbox 354 2070 723 2169; x_wconf 85' lang='lat' dir='ltr'>repudiasti</span> <span class='ocrx_word' id='word_1_119' title='bbox 740 2127 760 2161; x_wconf 88' lang='lat'>,</span> <span class='ocrx_word' id='word_1_120' title='bbox 786 2096 1013 2169; x_wconf 89' lang='lat' dir='ltr'>quum</span> <span class='ocrx_word' id='word_1_121' title='bbox 1043 2067 1364 2167; x_wconf 82' lang='lat' dir='ltr'>rapuisti3</span> <span class='ocrx_word' id='word_1_122' title='bbox 1390 2095 1614 2168; x_wconf 87' lang='lat' dir='ltr'>quum</span> <span class='ocrx_word' id='word_1_123' title='bbox 1645 2091 2058 2169; x_wconf 88' lang='lat' dir='ltr'>potestatem</span> <span class='ocrx_word' id='word_1_124' title='bbox 2087 2074 2255 2149; x_wconf 87' lang='lat' dir='ltr'>huic</span> 
     </span>
     <span class='ocr_line' id='line_1_16' title="bbox 192 2179 2253 2286; baseline 0.007 -36"><span class='ocrx_word' id='word_1_125' title='bbox 192 2179 333 2280; x_wconf 75' lang='lat' dir='ltr'>legis</span> <span class='ocrx_word' id='word_1_126' title='bbox 348 2183 663 2258; x_wconf 82' lang='lat' dir='ltr'>adversus</span> <span class='ocrx_word' id='word_1_127' title='bbox 686 2204 753 2256; x_wconf 90' lang='lat' dir='ltr'>te</span> <span class='ocrx_word' id='word_1_128' title='bbox 776 2183 1064 2274; x_wconf 85' lang='lat' dir='ltr'>dedisti;</span> <span class='ocrx_word' id='word_1_129' title='bbox 1080 2209 1308 2284; x_wconf 90' lang='lat' dir='ltr'>quum</span> <span class='ocrx_word' id='word_1_130' title='bbox 1336 2183 1528 2281; x_wconf 74' lang='lat' dir='ltr'>egisti</span> <span class='ocrx_word' id='word_1_131' title='bbox 1545 2243 1566 2275; x_wconf 96' lang='lat'>,</span> <span class='ocrx_word' id='word_1_132' title='bbox 1591 2206 1670 2257; x_wconf 91' lang='lat' dir='ltr'>ut</span> <span class='ocrx_word' id='word_1_133' title='bbox 1697 2207 1902 2286; x_wconf 85' lang='lat' dir='ltr'>raptae</span> <span class='ocrx_word' id='word_1_134' title='bbox 1931 2188 2253 2265; x_wconf 88' lang='lat' dir='ltr'>adversus</span> 
     </span>
     <span class='ocr_line' id='line_1_17' title="bbox 194 2297 2250 2400; baseline 0.006 -34"><span class='ocrx_word' id='word_1_135' title='bbox 194 2315 249 2367; x_wconf 85' lang='lat' dir='ltr'>te</span> <span class='ocrx_word' id='word_1_136' title='bbox 270 2297 509 2391; x_wconf 88' lang='lat' dir='ltr'>liceret,</span> <span class='ocrx_word' id='word_1_137' title='bbox 543 2321 896 2400; x_wconf 86' lang='lat' dir='ltr'>quantum</span> <span class='ocrx_word' id='word_1_138' title='bbox 925 2299 1245 2372; x_wconf 85' lang='lat' dir='ltr'>adversus</span> <span class='ocrx_word' id='word_1_139' title='bbox 1274 2299 1590 2373; x_wconf 80' lang='lat' dir='ltr'>coelibem</span> <span class='ocrx_word' id='word_1_140' title='bbox 1621 2299 1804 2374; x_wconf 90' lang='lat' dir='ltr'>licet.</span> <span class='ocrx_word' id='word_1_141' title='bbox 1837 2305 2088 2376; x_wconf 78' lang='lat' dir='ltr'>RAPTA</span> <span class='ocrx_word' id='word_1_142' title='bbox 2115 2327 2250 2378; x_wconf 75' lang='lat' dir='ltr'>RA-</span> 
     </span>
     <span class='ocr_line' id='line_1_18' title="bbox 194 2418 2246 2520; baseline 0.006 -37"><span class='ocrx_word' id='word_1_143' title='bbox 194 2432 407 2489; x_wconf 74' lang='lat' dir='ltr'>rroms</span> <span class='ocrx_word' id='word_1_144' title='bbox 435 2437 755 2491; x_wconf 73' lang='lat' dir='ltr'>MORTEM</span> <span class='ocrx_word' id='word_1_145' title='bbox 771 2474 790 2506; x_wconf 89' lang='lat'>,</span> <span class='ocrx_word' id='word_1_146' title='bbox 816 2437 955 2488; x_wconf 75' lang='lat' dir='ltr'>vm.</span> <span class='ocrx_word' id='word_1_147' title='bbox 982 2435 1287 2489; x_wconf 67' lang='lat' dir='ltr'>numus</span> <span class='ocrx_word' id='word_1_148' title='bbox 1312 2435 1550 2489; x_wconf 79' lang='grc' dir='ltr'>οΡτΕΤ</span> <span class='ocrx_word' id='word_1_149' title='bbox 1575 2445 1590 2491; x_wconf 90' lang='lat'>:</span> <span class='ocrx_word' id='word_1_150' title='bbox 1619 2418 1802 2492; x_wconf 86' lang='lat' dir='ltr'>hanc</span> <span class='ocrx_word' id='word_1_151' title='bbox 1832 2442 2246 2520; x_wconf 80' lang='lat' dir='ltr'>potestatem</span> 
     </span>
     <span class='ocr_line' id='line_1_19' title="bbox 193 2528 2250 2635; baseline 0.005 -37"><span class='ocrx_word' id='word_1_152' title='bbox 193 2528 471 2603; x_wconf 74' lang='lat' dir='ltr'>adversus</span> <span class='ocrx_word' id='word_1_153' title='bbox 490 2554 559 2606; x_wconf 89' lang='lat' dir='ltr'>te</span> <span class='ocrx_word' id='word_1_154' title='bbox 584 2532 811 2605; x_wconf 81' lang='lat' dir='ltr'>vitiata</span> <span class='ocrx_word' id='word_1_155' title='bbox 827 2531 1097 2604; x_wconf 84' lang='lat' dir='ltr'>hahuit.</span> <span class='ocrx_word' id='word_1_156' title='bbox 1118 2530 1386 2627; x_wconf 87' lang='lat' dir='ltr'>Ecquid</span> <span class='ocrx_word' id='word_1_157' title='bbox 1414 2532 1742 2630; x_wconf 79' lang='lat' dir='ltr'>intelligis</span> <span class='ocrx_word' id='word_1_158' title='bbox 1755 2534 1913 2635; x_wconf 87' lang='lat' dir='ltr'>jam</span> <span class='ocrx_word' id='word_1_159' title='bbox 1939 2562 2084 2608; x_wconf 89' lang='lat' dir='ltr'>non</span> <span class='ocrx_word' id='word_1_160' title='bbox 2105 2563 2250 2609; x_wconf 83' lang='lat' dir='ltr'>esse</span> 
     </span>
     <span class='ocr_line' id='line_1_20' title="bbox 194 2644 2252 2747; baseline 0.004 -34"><span class='ocrx_word' id='word_1_161' title='bbox 194 2670 437 2719; x_wconf 83' lang='lat' dir='ltr'>uxorem</span> <span class='ocrx_word' id='word_1_162' title='bbox 451 2662 504 2740; x_wconf 84' lang='lat'>²,</span> <span class='ocrx_word' id='word_1_163' title='bbox 538 2674 701 2746; x_wconf 81' lang='lat' dir='ltr'>quae</span> <span class='ocrx_word' id='word_1_164' title='bbox 741 2644 1189 2719; x_wconf 83' lang='lat' dir='ltr'>nonobstat?</span> <span class='ocrx_word' id='word_1_165' title='bbox 1220 2647 1369 2743; x_wconf 79' lang='lat' dir='ltr'>Ego</span> <span class='ocrx_word' id='word_1_166' title='bbox 1412 2669 1482 2719; x_wconf 91' lang='lat' dir='ltr'>te</span> <span class='ocrx_word' id='word_1_167' title='bbox 1523 2646 1698 2719; x_wconf 89' lang='lat' dir='ltr'>adeo</span> <span class='ocrx_word' id='word_1_168' title='bbox 1729 2673 1874 2719; x_wconf 92' lang='lat' dir='ltr'>non</span> <span class='ocrx_word' id='word_1_169' title='bbox 1909 2669 2082 2747; x_wconf 87' lang='lat' dir='ltr'>puto</span> <span class='ocrx_word' id='word_1_170' title='bbox 2119 2650 2252 2721; x_wconf 89' lang='lat' dir='ltr'>de·-</span> 
     </span>
     <span class='ocr_line' id='line_1_21' title="bbox 191 2758 2250 2861; baseline 0.004 -33"><span class='ocrx_word' id='word_1_171' title='bbox 191 2758 353 2833; x_wconf 82' lang='lat' dir='ltr'>fendi</span> <span class='ocrx_word' id='word_1_172' title='bbox 381 2763 509 2835; x_wconf 88' lang='lat' dir='ltr'>hoc</span> <span class='ocrx_word' id='word_1_173' title='bbox 540 2788 795 2861; x_wconf 79' lang='lat' dir='ltr'>genere</span> <span class='ocrx_word' id='word_1_174' title='bbox 833 2760 1193 2861; x_wconf 88' lang='lat' dir='ltr'>patrocinii</span> <span class='ocrx_word' id='word_1_175' title='bbox 1235 2786 1476 2859; x_wconf 83' lang='lat' dir='ltr'>posse:</span> <span class='ocrx_word' id='word_1_176' title='bbox 1513 2782 1594 2832; x_wconf 89' lang='lat' dir='ltr'>ut</span> <span class='ocrx_word' id='word_1_177' title='bbox 1627 2788 2050 2861; x_wconf 88' lang='lat' dir='ltr'>quocunque</span> <span class='ocrx_word' id='word_1_178' title='bbox 2108 2764 2250 2837; x_wconf 89' lang='lat' dir='ltr'>alio</span> 
     </span>
     <span class='ocr_line' id='line_1_22' title="bbox 190 2875 2250 2967; baseline 0.003 -20"><span class='ocrx_word' id='word_1_179' title='bbox 190 2875 368 2947; x_wconf 81' lang='lat' dir='ltr'>modo</span> <span class='ocrx_word' id='word_1_180' title='bbox 390 2876 769 2950; x_wconf 84' lang='lat' dir='ltr'>dimisisses</span> <span class='ocrx_word' id='word_1_181' title='bbox 784 2902 1077 2949; x_wconf 81' lang='lat' dir='ltr'>uxorem</span> <span class='ocrx_word' id='word_1_182' title='bbox 1093 2932 1116 2967; x_wconf 88' lang='lat'>,</span> <span class='ocrx_word' id='word_1_183' title='bbox 1144 2875 1508 2948; x_wconf 87' lang='lat' dir='ltr'>meliorem</span> <span class='ocrx_word' id='word_1_184' title='bbox 1527 2895 1682 2947; x_wconf 89' lang='lat' dir='ltr'>tum</span> <span class='ocrx_word' id='word_1_185' title='bbox 1701 2902 1982 2950; x_wconf 82' lang='lat' dir='ltr'>causam</span> <span class='ocrx_word' id='word_1_186' title='bbox 2004 2879 2250 2953; x_wconf 86' lang='lat' dir='ltr'>fuisses</span> 
     </span>
    </p>
   </div>
   <div class='ocr_carea' id='block_1_3' title="bbox 185 3118 2248 3431">
    <p class='ocr_par' dir='ltr' id='par_1_3' title="bbox 185 3118 2248 3431">
     <span class='ocr_line' id='line_1_23' title="bbox 250 3118 2248 3192; baseline 0.003 -24"><span class='ocrx_word' id='word_1_187' title='bbox 250 3118 517 3175; x_wconf 59' lang='lat' dir='ltr'>uuit-orsi</span> <span class='ocrx_word' id='word_1_188' title='bbox 536 3122 597 3173; x_wconf 77' lang='lat' dir='ltr'>in</span> <span class='ocrx_word' id='word_1_189' title='bbox 616 3120 731 3174; x_wconf 74' lang='lat' dir='ltr'>hac.</span> <span class='ocrx_word' id='word_1_190' title='bbox 750 3120 977 3192; x_wconf 66' lang='lat' dir='ltr'>Elegans</span> <span class='ocrx_word' id='word_1_191' title='bbox 990 3120 1161 3173; x_wconf 78' lang='lat' dir='ltr'>forma</span> <span class='ocrx_word' id='word_1_192' title='bbox 1238 3138 1349 3171; x_wconf 81' lang='lat' dir='ltr'>rem</span> <span class='ocrx_word' id='word_1_193' title='bbox 1390 3118 1550 3172; x_wconf 78' lang='lat' dir='ltr'>aliam</span> <span class='ocrx_word' id='word_1_194' title='bbox 1591 3118 1930 3190; x_wconf 76' lang='lat' dir='ltr'>repudiasse,</span> <span class='ocrx_word' id='word_1_195' title='bbox 1969 3118 2128 3191; x_wconf 73' lang='lat' dir='ltr'>culpa</span> <span class='ocrx_word' id='word_1_196' title='bbox 2167 3135 2248 3174; x_wconf 85' lang='lat' dir='ltr'>est</span> 
     </span>
     <span class='ocr_line' id='line_1_24' title="bbox 186 3192 2247 3275; baseline 0.004 -29"><span class='ocrx_word' id='word_1_197' title='bbox 186 3192 437 3268; x_wconf 82' lang='lat' dir='ltr'>loquendi,</span> <span class='ocrx_word' id='word_1_198' title='bbox 467 3220 574 3272; x_wconf 75' lang='lat' dir='ltr'>qua</span> <span class='ocrx_word' id='word_1_199' title='bbox 605 3218 889 3271; x_wconf 75' lang='lat' dir='ltr'>negamus,</span> <span class='ocrx_word' id='word_1_200' title='bbox 918 3218 1025 3251; x_wconf 89' lang='lat' dir='ltr'>non</span> <span class='ocrx_word' id='word_1_201' title='bbox 1054 3218 1160 3271; x_wconf 86' lang='lat' dir='ltr'>pu·</span> <span class='ocrx_word' id='word_1_202' title='bbox 1238 3204 1442 3268; x_wconf 81' lang='lat' dir='ltr'>mariti,</span> <span class='ocrx_word' id='word_1_203' title='bbox 1473 3214 1525 3253; x_wconf 88' lang='lat' dir='ltr'>et</span> <span class='ocrx_word' id='word_1_204' title='bbox 1557 3200 1678 3253; x_wconf 89' lang='lat' dir='ltr'>ideo</span> <span class='ocrx_word' id='word_1_205' title='bbox 1712 3203 1893 3273; x_wconf 85' lang='lat' dir='ltr'>injusti</span> <span class='ocrx_word' id='word_1_206' title='bbox 1923 3200 2133 3273; x_wconf 83' lang='lat' dir='ltr'>repudii</span> <span class='ocrx_word' id='word_1_207' title='bbox 2161 3204 2247 3275; x_wconf 72' lang='lat' dir='ltr'>agi</span> 
     </span>
     <span class='ocr_line' id='line_1_25' title="bbox 186 3276 2244 3351; baseline 0.003 -25"><span class='ocrx_word' id='word_1_208' title='bbox 186 3286 331 3329; x_wconf 75' lang='lat' dir='ltr'>tamus</span> <span class='ocrx_word' id='word_1_209' title='bbox 352 3278 403 3331; x_wconf 81' lang='lat' dir='ltr'>id</span> <span class='ocrx_word' id='word_1_210' title='bbox 426 3280 539 3332; x_wconf 80' lang='lat' dir='ltr'>fieri</span> <span class='ocrx_word' id='word_1_211' title='bbox 562 3298 740 3349; x_wconf 83' lang='lat' dir='ltr'>posse.</span> <span class='ocrx_word' id='word_1_212' title='bbox 770 3277 987 3349; x_wconf 79' lang='lat' dir='ltr'>Calpur.</span> <span class='ocrx_word' id='word_1_213' title='bbox 1015 3276 1158 3329; x_wconf 77' lang='lat' dir='ltr'>Flac.</span> <span class='ocrx_word' id='word_1_214' title='bbox 1238 3293 1444 3351; x_wconf 84' lang='lat' dir='ltr'>potest:</span> <span class='ocrx_word' id='word_1_215' title='bbox 1484 3279 1678 3332; x_wconf 76' lang='lat' dir='ltr'>Altera·</span> <span class='ocrx_word' id='word_1_216' title='bbox 1699 3279 1857 3331; x_wconf 87' lang='lat' dir='ltr'>lectio</span> <span class='ocrx_word' id='word_1_217' title='bbox 1893 3292 1948 3331; x_wconf 87' lang='lat' dir='ltr'>et</span> <span class='ocrx_word' id='word_1_218' title='bbox 1983 3281 2244 3333; x_wconf 78' lang='lat' dir='ltr'>restitutio</span> 
     </span>
     <span class='ocr_line' id='line_1_26' title="bbox 185 3352 2246 3431; baseline 0.004 -25"><span class='ocrx_word' id='word_1_219' title='bbox 185 3352 308 3406; x_wconf 74' lang='lat' dir='ltr'>Deci.</span> <span class='ocrx_word' id='word_1_220' title='bbox 326 3358 415 3409; x_wconf 80' lang='lat' dir='ltr'>1v=</span> <span class='ocrx_word' id='word_1_221' title='bbox 442 3358 733 3421; x_wconf 66' lang='lat' dir='ltr'>aMirabar,</span> <span class='ocrx_word' id='word_1_222' title='bbox 748 3359 793 3409; x_wconf 73' lang='lat' dir='ltr'>ui</span> <span class='ocrx_word' id='word_1_223' title='bbox 812 3360 929 3429; x_wconf 77' lang='lat' dir='ltr'>quis</span> <span class='ocrx_word' id='word_1_224' title='bbox 954 3370 1159 3409; x_wconf 74' lang='lat' dir='ltr'>tantum</span> <span class='ocrx_word' id='word_1_225' title='bbox 1238 3375 1447 3428; x_wconf 77' lang='lat' dir='ltr'>nostra,</span> <span class='ocrx_word' id='word_1_226' title='bbox 1471 3380 1570 3414; x_wconf 87' lang='lat' dir='ltr'>nec</span> <span class='ocrx_word' id='word_1_227' title='bbox 1595 3358 1903 3431; x_wconf 68' lang='lat' dir='ltr'>conjectura</span> <span class='ocrx_word' id='word_1_228' title='bbox 1923 3376 2098 3413; x_wconf 82' lang='lat' dir='ltr'>earet:</span> <span class='ocrx_word' id='word_1_229' title='bbox 2121 3382 2246 3415; x_wconf 79' lang='lat' dir='ltr'>uam</span> 
     </span>
    </p>
   </div>
   <div class='ocr_carea' id='block_1_4' title="bbox 2801 1117 2805 2002">
    <p class='ocr_par' dir='ltr' id='par_1_4' title="bbox 2801 1117 2805 2002">
     <span class='ocr_line' id='line_1_27' title="bbox 2801 1117 2805 2002; baseline 0 0"><span class='ocrx_word' id='word_1_230' title='bbox 2801 1117 2805 2002; x_wconf 95' lang='lat' dir='ltr'> </span> 
     </span>
    </p>
   </div>
   <div class='ocr_carea' id='block_1_5' title="bbox 189 3436 2348 3514">
    <p class='ocr_par' dir='ltr' id='par_1_5' title="bbox 189 3436 2348 3514">
     <span class='ocr_line' id='line_1_28' title="bbox 189 3436 2348 3514; baseline 0.003 -25"><span class='ocrx_word' id='word_1_231' title='bbox 189 3436 413 3492; x_wconf 61' lang='lat' dir='ltr'>“melotis</span> <span class='ocrx_word' id='word_1_232' title='bbox 428 3441 673 3493; x_wconf 72' lang='lat' dir='ltr'>auderet.</span> <span class='ocrx_word' id='word_1_233' title='bbox 696 3462 719 3485; x_wconf 75' lang='grc' dir='ltr'>ιι</span> <span class='ocrx_word' id='word_1_234' title='bbox 746 3441 893 3491; x_wconf 87' lang='lat' dir='ltr'>Curt.</span> <span class='ocrx_word' id='word_1_235' title='bbox 914 3438 1158 3505; x_wconf 77' lang='lat' dir='ltr'>lib.v1ss‚</span> <span class='ocrx_word' id='word_1_236' title='bbox 1238 3443 1327 3492; x_wconf 86' lang='lat' dir='ltr'>cui</span> <span class='ocrx_word' id='word_1_237' title='bbox 1360 3460 1494 3491; x_wconf 82' lang='lat' dir='ltr'>uxor</span> <span class='ocrx_word' id='word_1_238' title='bbox 1531 3453 1608 3492; x_wconf 71' lang='lat' dir='ltr'>est</span> <span class='ocrx_word' id='word_1_239' title='bbox 1647 3440 1824 3505; x_wconf 87' lang='lat' dir='ltr'>domi,</span> <span class='ocrx_word' id='word_1_240' title='bbox 1867 3438 2027 3512; x_wconf 79' lang='lat' dir='ltr'>hujus</span> <span class='ocrx_word' id='word_1_241' title='bbox 2063 3445 2244 3511; x_wconf 77' lang='lat' dir='ltr'>potius</span> <span class='ocrx_word' id='word_1_242' title='bbox 2344 3510 2348 3514; x_wconf 15' lang='grc' dir='ltr'><em>η</em></span> 
     </span>
    </p>
   </div>
   <div class='ocr_carea' id='block_1_6' title="bbox 178 3518 2247 4238">
    <p class='ocr_par' dir='ltr' id='par_1_6' title="bbox 186 3518 2246 3753">
     <span class='ocr_line' id='line_1_29' title="bbox 186 3518 2241 3594; baseline 0.001 -21"><span class='ocrx_word' id='word_1_243' title='bbox 186 3532 285 3587; x_wconf 68' lang='lat'>⁰⁸1)-</span> <span class='ocrx_word' id='word_1_244' title='bbox 318 3536 365 3587; x_wconf 79' lang='grc'>7,</span> <span class='ocrx_word' id='word_1_245' title='bbox 399 3520 581 3592; x_wconf 66' lang='lat'>§.142</span> <span class='ocrx_word' id='word_1_246' title='bbox 627 3544 651 3567; x_wconf 81' lang='grc' dir='ltr'>ιι</span> <span class='ocrx_word' id='word_1_247' title='bbox 668 3520 905 3585; x_wconf 74' lang='lat' dir='ltr'>Miraris,</span> <span class='ocrx_word' id='word_1_248' title='bbox 934 3522 978 3574; x_wconf 84' lang='lat' dir='ltr'>si</span> <span class='ocrx_word' id='word_1_249' title='bbox 1005 3518 1160 3575; x_wconf 76' lang='lat' dir='ltr'>liberi</span> <span class='ocrx_word' id='word_1_250' title='bbox 1238 3540 1381 3573; x_wconf 75' lang='lat' dir='ltr'>mors</span> <span class='ocrx_word' id='word_1_251' title='bbox 1400 3540 1558 3594; x_wconf 78' lang='lat' dir='ltr'>quam</span> <span class='ocrx_word' id='word_1_252' title='bbox 1576 3522 1772 3592; x_wconf 67' lang='lat' dir='ltr'>nuptie</span> <span class='ocrx_word' id='word_1_253' title='bbox 1791 3523 1968 3592; x_wconf 77' lang='lat' dir='ltr'>optari</span> <span class='ocrx_word' id='word_1_254' title='bbox 1985 3538 2241 3593; x_wconf 76' lang='lat' dir='ltr'>possunt:</span> 
     </span>
     <span class='ocr_line' id='line_1_30' title="bbox 191 3596 2246 3675; baseline 0.003 -27"><span class='ocrx_word' id='word_1_255' title='bbox 191 3596 443 3657; x_wconf 76' lang='lat' dir='ltr'>-bomines</span> <span class='ocrx_word' id='word_1_256' title='bbox 479 3601 789 3675; x_wconf 70' lang='lat' dir='ltr'>superbiam</span> <span class='ocrx_word' id='word_1_257' title='bbox 832 3617 977 3655; x_wconf 76' lang='lat' dir='ltr'>mam</span> <span class='ocrx_word' id='word_1_258' title='bbox 1018 3604 1157 3655; x_wconf 79' lang='lat' dir='ltr'>ferre</span> <span class='ocrx_word' id='word_1_259' title='bbox 1240 3604 1315 3652; x_wconf 78' lang='lat' dir='ltr'>sic</span> <span class='ocrx_word' id='word_1_260' title='bbox 1363 3614 1421 3651; x_wconf 90' lang='lat' dir='ltr'>ut</span> <span class='ocrx_word' id='word_1_261' title='bbox 1475 3600 1722 3651; x_wconf 82' lang='lat' dir='ltr'>electioni</span> <span class='ocrx_word' id='word_1_262' title='bbox 1765 3614 1928 3671; x_wconf 70' lang='lat' dir='ltr'>raptae</span> <span class='ocrx_word' id='word_1_263' title='bbox 1976 3602 2246 3671; x_wconf 78' lang='lat' dir='ltr'>praescribi</span> 
     </span>
     <span class='ocr_line' id='line_1_31' title="bbox 192 3680 2242 3753; baseline 0.003 -24"><span class='ocrx_word' id='word_1_264' title='bbox 192 3698 209 3717; x_wconf 88' lang='lat'>·</span> <span class='ocrx_word' id='word_1_265' title='bbox 224 3694 319 3731; x_wconf 81' lang='lat' dir='ltr'>non</span> <span class='ocrx_word' id='word_1_266' title='bbox 339 3700 643 3752; x_wconf 75' lang='lat' dir='ltr'>possumus.</span> <span class='ocrx_word' id='word_1_267' title='bbox 664 3704 687 3728; x_wconf 81' lang='grc' dir='ltr'>ιι</span> <span class='ocrx_word' id='word_1_268' title='bbox 1238 3695 1438 3753; x_wconf 72' lang='lat' dir='ltr'>posset.</span> <span class='ocrx_word' id='word_1_269' title='bbox 1451 3680 1623 3733; x_wconf 87' lang='lat' dir='ltr'>Sinon</span> <span class='ocrx_word' id='word_1_270' title='bbox 1637 3699 1854 3733; x_wconf 81' lang='lat' dir='ltr'>uxorem</span> <span class='ocrx_word' id='word_1_271' title='bbox 1865 3681 2242 3735; x_wconf 73' lang='lat' dir='ltr'>habeo.AEnon.</span> 
     </span>
    </p>

    <p class='ocr_par' dir='ltr' id='par_1_7' title="bbox 178 3758 2247 4238">
     <span class='ocr_line' id='line_1_32' title="bbox 247 3758 2240 3833; baseline 0.003 -24"><span class='ocrx_word' id='word_1_272' title='bbox 247 3772 288 3809; x_wconf 79' lang='lat'>².</span> <span class='ocrx_word' id='word_1_273' title='bbox 305 3761 503 3831; x_wconf 75' lang='lat' dir='ltr'>Ecquid</span> <span class='ocrx_word' id='word_1_274' title='bbox 526 3758 777 3833; x_wconf 67' lang='lat' dir='ltr'>intelligis</span> <span class='ocrx_word' id='word_1_275' title='bbox 782 3762 903 3833; x_wconf 79' lang='lat' dir='ltr'>jam</span> <span class='ocrx_word' id='word_1_276' title='bbox 926 3778 1035 3812; x_wconf 78' lang='lat' dir='ltr'>non</span> <span class='ocrx_word' id='word_1_277' title='bbox 1056 3778 1157 3813; x_wconf 73' lang='lat' dir='ltr'>esse</span> <span class='ocrx_word' id='word_1_278' title='bbox 1240 3760 1371 3811; x_wconf 84' lang='lat' dir='ltr'>Tam</span> <span class='ocrx_word' id='word_1_279' title='bbox 1410 3780 1518 3811; x_wconf 80' lang='lat' dir='ltr'>non</span> <span class='ocrx_word' id='word_1_280' title='bbox 1547 3778 1648 3811; x_wconf 72' lang='lat' dir='ltr'>esse</span> <span class='ocrx_word' id='word_1_281' title='bbox 1676 3778 1890 3813; x_wconf 75' lang='lat' dir='ltr'>uxorem</span> <span class='ocrx_word' id='word_1_282' title='bbox 1919 3778 2036 3833; x_wconf 77' lang='lat' dir='ltr'>quoe</span> <span class='ocrx_word' id='word_1_283' title='bbox 2066 3764 2240 3817; x_wconf 75' lang='lat' dir='ltr'>obstet.</span> 
     </span>
     <span class='ocr_line' id='line_1_33' title="bbox 186 3838 2243 3913; baseline 0 -22"><span class='ocrx_word' id='word_1_284' title='bbox 186 3856 383 3893; x_wconf 71' lang='lat' dir='ltr'>mrem.</span> <span class='ocrx_word' id='word_1_285' title='bbox 410 3844 579 3910; x_wconf 73' lang='lat' dir='ltr'>Quasi</span> <span class='ocrx_word' id='word_1_286' title='bbox 602 3842 771 3907; x_wconf 80' lang='lat' dir='ltr'>dicat,</span> <span class='ocrx_word' id='word_1_287' title='bbox 793 3860 901 3894; x_wconf 89' lang='lat' dir='ltr'>non</span> <span class='ocrx_word' id='word_1_288' title='bbox 926 3841 1041 3895; x_wconf 75' lang='lat' dir='ltr'>sola</span> <span class='ocrx_word' id='word_1_289' title='bbox 1064 3860 1158 3913; x_wconf 87' lang='lat' dir='ltr'>op-</span> <span class='ocrx_word' id='word_1_290' title='bbox 1236 3838 1455 3891; x_wconf 72' lang='lat' dir='ltr'>Senum.</span> <span class='ocrx_word' id='word_1_291' title='bbox 1502 3838 1708 3911; x_wconf 76' lang='lat' dir='ltr'>Ecquid</span> <span class='ocrx_word' id='word_1_292' title='bbox 1751 3838 2000 3911; x_wconf 67' lang='lat' dir='ltr'>intelliqis</span> <span class='ocrx_word' id='word_1_293' title='bbox 2039 3858 2145 3891; x_wconf 81' lang='lat' dir='ltr'>non</span> <span class='ocrx_word' id='word_1_294' title='bbox 2187 3842 2243 3892; x_wconf 77' lang='lat' dir='ltr'>in</span> 
     </span>
     <span class='ocr_line' id='line_1_34' title="bbox 186 3918 2245 3991; baseline 0.001 -22"><span class='ocrx_word' id='word_1_295' title='bbox 186 3918 247 3966; x_wconf 81' lang='lat' dir='ltr'>tio</span> <span class='ocrx_word' id='word_1_296' title='bbox 278 3922 501 3987; x_wconf 78' lang='lat' dir='ltr'>suffieit,</span> <span class='ocrx_word' id='word_1_297' title='bbox 538 3936 600 3975; x_wconf 85' lang='lat' dir='ltr'>ut</span> <span class='ocrx_word' id='word_1_298' title='bbox 634 3923 811 3975; x_wconf 69' lang='lat' dir='ltr'>statim</span> <span class='ocrx_word' id='word_1_299' title='bbox 842 3920 1007 3974; x_wconf 80' lang='lat' dir='ltr'>veluti</span> <span class='ocrx_word' id='word_1_300' title='bbox 1040 3922 1159 3991; x_wconf 80' lang='lat' dir='ltr'>ipso</span> <span class='ocrx_word' id='word_1_301' title='bbox 1238 3937 1353 3970; x_wconf 78' lang='lat' dir='ltr'>eam</span> <span class='ocrx_word' id='word_1_302' title='bbox 1398 3938 1508 3971; x_wconf 74' lang='lat' dir='ltr'>non</span> <span class='ocrx_word' id='word_1_303' title='bbox 1540 3938 1684 3991; x_wconf 75' lang='lat' dir='ltr'>posse</span> <span class='ocrx_word' id='word_1_304' title='bbox 1723 3938 1931 3972; x_wconf 74' lang='lat' dir='ltr'>uxorem</span> <span class='ocrx_word' id='word_1_305' title='bbox 1948 3958 1966 3986; x_wconf 91' lang='lat'>‚</span> <span class='ocrx_word' id='word_1_306' title='bbox 2005 3922 2089 3971; x_wconf 76' lang='lat' dir='ltr'>cui</span> <span class='ocrx_word' id='word_1_307' title='bbox 2133 3920 2245 3973; x_wconf 73' lang='lat' dir='ltr'>alia</span> 
     </span>
     <span class='ocr_line' id='line_1_35' title="bbox 178 3996 2242 4074; baseline 0.004 -27"><span class='ocrx_word' id='word_1_308' title='bbox 178 3996 309 4062; x_wconf 74' lang='lat' dir='ltr'>jure,</span> <span class='ocrx_word' id='word_1_309' title='bbox 340 4018 473 4052; x_wconf 75' lang='lat' dir='ltr'>uxor</span> <span class='ocrx_word' id='word_1_310' title='bbox 503 4002 735 4073; x_wconf 72' lang='lat' dir='ltr'>raptoris</span> <span class='ocrx_word' id='word_1_311' title='bbox 763 4018 877 4053; x_wconf 74' lang='lat' dir='ltr'>esse</span> <span class='ocrx_word' id='word_1_312' title='bbox 904 4001 1125 4071; x_wconf 75' lang='lat' dir='ltr'>incipiat</span> <span class='ocrx_word' id='word_1_313' title='bbox 1143 4022 1157 4051; x_wconf 73' lang='grc' dir='ltr'><strong><em>ε</em></strong></span> <span class='ocrx_word' id='word_1_314' title='bbox 1240 4002 1436 4062; x_wconf 52' lang='lat' dir='ltr'>obstab-</span> <span class='ocrx_word' id='word_1_315' title='bbox 1459 3999 1542 4052; x_wconf 80' lang='lat' dir='ltr'>vel</span> <span class='ocrx_word' id='word_1_316' title='bbox 1573 4018 1690 4074; x_wconf 77' lang='lat' dir='ltr'>qnoe</span> <span class='ocrx_word' id='word_1_317' title='bbox 1721 4020 1828 4052; x_wconf 76' lang='lat' dir='ltr'>non</span> <span class='ocrx_word' id='word_1_318' title='bbox 1861 4000 2048 4066; x_wconf 71' lang='lat' dir='ltr'>obstat,</span> <span class='ocrx_word' id='word_1_319' title='bbox 2077 4018 2242 4073; x_wconf 77' lang='lat' dir='ltr'>marg.</span> 
     </span>
     <span class='ocr_line' id='line_1_36' title="bbox 182 4077 2247 4155; baseline 0.001 -27"><span class='ocrx_word' id='word_1_320' title='bbox 182 4077 263 4128; x_wconf 73' lang='lat' dir='ltr'>sed</span> <span class='ocrx_word' id='word_1_321' title='bbox 286 4093 337 4131; x_wconf 81' lang='lat' dir='ltr'>et</span> <span class='ocrx_word' id='word_1_322' title='bbox 353 4082 706 4155; x_wconf 74' lang='lat' dir='ltr'>jurejurando</span> <span class='ocrx_word' id='word_1_323' title='bbox 736 4096 790 4135; x_wconf 84' lang='lat' dir='ltr'>et</span> <span class='ocrx_word' id='word_1_324' title='bbox 810 4081 1025 4135; x_wconf 82' lang='lat' dir='ltr'>decreto</span> <span class='ocrx_word' id='word_1_325' title='bbox 1050 4100 1162 4135; x_wconf 72' lang='lat' dir='ltr'>ma·</span> <span class='ocrx_word' id='word_1_326' title='bbox 1240 4080 1421 4133; x_wconf 79' lang='lat' dir='ltr'>AErod.</span> <span class='ocrx_word' id='word_1_327' title='bbox 1455 4082 1568 4151; x_wconf 79' lang='lat' dir='ltr'>ipse</span> <span class='ocrx_word' id='word_1_328' title='bbox 1599 4098 1812 4133; x_wconf 76' lang='lat' dir='ltr'>uxorem</span> <span class='ocrx_word' id='word_1_329' title='bbox 1824 4116 1842 4145; x_wconf 91' lang='lat'>,</span> <span class='ocrx_word' id='word_1_330' title='bbox 1867 4079 2119 4150; x_wconf 75' lang='lat' dir='ltr'>quoniam</span> <span class='ocrx_word' id='word_1_331' title='bbox 2152 4100 2247 4153; x_wconf 80' lang='grc' dir='ltr'>ορ-</span> 
     </span>
     <span class='ocr_line' id='line_1_37' title="bbox 182 4158 1612 4238; baseline -0.003 -23"><span class='ocrx_word' id='word_1_332' title='bbox 182 4158 405 4226; x_wconf 69' lang='lat' dir='ltr'>gistnttu</span> <span class='ocrx_word' id='word_1_333' title='bbox 420 4182 557 4238; x_wconf 70' lang='lat' dir='ltr'>opus</span> <span class='ocrx_word' id='word_1_334' title='bbox 570 4178 670 4219; x_wconf 76' lang='lat' dir='ltr'>est·</span> <span class='ocrx_word' id='word_1_335' title='bbox 692 4167 839 4217; x_wconf 69' lang='lat' dir='ltr'>Prius</span> <span class='ocrx_word' id='word_1_336' title='bbox 856 4165 1015 4235; x_wconf 71' lang='lat' dir='ltr'>igitur</span> <span class='ocrx_word' id='word_1_337' title='bbox 1034 4180 1164 4215; x_wconf 82' lang='lat' dir='ltr'>uxo·</span> <span class='ocrx_word' id='word_1_338' title='bbox 1242 4172 1345 4227; x_wconf 79' lang='lat' dir='ltr'>tat,</span> <span class='ocrx_word' id='word_1_339' title='bbox 1370 4164 1427 4214; x_wconf 82' lang='lat' dir='ltr'>iu</span> <span class='ocrx_word' id='word_1_340' title='bbox 1450 4173 1612 4212; x_wconf 85' lang='lat' dir='ltr'>textu.</span> 
     </span>
    </p>
   </div>
   <div class='ocr_carea' id='block_1_7' title="bbox 371 4247 1964 4305">
    <p class='ocr_par' dir='ltr' id='par_1_8' title="bbox 371 4247 1964 4305">
     <span class='ocr_line' id='line_1_38' title="bbox 371 4247 1964 4305; baseline -0.003 0"><span class='ocrx_word' id='word_1_341' title='bbox 371 4252 423 4305; x_wconf 82' lang='lat'>6.</span> <span class='ocrx_word' id='word_1_342' title='bbox 1929 4247 1964 4301; x_wconf 84' lang='lat'>6</span> 
     </span>
    </p>
   </div>
  </div>
 </body>
</html>
