2855 4871
585 434 1429 501 DECLAMA‘moNES.
1478 436 1926 505 CCLxxxL
2188 442 2305 533 157
2400 396 2413 405 ’

201 702 2201 731 mmmm-mmmm
2207 713 2305 733 m

957 904 1549 982 CCLXXXI.

795 1132 1239 1207 Abdicandus
1265 1160 1424 1206 cum
1448 1134 1706 1234 qladio.

203 1336 321 1414 Qui
350 1334 706 1411 abdicatur,
735 1336 1132 1397 contradicit:
1169 1338 1332 1399 inter
1353 1359 1561 1401 moras
1578 1340 1799 1422 judicii
1816 1386 1834 1417 ,
1862 1342 2073 1404 stricto
2098 1344 2308 1427 gladio

281 1436 552 1495 occurrit
582 1436 650 1493 in
685 1434 1020 1495 solitudine
1055 1438 1250 1517 patri:
1285 1438 1565 1517 rogavit,
1601 1452 1673 1499 ut
1709 1440 1826 1499 sibi
1858 1442 2309 1505 abdicationem

279 1534 617 1595 remitteret
636 1578 654 1609 ,
688 1546 752 1594 et
785 1536 987 1616 coegit
1013 1532 1263 1617 jurare:
1307 1535 1541 1615 juravit
1569 1537 1708 1614 ille,
1736 1550 1797 1599 et
1826 1555 2069 1603 accusat
2103 1540 2308 1603 filium

279 1631 614 1713 parn'cidii.

1073 1768 1443 1835 SERMO.

287 1933 682 1997 Narratione
725 1928 1229 2021 praeparandum
1264 1947 1398 2011 est,
1441 1948 1516 1996 ut
1553 1932 1872 2021 quoniam
1912 1936 2094 2001 nulla
2130 1953 2309 2003 certa

203 2060 394 2105 causa
419 2056 524 2103 est
544 2037 976 2103 abdicationis
993 2087 1010 2115 ‚
1037 2033 1340 2102 videatur
1361 2054 1552 2125 pater
1572 2038 1905 2127 parricidii
1930 2044 2307 2131 suspicione

207 2145 474 2225 fecisse,
517 2160 585 2209 et
621 2144 739 2209 has
771 2142 1042 2208 insidias
1076 2142 1479 2232 praevidisse.
1516 2144 1929 2227 Quaestiones
1962 2147 2091 2213 iuae
2122 2166 2306 2229 sunt,

205 2274 286 2316 an
312 2250 400 2316 ad
425 2250 652 2340 legem
677 2248 1010 2339 parricidii
1040 2249 1192 2314 satis
1207 2250 1303 2337 ,sit
1325 2249 1609 2339 probare
1627 2301 1644 2329 ‚
1676 2252 1803 2317 hoc
1828 2254 1897 2317 in
1920 2275 2038 2319 reo
2066 2277 2307 2347 propo·

207 2358 403 2422 situm
425 2358 668 2423 fuisse:
700 2380 785 2421 au
806 2357 938 2422 hoc
961 2356 1379 2446 propositum
1402 2356 1561 2422 huic
1585 2358 1809 2425 fuerit.

901 2552 1608 2620 DECLAMATIO.

307 2710 624 2784 Primum
659 2712 794 2784 hoc
820 2711 995 2784 mihi
1029 2711 1401 2811 responde,
1439 2739 1531 2784 an
1562 2712 1852 2785 occisuri
1880 2712 2126 2785 habitu
2154 2714 2311 2785 fue-

209 2828 306 2900 ris
335 2855 352 2898 :
393 2855 531 2900 non
560 2828 752 2900 enim
785 2829 916 2900 tibi
947 2829 1254 2928 proderit
1283 2825 1522 2901 dixisse
1541 2885 1560 2918 ,
1585 2857 1729 2901 non
1751 2829 1901 2902 feci.
1924 2833 2311 2930 Nunquam

207 2969 410 3014 mens
457 2942 638 3014 exitu
685 2943 1094 3016 aestimanda
1138 2965 1290 3016 est:
1344 2970 1514 3016 nam
1562 2963 1627 3016 et
1673 2945 1797 3042 qui
1839 2945 2184 3045 impetum
2234 2945 2308 3016 in

205 3079 478 3156 patrem
525 3055 756 3128 stricto
801 3057 1032 3155 gladio
1078 3058 1382 3145 fecisset,
1433 3078 1771 3150 retentus,
1821 3059 2114 3150 diceret,
2164 3087 2313 3164 non·

206 3173 472 3246 occidi:
500 3173 558 3245 si
580 3200 936 3246 venenum
959 3195 1278 3274 paratum
1310 3175 1954 3274 deprehendissem,
1988 3175 2306 3268 ¹dicereS,

205 3317 350 3362 non
391 3290 656 3362 occidi:
694 3291 871 3387 quin
905 3291 1118 3364 etiam
1150 3292 1203 3363 si
1233 3293 1655 3392 permittitur
1686 3293 1812 3367 ista
1847 3291 2159 3364 defensio
2187 3322 2205 3381 3
2244 3312 2312 3363 et

201 3405 316 3478 ille
366 3426 594 3504 potest
638 3405 863 3480 dicere
914 3434 983 3480 se
1034 3434 1180 3480 non
1226 3408 1599 3499 occidisse,
1650 3408 1775 3508 qui
1826 3433 2309 3507 percussorem

203 3524 654 3597 summiserit.
691 3524 863 3596 Satis
897 3551 1059 3624 ergo
1095 3547 1194 3598 est
1225 3527 1516 3626 probare
1551 3527 1875 3599 animum
1910 3523 2305 3625 parricidae:

206 3659 548 3738 superest,
568 3660 649 3711 ut
669 3641 999 3739 cogitetis,
1026 3669 1114 3714 an
1137 3637 1250 3714 hic
1275 3642 1598 3714 animum
1619 3641 1961 3714 habuerit.
1988 3641 2060 3714 Si
2086 3639 2311 3713 occul-

209 3755 346 3828 tius
379 3777 554 3829 esset
587 3757 989 3858 conjectura
1031 3759 1386 3851 ducenda,
1426 3760 1767 3851 dicerem,
1810 3780 2086 3858 turpem
2135 3757 2309 3830 ado·
2342 3747 2349 3758 ’

205 3871 582 3944 lescentem
605 3899 620 3943 :
645 3871 950 3945 dicerem
968 3931 988 3965 ,
1015 3873 1380 3947 abdicatus
1402 3895 1533 3948 est:
1568 3875 1691 3948 etsi
1722 3875 2055 3946 innocens
2084 3871 2307 3969 magis

205 3989 456 4085 poterit
503 3988 722 4060 irasci.
773 3990 906 4062 Sed
953 3991 1122 4087 quid
1171 4017 1453 4064 causam
1502 3991 1787 4064 infirmo
1834 3986 2181 4061 dicendo?
2232 3987 2305 4059 in

290 4172 332 4208 1.
355 4157 814 4249 Deprehendissent
826 4199 844 4226 ‚
865 4159 1074 4214 diceres.
1097 4161 1303 4214 Diceret
1323 4163 1575 4214 Francius
1598 4157 1857 4220 malebat,
1880 4156 2023 4208 etita
2041 4152 2303 4208 AErodiun.
