2855 4871
609 418 739 500 284
870 430 879 441 ·
1112 416 1206 481 M.
1252 414 1506 478 FAssn
1551 412 2192 496 Qnm‘rlmAm

610 539 895 631 accidit,
926 538 1194 611 nullam
1232 536 1420 638 apud
1452 537 1613 609 istos
1641 538 1787 610 fore
1820 537 2142 610 amicitiae
2175 566 2501 630 summae,
2539 544 2722 613 nul-

608 656 750 729 lam
783 655 1027 727 nostrae
1053 652 1565 755 conjunctionis
1595 652 2040 724 reverentiam
2067 680 2080 721 ε
2120 652 2296 725 ratio
2324 680 2486 753 ergo
2511 674 2722 728 testa·

611 772 836 845 menti
861 771 1017 843 talis
1036 791 1154 842 est.
1178 772 1281 842 Ne
1295 770 1415 871 jus
1439 768 1725 869 quidem
1753 768 2054 841 dubium
2077 790 2248 861 erat,
2285 770 2496 842 etiam
2521 794 2724 843 ante·

612 913 827 985 quam
850 884 1117 957 veniret
1145 884 1220 954 in
1252 882 1552 955 dubium
1575 896 1623 953 ¹.
1654 883 1834 956 Petis
1867 910 1908 955 a
1939 909 2054 954 me
2090 883 2333 956 decem
2365 883 2602 959 millia
2637 914 2722 959 ex

614 1022 1020 1077 testamento
1044 1000 1316 1101 patroni
1343 999 1448 1071 tui
1479 1027 1494 1071 :
1525 1000 1902 1099 interrogo,
1939 1026 2030 1071 an
2055 1000 2202 1072 dari
2218 1002 2506 1101 jusserit
2535 1002 2723 1076 tibi?

611 1118 1065 1220 quantaelibet
1092 1115 1182 1188 sis
1211 1113 1701 1213 impudentiae,
1742 1115 2298 1188 non‘mentieris.
2335 1118 2578 1206 Quare
2623 1146 2719 1190 ne

613 1234 735 1306 illa
766 1231 1055 1333 quidem
1089 1229 1216 1302 tibi
1244 1229 1450 1320 actio,
1488 1255 1642 1326 quae
1673 1229 2012 1303 invidiam
2047 1230 2272 1302 facere
2311 1229 2486 1303 solet
2521 1233 2726 1332 lega-

610 1370 765 1421 tum
808 1372 955 1419 non
996 1344 1453 1432 solventibus,
1489 1343 1724 1415 relicta
1763 1364 1898 1435 est,
1939 1364 2016 1415 ut
2051 1343 2286 1417 dicas:
2329 1345 2548 1437 Quod
2589 1374 2769 1447 ego·-

614 1463 881 1555 merui,
916 1460 1105 1563 quod
1135 1488 1262 1561 ego
1289 1460 1449 1561 jure
1482 1481 1664 1559 peto.
1695 1460 2014 1561 Repetis,
2048 1460 2242 1559 quod
2278 1460 2405 1534 tibi
2437 1488 2587 1539 non
2625 1486 2728 1536 est

614 1576 933 1650 relictum
969 1603 983 1647 :
1022 1602 1266 1647 verum
1308 1576 1442 1647 hoc
1482 1601 1624 1647 esse
1661 1573 2120 1646 manifestum
2164 1595 2283 1648 est.
2332 1575 2515 1649 Petit
2547 1574 2730 1650 alter

612 1690 822 1792 prior,
852 1692 972 1792 qui
1007 1692 1137 1764 sibi
1168 1691 1391 1789 magis
1420 1690 1676 1789 dignus
1693 1689 2098 1763 videbatur:
2131 1717 2272 1787 quo
2304 1711 2588 1789 petente
2621 1714 2730 1765 ta-

612 1806 857 1879 cuisti:
894 1834 1037 1878 non
1070 1828 1307 1880 tamen
1340 1805 1648 1877 obtinuit
1676 1803 1784 1895 id,
1809 1803 2001 1903 quod
2035 1804 2233 1876 nullo
2256 1803 2418 1905 jure
2452 1828 2728 1905 poterat

616 1920 959 2014 obtinere,
995 1942 1073 1994 ut
1109 1921 1450 2022 acciperet
1482 1920 1793 2019 legatum
1827 1920 2202 1993 incertum.
2233 1920 2370 1993 Sed
2401 1918 2538 1993 hoc
2572 1921 2726 2021 ipso

616 2058 938 2138 apparet,
973 2038 1244 2138 inquit,
1272 2036 1506 2109 deberi
1541 2032 1757 2125 mihi,
1793 2035 1985 2136 quod
2015 2035 2170 2125 ille,
2195 2063 2424 2133 quum
2449 2036 2729 2138 judicio

620 2151 1118 2241 contendisset,
1138 2152 1359 2225 victus
1384 2171 1522 2223 est:
1551 2150 1877 2220 nondum
1903 2150 2278 2247 diligenter
2295 2150 2504 2224 verba
2531 2172 2732 2225 testa-

616 2268 839 2340 menti
882 2266 1131 2365 legis2:
1169 2293 1317 2338 non
1360 2264 1549 2336 enim
1593 2265 1726 2335 hoc
1769 2263 2107 2364 scriptum
2152 2286 2255 2337 est
2286 2286 2612 2358 tantum,
2652 2289 2732 2340 ut

618 2380 817 2456 alteri
852 2408 934 2454 ex
964 2379 1228 2454 libertis
1257 2379 1541 2452 darem:
1581 2377 1704 2452 sed
1738 2378 1950 2471 illud,
1981 2406 2120 2477 quo
2151 2380 2330 2454 mihi
2369 2402 2440 2454 et
2473 2382 2728 2484 plena,

620 2517 717 2588 et,
744 2523 886 2596 quo
920 2496 1143 2594 magis
1177 2494 1443 2585 doleas,
1478 2515 1817 2594 perpetua
1851 2494 2126 2567 libertas
2165 2496 2434 2586 relicta3
2476 2496 2728 2574 darem

621 2611 762 2685 utri
794 2607 1065 2685 vellem.
1102 2613 1283 2710 Ergo
1316 2610 1372 2682 si
1405 2609 1540 2683 hoc
1578 2637 1722 2682 non
1758 2609 1940 2683 cadit
1972 2611 2049 2682 in
2084 2637 2318 2683 rerum
2356 2634 2724 2703 naturam,

623 2735 703 2801 u't
731 2755 856 2828 ego
886 2727 986 2800 illi
1012 2726 1256 2800 malim
1280 2727 1443 2799 dare
1463 2784 1481 2817 ,
1511 2726 1633 2824 qui
1663 2752 1942 2798 mecum
1966 2727 2348 2817 contendit,
2375 2754 2727 2827 sperares;

621 2865 742 2916 aut
768 2845 824 2916 si
856 2844 987 2918 hoc
1010 2844 1305 2944 probare
1324 2865 1548 2944 poteS,
1582 2870 1696 2916 me
1719 2842 1846 2914 tibi
1875 2843 2113 2935 malle,
2143 2844 2431 2917 forsitan
2445 2845 2723 2947 jndicio

622 2985 901 3058 quoque
927 2986 1071 3032 non
1092 2959 1333 3057 inique
1355 2957 1827 3031 contenderes.
1853 2957 2221 3059 Siquidem
2240 2980 2580 3032 neutrum
2601 2960 2719 3033 ho-

627 3099 786 3143 rum
816 3072 955 3146 tale
982 3095 1113 3163 est,
1140 3095 1217 3146 ut
1245 3094 1484 3146 contra
1510 3100 1625 3145 me
1658 3072 1781 3162 sit,
1811 3073 1968 3146 satis
2000 3074 2091 3145 sit
2114 3072 2394 3171 utrique
2413 3096 2724 3148 vestrum

623 3187 994 3285 separatim
1031 3188 1288 3278 dicere,
1316 3186 1482 3259 Tibi
1515 3186 1704 3264 nolo.
1740 3187 1852 3259 Sic
1881 3213 2044 3287 ergo
2071 3186 2516 3288 respondebis
2550 3217 2726 3262 sem-

702 3364 719 3398 ι
734 3385 746 3398 .
772 3345 985 3400 Veniret
1008 3348 1062 3398 in
1084 3349 1316 3400 dubium.
1344 3350 1554 3402 Veniret
1571 3351 1628 3402 in
1713 3374 1738 3398 a
1757 3353 2004 3404 meritum
2037 3350 2342 3404 hereditatis
2379 3350 2676 3423 capiendae.
2697 3375 2722 3406 ιε

616 3427 893 3500 judicium.
920 3429 1039 3482 Sca.
1066 3428 1207 3483 Nihil
1228 3445 1393 3483 muto.
1414 3431 1626 3484 Terent.
1709 3433 1746 3484 1.
1782 3432 1843 3485 16
1867 3434 1922 3484 in
1945 3433 2036 3485 fin.
2061 3435 2129 3485 D.
2154 3433 2220 3485 de
2243 3445 2398 3486 castr.
2423 3451 2544 3504 pec.
2575 3435 2722 3484 Pn-u.

625 3507 812 3578 Adelp.
838 3509 911 3576 11,
939 3525 965 3558 2
980 3547 996 3574 ,
1021 3509 1089 3563 35
1111 3531 1124 3559 :
1158 3531 1181 3556 κ
1200 3511 1374 3562 Etiam
1396 3509 1463 3563 de
1487 3525 1630 3564 sorte
1709 3545 1780 3555 -—-·
1799 3515 1941 3566 Petit
1956 3515 2104 3568 alter.
2133 3515 2294 3566 Petiit
2315 3515 2476 3578 alter,
2503 3514 2691 3566 AErod.

632 3609 654 3632 ι
674 3589 818 3637 nunc
856 3587 1011 3638 venio
1048 3589 1104 3639 in
1144 3587 1384 3641 dubium.
1406 3613 1430 3636 υ
1473 3588 1628 3644 Ovid.
1783 3611 1834 3646 2.
1861 3595 2117 3648 Nondum
2140 3594 2419 3669 diligenter
2445 3594 2608 3645 verba
2641 3605 2728 3646 tes-

625 3668 790 3739 Epist.
820 3669 968 3734 xvl,
994 3669 1120 3723 138:
1152 3693 1175 3716 e·
1194 3673 1255 3722 In
1280 3671 1503 3723 dubium
1525 3676 1630 3724 Ve-
1711 3674 1929 3724 tomenti
1949 3672 2090 3745 legis.
2114 3672 2319 3738 Scribe,
2345 3672 2534 3745 leqisti.
2555 3673 2726 3725 Giton.

632 3773 655 3796 ι
674 3751 814 3803 neris
829 3749 1007 3822 palma
1022 3752 1203 3804 futura
1217 3752 1480 3806 suin-Ubi
1489 3751 1628 3820 vide,
1711 3755 1791 3807 Ita
1817 3766 1868 3803 et
1894 3749 2186 3823 Schulting.
2212 3781 2284 3790 -
2305 3753 2565 3824 Sper-ares.
2603 3753 2730 3823 Spe-

632 3847 743 3901 quae
776 3845 1038 3883 notamus.
1074 3831 1245 3883 Bmm.
1269 3861 1343 3871 -—-
1371 3833 1441 3884 Ut
1461 3831 1629 3896 dicas,
1712 3849 1828 3883 rare
1837 3841 2009 3902 potes,
2035 3843 2092 3882 ut
2109 3831 2202 3882 tibi
2217 3829 2440 3882 malim?
2461 3831 2730 3883 AErod.—-

630 3911 785 3982 Quod
798 3931 893 3986 eqo
914 3914 1096 3966 merui.
1128 3911 1209 3965 Sic
1234 3913 1378 3984 legen
1400 3914 1638 3984 Respicit
1714 3908 1852 3962 Satis
1868 3911 1948 3961 sit.
1971 3910 2107 3964 Satis
2127 3921 2197 3962 est
2218 3909 2423 3980 utrique
2443 3931 2491 3962 v.
2517 3913 2648 3964 satis
2667 3919 2734 3960 est

626 3987 730 4042 hoc
750 3991 1145 4063 quodammodo
1165 3992 1448 4044 formulam
1472 3994 1640 4044 actio-
1715 3989 1992 4059 separatim
2011 3988 2102 4041 tibi
2116 3988 2307 4053 dicere,
2330 3989 2424 4040 tibi
2440 3988 2570 4042 dare
2593 3988 2726 4042 nolo.

630 4071 740 4122 nis:
762 4070 880 4125 vide
899 4071 1138 4136 Declam.
1160 4070 1466 4126 CCCXXV:
1494 4094 1516 4117 ιι
1535 4091 1639 4122 me-
1717 4071 1776 4122 Si
1787 4088 1906 4143 erqo
1923 4071 2020 4123 hoc
2037 4067 2383 4144 respondebis,
2401 4071 2574 4124 merui
2585 4113 2606 4140 ,
2619 4089 2730 4122 eem-

638 4170 661 4193 ·
682 4149 843 4202 ritum
875 4150 1047 4222 legati.
1070 4178 1093 4200 n
1121 4152 1158 4205 l.
1194 4171 1261 4223 9,
1290 4153 1356 4204 D.
1388 4170 1491 4225 pro
1527 4167 1636 4204 soc.
1719 4169 1814 4222 per
1827 4163 1960 4222 puta
1980 4169 2063 4202 me
2081 4151 2278 4215 dicero,
2298 4147 2475 4201 AErod.
