2855 4871
554 398 682 465 300
1056 400 1156 463 M.
1193 396 1457 477 ,FABII
1502 395 2137 479 QUINTILIANI

441 578 448 583 .
555 546 762 593 ooenae
795 520 927 593 fide
949 536 996 592 ¹.
1025 521 1138 593 Sic
1169 518 1450 593 defendi
1482 519 1768 591 decebat
1796 518 2272 591 innocentiam
2291 578 2310 609 ,
2340 522 2461 593 sed
2492 548 2661 619 qua·

553 655 755 707 tenus
786 656 1146 732 tamquam
1175 634 1471 731 maligni
1501 632 1887 733 loquimur,
1914 655 2255 731 quatenus
2284 654 2655 735 tamquam

555 749 894 847 suspecti,
933 750 1008 820 in
1048 747 1405 847 praesentia
1434 747 1753 846 seponite
1789 768 2097 820 mentem
2126 776 2359 821 meam
2384 806 2405 839 ,
2448 776 2661 849 sepo-

555 865 696 936 nite
717 865 1242 954 fraternitatem,
1267 862 1577 961 seponite
1598 883 1987 936 anteactam
2008 863 2219 936 vitam
2240 892 2257 934 :
2286 884 2655 963 tamquam

557 978 641 1051 de
671 980 1001 1051 veneficio
1038 978 1315 1077 loquor,
1350 1005 1491 1077 quo
1524 978 1761 1051 minus
1792 977 1944 1049 loco
1966 1034 1990 1067 ,
2028 1005 2170 1076 quo
2204 978 2443 1051 minus
2476 1000 2660 1061 tem-

555 1119 720 1190 pore
749 1093 917 1165 dare
951 1092 1142 1163 fratri
1175 1118 1332 1163 meo
1363 1092 1729 1164 debuerim
1763 1119 2135 1165 venenum.
2174 1096 2421 1192 Neque
2456 1095 2655 1186 enim

553 1208 930 1305 quisquam
957 1206 1266 1296 dubitat,
1285 1206 1557 1307 judices
1573 1261 1591 1296 ‚
1616 1208 1791 1306 quin
1815 1208 2119 1281 faciendi
2142 1208 2403 1281 scelera
2430 1208 2661 1280 consi-

554 1321 736 1393 lium
755 1336 779 1366 ²
810 1349 958 1397 non
985 1348 1202 1393 unam
1231 1322 1418 1395 viam
1454 1322 1829 1413 intueatur,
1858 1344 1938 1397 ut
1966 1324 2053 1395 ad
2084 1350 2447 1397 summam
2472 1323 2659 1422 cogi-

555 1438 672 1509 tati
707 1437 1148 1537 inclinatique
1177 1438 1559 1537 perveniat;
1588 1438 1707 1511 sed
1734 1438 1926 1511 illam
1952 1439 2267 1530 alteram,
2296 1438 2407 1511 vel
2432 1440 2657 1537 magis

557 1553 1008 1625 necessariam
1031 1609 1050 1642 ,
1085 1574 1152 1625 et
1183 1536 1336 1651 quae
1369 1554 1648 1653 penitus
1686 1554 1759 1625 in
1796 1554 2329 1654 cogitationibus
2373 1555 2657 1643 sedeat,

559 1686 634 1737 ut
660 1668 916 1757 sceluS,
935 1668 1125 1768 quod
1147 1670 1533 1758 commisit,
1562 1691 1789 1768 neget.
1808 1673 2187 1743 Venenum
2210 1670 2339 1742 do:
2366 1690 2440 1742 et
2464 1669 2657 1741 unde

555 1783 740 1872 scio,
785 1810 876 1855 an
925 1784 1253 1857 exhausta
1294 1786 1579 1884 potione
1630 1785 1863 1857 statim
1916 1783 2287 1857 concidat?
2326 1775 2657 1857 venit'ad

458 1958 473 1975 .
557 1925 876 1972 mensam
928 1928 1158 1975 meam
1203 1930 1216 1972 :
1272 1902 1453 1974 inter
1498 1895 1815 1975 convivas
1861 1928 2052 1975 meos
2102 1901 2401 1999 exspirat
2444 1899 2658 1971 frater

557 2040 789 2103 meus;
827 2017 900 2088 in
933 2044 1148 2116 quem
1177 2018 1400 2090 scelus
1430 2015 1925 2091 translaturus?
1954 2043 2171 2116 quem
2202 2014 2501 2087 deorum
2536 2013 2659 2085 ho-

555 2130 976 2229 minumque
1013 2131 1488 2204 invocaturus!
1520 2134 1681 2205 Non
1716 2130 1855 2203 fuit
1886 2156 2049 2230 ergo
2085 2130 2277 2202 locus
2314 2129 2617 2201 idoneus
2638 2184 2655 2216 ,

557 2270 698 2315 non
738 2247 872 2318 fuit
909 2268 1226 2345 tempus:
1273 2246 1533 2348 adjice,
1566 2246 1759 2346 quod
1798 2273 1927 2345 ego
1968 2246 2259 2319 daturus
2298 2270 2655 2317 venenum

556 2360 749 2457 potui
780 2360 1060 2452 timere,
1096 2388 1186 2433 ne
1218 2361 1795 2463 deprehenderet,
1826 2388 1915 2433 ne
1942 2359 2406 2461 praesentiret,
2436 2386 2533 2431 ne
2561 2360 2657 2430 in-

556 2473 930 2573 telligeret,
965 2504 1056 2549 ne
1096 2477 1323 2552 colore
1367 2506 1720 2550 venenum
1760 2477 2353 2578 deprehenderet,
2394 2503 2483 2546 ne
2520 2501 2657 2572 qua

553 2589 652 2661 vis
699 2591 930 2664 odoris
970 2619 1040 2664 se
1085 2593 1497 2666 ostenderet.
1547 2593 1744 2666 Nulli
1787 2620 2143 2666 venenum
2178 2590 2458 2687 facilius
2508 2588 2655 2661 dari

555 2727 813 2805 potest,
842 2735 1058 2806 quam
1089 2710 1214 2809 qui
1241 2711 1493 2809 accipit
1521 2709 1763 2808 utique
1794 2731 2155 2809 tamquam
2182 2706 2661 2780 medicamen·-

555 2843 749 2894 tum:
793 2851 956 2922 ergo
997 2825 1280 2898 nullum
1329 2825 1701 2898 consilium
1744 2824 2015 2898 sceleris
2062 2823 2199 2894 mei
2246 2842 2367 2894 est.
2423 2823 2513 2892 At
2556 2819 2655 2892 tui

557 2957 816 3033 quanta
839 2940 1141 3011 occasio?
1163 2965 1594 3038 quamquam
1621 2938 1711 3010 de
1740 2938 1869 3010 hac
1888 2957 2133 3038 ‘postea
2158 2937 2439 3033 loquar:
2468 2932 2658 3033 paul-

556 3052 708 3124 lum
739 3055 932 3128 enim
965 3083 1080 3128 me
1113 3055 1508 3155 interpellat
1538 3055 1707 3126 ordo
1727 3113 1746 3145 ,
1793 3076 1873 3127 ut
1916 3054 2090 3128 illud
2128 3051 2655 3124 defendendum

559 3168 984 3258 existimem,
1021 3169 1214 3268 quod
1250 3171 1531 3242 fratrem
1570 3195 1819 3242 meum
1855 3168 1955 3240 ait
1988 3168 2442 3267 suspicatum.
2482 3169 2656 3235 Ante

557 3284 836 3371 omnia,
859 3283 1165 3386 judices,
1203 3286 1394 3386 quod
1427 3285 1517 3358 sit
1554 3284 1727 3357 illud
1766 3283 2179 3383 suspicionis
2212 3306 2475 3380 genuS,
2514 3303 2653 3350 non

559 3397 922 3498 intelligo:
977 3419 1344 3499 postquam
1397 3401 1665 3472 biberat
1688 3458 1707 3490 ,
1763 3399 2112 3498 fingamus
2160 3395 2345 3467 cibos
2392 3392 2657 3464 redun-

557 3513 794 3606 dasse3
855 3515 1201 3616 fingamus
1241 3517 1551 3617 aliquem
1592 3542 1879 3588 sensum
1918 3507 2371 3614 interiorum³
2400 3509 2653 3582 fuisse:

635 3663 680 3700 1.
705 3651 884 3704 Media
915 3671 1072 3706 coenoe
1088 3650 1220 3725 fide.
1255 3652 1316 3704 ld
1341 3667 1420 3707 est
1436 3693 1453 3722 ,
1480 3655 1564 3705 in·
1644 3649 1863 3716 seelera,
1886 3649 2191 3712 eonsilium,
2214 3663 2325 3698 non
2346 3661 2529 3696 unam.
2544 3643 2655 3712 Ego

559 3732 916 3794 terveniente3
941 3745 1002 3783 ut
1023 3731 1164 3784 Flor.
1191 3734 1290 3799 111,
1321 3749 1340 3784 ι
1365 3754 1378 3784 =
1410 3755 1434 3780 ι
1454 3733 1567 3784 Me.-
1646 3729 1854 3782 malim:
1878 3729 2009 3803 quin
2020 3725 2265 3801 faciendi
2281 3722 2481 3777 sceleris
2496 3737 2657 3773 cons·-

563 3831 586 3854 ι
604 3808 694 3861 dio
719 3812 854 3880 regis
879 3813 1068 3882 capite.
1093 3834 1115 3858 ι
1139 3811 1358 3864 Senum.
1377 3812 1567 3863 Iacue-
1648 3812 1781 3863 lium
1828 3831 1937 3864 non
1982 3829 2143 3861 unam
2189 3809 2329 3861 viam
2370 3808 2653 3858 intueatur.

560 3905 614 3937 re
630 3908 646 3936 .·
673 3888 748 3939 ita
769 3889 938 3940 media
961 3887 1285 3963 mnesides,
1313 3889 1568 3940 AErod.-·
1646 3891 1813 3943 Grion.
1840 3920 1911 3932 —
1937 3890 2005 3940 In
2036 3885 2441 3963 cogitationibus
2470 3883 2654 3936 sedeat.

561 3966 754 4019 Memoe
769 3969 1052 4020 accubuere
1061 4009 1080 4036 ‚
1107 3987 1306 4039 margo.
1652 3967 2057 4040 Cogitationibus
2079 3966 2249 4018 sedeat
2262 4001 2281 4028 ,
2302 3959 2482 4014 AErod.
2510 3959 2653 4033 00ςί-

635 4061 683 4096 2.
727 4047 866 4116 Quin
897 4047 1141 4120 faciendi
1171 4045 1362 4099 scelera
1397 4047 1568 4098 consi-
1648 4050 1925 4104 nationibus
1948 4049 2191 4112 insideat,
2218 4045 2286 4099 al.

559 4122 708 4180 liam.
735 4129 1008 4183 AErodius:
1034 4131 1166 4203 quin
1177 4127 1434 4200 faciendo
1456 4129 1569 4200 quis
1732 4129 1782 4182 3.
1851 4127 2181 4182 Interiorum.
2222 4125 2613 4178 -Intestinorum
2630 4154 2649 4180 ,
