2855 4871
783 268 804 303 Ι

561 376 690 442 380
1063 377 1156 443 M.
1204 376 1458 443 FABu
1505 374 2144 462 QUINTILIANI

549 500 778 601 juvat,
799 522 866 573 et
883 500 1146 600 aliquid
1173 502 1463 575 scilicet¹
1489 502 1978 601 experimentis
1998 503 2319 604 adjicere.
2340 506 2665 576 Domum

559 618 951 716 perdidisti:
982 619 1203 717 gravis
1228 617 1487 718 injuria
1518 619 1843 707 fortunae,
1869 646 2127 691 novam
2153 619 2469 691 habitare
2494 647 2511 691 :
2536 618 2665 691 sed

559 760 842 805 uxorem
879 733 1274 833 perdidisti:
1311 761 1399 804 ne
1431 733 1505 804 in
1538 733 1670 805 hac
1698 734 1986 833 quidem
2024 735 2153 807 tibi
2187 735 2503 807 multum
2538 736 2670 805 de-

558 848 790 920 siderii
818 870 914 922 est
929 844 952 922 ἐ
981 848 1336 949 quomodo
1363 849 1555 921 enim
1582 876 1738 940 VOS,
1769 850 2050 939 divites,
2088 850 2391 948 recipitis
2422 850 2667 923 matri-

559 964 839 1047 monia?
874 962 1213 1064 recipitis?
1245 963 1394 1035 aliae
1431 990 1547 1035 vos
1582 964 1865 1063 rapiunt
1894 965 2320 1063 voluptates,
2364 964 2488 1035 illa
2520 962 2663 1035 mi-

558 1079 876 1169 nisteria,
915 1078 1015 1150 illi
1049 1078 1295 1150 imitati
1321 1078 1621 1152 feminas
1647 1080 1843 1179 pueri
1877 1108 1890 1150 :
1924 1080 2087 1151 inde
2116 1082 2227 1167 fit,
2262 1101 2341 1153 ut
2368 1106 2461 1151 ne
2487 1078 2667 1149 libe-

558 1220 668 1265 ros
713 1193 1005 1291 quidem
1048 1194 1314 1267 ametis.
1365 1197 1548 1293 Ergo
1598 1216 1662 1266 te
1710 1216 2001 1293 possunt
2043 1194 2265 1266 multa
2316 1192 2659 1265 ²h0rtari:

557 1332 888 1409 praeterea
919 1310 1224 1381 subeunt
1246 1311 1524 1397 solatia3
1554 1331 1621 1383 et
1644 1337 1929 1383 uxorem
1957 1311 2087 1383 tibi
2116 1310 2429 1381 invenire
2462 1308 2665 1381 facile

559 1446 695 1514 est,
730 1444 796 1496 et
832 1424 1085 1496 liberos
1129 1424 1253 1497 tibi
1289 1425 1465 1497 alios
1499 1426 1791 1497 educare
1829 1425 2033 1497 facile
2074 1447 2219 1496 est:
2260 1450 2407 1496 non
2446 1424 2662 1495 relin-

558 1559 788 1638 quunt
813 1538 1032 1611 dolori
1060 1539 1292 1612 locum
1317 1561 1416 1612 tot
1444 1541 1883 1614 circumfusae
1902 1540 2305 1639 voluptates.
2338 1542 2491 1636 Ego
2519 1537 2665 1609 haec

556 1655 801 1728 omnia
826 1682 1064 1754 passus
1085 1684 1243 1731 sum
1269 1684 1577 1757 pauper:
1609 1658 1668 1735 si
1690 1658 1994 1729 dicerem
2014 1714 2033 1746 ,
2061 1660 2336 1755 Pauper
2361 1655 2663 1726 domum

559 1769 832 1869 perdidi
871 1798 885 1841 :
927 1793 1165 1844 exutus
1205 1793 1443 1845 tamen
1486 1773 1685 1845 omni
1716 1799 1929 1846 censu
1956 1771 2263 1843 viderer:
2300 1768 2663 1868 quomodo

559 1884 750 1956 enim
783 1884 905 1957 illa
935 1887 1126 1985 apud
1163 1914 1276 1959 me
1305 1888 1773 1961 remanserat?
1798 1887 1962 1984 quia
1985 1907 2271 1986 paterna
2296 1906 2462 1957 erat.
2490 1888 2667 1956 Pau·

558 2028 684 2101 per
715 2000 966 2074 liberos
1005 2003 1316 2101 perdidi,
1351 2030 1621 2102 pauper
1655 2029 1944 2075 uxorem
1974 2002 2249 2102 perdidi
2280 2028 2294 2072 :
2329 2000 2521 2073 solus
2557 2028 2665 2073 re-

559 2118 758 2191 lictus
781 2147 937 2191 sum
955 2177 974 2210 ,
1005 2119 1190 2193 solus
1215 2120 1581 2193 destitutus
1610 2147 1791 2193 sum.
1820 2119 2201 2192 Inimicum
2228 2119 2519 2191 divitem
2545 2116 2665 2189 ha·-

561 2234 692 2305 beo
733 2262 746 2304 ε
795 2235 1025 2308 adhuc
1065 2235 1228 2306 odia
1267 2235 1427 2325 illa,
1471 2263 1629 2334 quae
1662 2258 1899 2308 contra
1936 2263 2048 2307 me
2087 2234 2407 2334 quotidie
2440 2232 2663 2321 acuit,

561 2349 806 2420 fortius
847 2348 1278 2421 sustinebam
1319 2376 1441 2449 spe
1486 2350 1910 2440 liberorum3
1954 2349 2107 2452 jam
2152 2348 2331 2421 mihi
2367 2347 2664 2449 juvenes

562 2485 788 2554 erant;
804 2464 961 2567 jam
985 2487 1252 2564 patrem
1275 2466 1650 2538 tuebantur
1674 2493 1689 2536 ε
1729 2466 1995 2538 etiamsi
2020 2465 2302 2564 quando
2324 2491 2439 2535 me
2462 2489 2665 2534 aemu-

561 2582 730 2655 latio
775 2603 1006 2656 nostra
1046 2583 1118 2654 in
1166 2586 1316 2656 foro
1359 2583 1795 2681 fatigaverat,
1846 2605 2022 2673 erat,
2072 2609 2227 2682 quae
2276 2581 2663 2680 exciperet,

563 2701 840 2801 conjux.
887 2701 958 2772 Si
1007 2702 1081 2773 in
1125 2702 1256 2774 hoc
1307 2700 1707 2774 consisteret
1754 2722 1892 2774 tota
1932 2701 2053 2791 lis,
2102 2728 2193 2772 an
2237 2699 2419 2771 mihi
2466 2725 2664 2797 grave

563 2837 734 2888 esset
760 2816 1022 2906 vivere,
1054 2816 1162 2888 vel
1193 2843 1336 2890 uno
1357 2836 1781 2914 argumento
1812 2815 2103 2915 probare
2132 2836 2447 2914 poteram
2478 2841 2495 2886 z
2534 2812 2667 2885 ini-

565 2930 788 3002 micus
821 2959 936 3004 me
961 2931 1106 3004 vult
1133 2933 1394 3006 vivere:
1429 2931 1614 3004 hanc
1652 2960 1869 3004 unam
1901 2932 2133 3004 adhuc
2168 2930 2465 3003 destinat
2492 2929 2663 3002 odiis

565 3043 708 3116 suis
733 3042 1068 3116 ultionem
1085 3043 1136 3116 3.
1166 3047 1310 3118 Cur
1333 3047 1525 3118 enim
1556 3047 1783 3120 dicere
1804 3047 2071 3145 aliquid
2088 3072 2298 3118 ausus
2316 3071 2480 3116 sum
2498 3043 2529 3114 ἐ’
2547 3069 2663 3116 cnr

567 3159 744 3230 mihi
772 3181 1172 3257 suspectum
1200 3162 1370 3251 fuit,
1407 3161 1598 3258 quod
1626 3163 1982 3236 fortissimi
2016 3163 2273 3234 milites
2300 3161 2665 3248 vincerenf

566 3274 722 3346 tur?
755 3301 876 3346 cur
907 3274 1310 3372 indignatus
1338 3303 1496 3349 sum
1528 3303 1771 3350 eorum
1802 3279 1905 3350 bis
1934 3298 2128 3375 terga
2154 3302 2357 3362 caesa,
2392 3274 2519 3371 qui
2549 3299 2665 3370 po-

569 3410 792 3460 terant
819 3389 1046 3462 -etiam
1095 3390 1200 3462 bis
1237 3391 1395 3463 victi
1438 3412 1671 3465 tamen
1704 3393 2020 3466 vincere?
2054 3390 2375 3488 Intelligo
2420 3387 2663 3459 aversis

567 3505 854 3576 auribus
896 3505 1115 3607 accipi
1160 3507 1338 3579 hanc
1385 3531 1650 3608 partem
1695 3508 2019 3582 orationis
2055 3536 2069 3580 ι
2110 3507 2275 3580 vicit
2318 3503 2511 3576 enim
2537 3559 2557 3592 ,
2600 3524 2663 3573 et

648 3731 690 3764 Ι.
720 3712 944 3786 Alfqul'd
961 3713 1175 3768 Scilicet.
1199 3715 1421 3789 Altquld
1440 3717 1483 3770 Sl·
1506 3715 1579 3766 Ῑὶ-
1731 3735 1777 3769 2.
1800 3717 2033 3770 Hortari,
2055 3715 2114 3767 Id
2134 3727 2233 3779 εει,
2254 3714 2493 3764 animum
2512 3707 2667 3762 adde-

569 3803 674 3859 cet,
693 3793 864 3845 AErod.
883 3823 954 3834 —-
969 3795 1207 3868 Recipitt's
1219 3796 1575 3848 matrimonia.
1659 3814 1743 3860 re,
1768 3795 1945 3848 solari.
1967 3793 2101 3844 Vide
2126 3793 2277 3844 Ber-n.
2310 3801 2363 3840 et
2386 3791 2569 3839 Ver-st.
2598 3784 2662 3837 ad

571 3875 682 3940 An,
699 3876 970 3946 decipitis?
991 3877 1209 3928 Senum.
1239 3876 1481 3947 Recipitis
1504 3893 1573 3926 m.
1657 3873 1851 3924 Justin.
1878 3873 1951 3922 XI
1960 3907 1979 3937 ,
2002 3889 2067 3940 9,
2093 3863 2493 3922 8.--1nvem·ri.
2514 3865 2665 3916 Inve-

571 3953 694 4008 alioe
730 3976 815 4009 vos
853 3957 1114 4028 recipiunt
1151 3957 1254 4010 vol.
1295 3955 1471 4008 AErod.
1510 3983 1581 3996 -—
1660 3954 1806 4016 nim,
1830 3950 1957 4004 edit.
1984 3951 2111 4004 aliae.

572 4035 668 4087 1111·
693 4038 902 4090 imitati.
933 4039 1028 4092 111⁸·
1055 4039 1244 4094 mutati
1271 4039 1322 4090 ίη
1343 4036 1581 4106 feminas
1728 4032 1779 4086 3.
1815 4033 2059 4084 Destinat
2090 4030 2221 4082 odiis
2252 4030 2354 4080 suis
2387 4027 2659 4080 ultionem.

569 4117 753 4184 Pueri»
780 4118 957 4172 AE'Od·
1660 4115 1924 4180 Destinat,
1948 4133 1979 4166 ο
1997 4113 2103 4179 dii,
2130 4109 2405 4163 ultionem.
2432 4105 2609 4160 AErod.
