2855 4871
537 383 1378 474 DECLAMATJONES.
1432 384 1870 452 cchxvi.
2126 392 2247 480 467

854 582 1557 649 DECLAMATIO.

251 733 624 824 Exsulem,
673 732 938 831 inquit,
987 731 1232 806 occidi.
1283 732 1494 806 Exsul
1541 732 1655 804 ille
1704 733 1987 831 quando
2034 737 2256 810 factus

139 848 302 922 est?
335 848 490 946 quis
518 847 720 918 illum
744 845 1122 918 accusavit?
1156 846 1309 946 quis
1339 845 1735 918 damnavit?
1768 848 1923 947 quis
1958 851 2257 950 expulit?

139 965 376 1066 Atqui
405 963 500 1036 sic
527 962 675 1035 fieri
699 962 1036 1056 exsulem,
1065 984 1257 1062 pater
1285 963 1473 1035 illius
1499 965 1815 1064 exemplo
1840 987 1975 1037 est:
2005 988 2071 1038 et
2094 969 2258 1040 inde

145 1081 352 1154 exsul
386 1108 667 1182 quoque
699 1079 918 1152 dictus
953 1100 1088 1170 est,
1130 1079 1326 1178 quasi
1365 1107 1446 1152 ex
1476 1080 1623 1152 solo
1656 1081 1877 1180 patrio
1910 1083 2256 1183 expulsus.

146 1203 391 1289 Pater,
425 1198 692 1298 inquit,
735 1196 924 1269 illius
962 1197 1372 1296 proditionis
1405 1195 1777 1269 damnatus
1817 1219 1955 1271 est:
1993 1200 2099 1272 lex
2132 1229 2264 1274 au-

153 1337 310 1388 tem
345 1313 652 1387 exsulare
697 1333 764 1384 et
799 1311 1166 1412 proditoris
1203 1311 1459 1385 liberos
1485 1312 1695 1414 jubet
1726 1341 1740 1384 :
1776 1336 1853 1386 ut
1879 1341 2123 1388 omnes
2156 1318 2265 1390 lex

152 1431 449 1531 puniat,
486 1429 650 1501 huic
693 1449 932 1500 tamen
971 1427 1319 1525 ignoranti
1362 1429 1720 1502 damnatio
1762 1431 1975 1528 patris
2016 1458 2264 1506 nocere

155 1572 310 1618 non
341 1544 625 1617 debuit:
658 1563 827 1643 puta
855 1543 929 1614 in
957 1543 1304 1642 privatum
1340 1543 1841 1646 compendium
1872 1549 2268 1647 peregrina-

155 1683 321 1732 tum
354 1687 369 1731 ε
401 1686 548 1732 nou
577 1679 736 1731 ante
768 1656 959 1730 exsul
989 1657 1119 1729 erit
1146 1657 1449 1757 denique
1471 1715 1491 1748 ,
1526 1686 1741 1758 quam
1771 1661 1999 1733 scierit
2024 1690 2095 1734 se
2124 1691 2268 1736 esse

160 1777 502 1850 exsulem.
553 1774 824 1875 Aliquis
871 1801 1149 1876 poenam
1191 1775 1523 1866 sustinet,
1578 1803 1791 1874 quam
1843 1779 2151 1876 ignorat,
2205 1806 2271 1853 et

161 1894 320 1995 ejus
359 1914 458 1965 est
495 1891 946 1982 conditionis,
983 1889 1182 1991 cujus
1215 1919 1286 1964 se
1320 1918 1466 1963 esse
1496 1891 1758 1964 nescit?
1788 1893 2029 1983 Quem
2060 1896 2269 1984 talem

161 2007 590 2105 sacrilegum
630 2005 953 2096 audistiS,
993 2031 1209 2104 quem
1251 2005 1723 2098 homicidam,
1756 2035 1973 2106 quem
2006 2012 2274 2082 venelia·

163 2121 381 2194 cum?
411 2120 568 2192 novi
603 2120 873 2218 generis
902 2141 1276 2194 nocentem
1315 2121 1677 2220 produciS,
1721 2142 1866 2194 tam
1909 2150 2233 2196 securum
2255 2185 2273 2216 ,

165 2261 248 2310 ut
280 2265 351 2309 se
382 2264 471 2309 ne
503 2257 873 2309 nocentem
909 2236 1202 2336 quidem
1228 2236 1416 2308 sciat.
1453 2238 1588 2311 Sed
1618 2239 1807 2338 quod
1840 2239 2080 2339 paullo
2117 2263 2274 2314 ante

168 2355 576 2427 remiseram
597 2411 614 2443 ,
651 2381 830 2453 nego
859 2382 874 2425 :
909 2374 1054 2426 non
1088 2379 1332 2427 omnes
1366 2355 1477 2426 lex
1510 2356 1749 2455 punit,
1784 2358 1910 2430 sed
1937 2359 2271 2449 conscios»,

167 2472 290 2547 sed
343 2471 710 2571 participes
753 2469 1022 2547 sceleris
1059 2499 1076 2544 2
1123 2470 1254 2545 illis
1302 2470 1647 2563 irascitur,
1698 2474 1821 2571 qui
1870 2501 2034 2547 cum
2084 2496 2273 2573 patre

169 2606 487 2688 peccant.
522 2588 768 2685 Neque
804 2584 996 2659 enim
1028 2584 1437 2659 innocentes
1472 2585 1617 2657 ulla
1646 2584 1751 2657 lex
1786 2587 1985 2684 punit
2013 2616 2026 2657 :
2070 2608 2136 2661 et
2163 2588 2277 2661 hic

173 2730 322 2775 uon
347 2702 580 2775 solum
605 2702 944 2773 innocens
960 2756 978 2789 ,
1005 2700 1128 2771 sed
1151 2700 1362 2773 etiam
1392 2699 1775 2773 honoratus
1796 2700 1933 2771 fuit
1958 2731 1977 2789 3
2008 2700 2280 2800 legatus

171 2819 346 2891 fuit:
377 2838 460 2889 ut
482 2816 850 2915 proditoris
876 2814 1099 2887 filiurn
1131 2814 1402 2887 licuerit
1419 2814 1771 2905 occidere,
1790 2814 2105 2913 legatum
2128 2842 2277 2889 non

173 2934 392 3009 licuit.
425 2933 624 3023 Quid
655 2933 846 3009 enim
876 2931 986 3005 lex
1013 2930 1527 3011 ait?,LscATus
1554 2950 2107 3009 SACROSANGTUS
2140 2955 2277 3009 srr.

174 3054 290 3125 An
325 3050 462 3127 hoc
494 3049 793 3123 dubium
830 3068 966 3140 est,
999 3046 1214 3123 fuisse
1247 3048 1601 3146 legatum?
1632 3070 1901 3121 creatus
1934 3070 2069 3141 est,
2103 3050 2281 3125 mis-

177 3192 295 3237 sus
325 3184 425 3237 est
453 3192 466 3235 ε
505 3164 695 3265 atqui
729 3164 784 3235 si
812 3162 949 3235 fuit
976 3161 1273 3262 legatuS,
1301 3190 1446 3235 non
1473 3164 1729 3263 potuit,
1764 3185 2148 3267 antequam
2178 3193 2283 3237 re-

179 3280 475 3363 nunciat
516 3279 1006 3378 legationem¹‚
1041 3278 1392 3369 desinere,
1434 3300 1799 3379 tamquam
1844 3282 2283 3380 magistratus

181 3397 366 3467 intra
396 3422 608 3467 suum
639 3420 941 3485 annum,
971 3414 1334 3493 tamquam
1369 3385 1703 3467 sacerdos.
1738 3396 1981 3484 Patris,
2018 3396 2283 3493 inquit,

183 3510 633 3584 damnatione
659 3510 861 3583 desiit
887 3537 1026 3583 esse
1053 3510 1324 3608 legatus
1349 3511 1479 3583 :ad
1501 3512 1723 3585 alium
1749 3513 2033 3585 forsitan
2057 3511 2285 3585 filium

184 3625 528 3726 pertineat
557 3646 845 3725 paterna
881 3625 1279 3697 damnatio:
1317 3626 1407 3699 ad
1435 3626 1745 3723 legatum
1776 3652 1921 3698 non
1951 3627 2283 3725 pertinet:

182 3761 349 3815 ante
387 3740 582 3814 enim
609 3740 878 3838 legatus
911 3738 1024 3811 hic
1053 3740 1275 3814 factus
1307 3762 1429 3817 est.
1465 3744 1566 3813 Ita
1606 3740 1680 3813 in
1712 3768 1791 3814 eo
1816 3740 1975 3841 jure
2008 3740 2177 3827 fuit,
2214 3739 2284 3811 in

185 3885 330 3958 quo
360 3856 567 3931 illum
596 3854 985 3957 respublica
1007 3875 1172 3927 ante
1184 3856 1521 3957 jusserat:
1557 3854 1626 3926 id
1659 3876 1795 3945 est,
1828 3876 1985 3927 ante
2018 3853 2287 3953 legatus

265 4065 312 4098 r.
343 4046 640 4117 Antequam
670 4043 942 4097 munci-at
973 4042 1198 4117 legatio·
1281 4064 1398 4117 cap.
1441 4044 1505 4111 4.,
1550 4043 1593 4115 §.
1634 4044 1719 4097 36.
1762 4001 2059 4113 Antequam
2100 4058 2287 4093 remm-

183 4146 328 4181 nem.
354 4126 479 4179 vid.
506 4124 574 4179 ad
596 4127 761 4183 lauit.
787 4128 933 4180 Orat.
963 4124 1052 4178 lib.
1071 4125 1200 4191 vn,
1283 4124 1455 4177 ciaret.
1480 4122 1683 4175 Αἰγαὶ·

1920 4209 2003 4261 3ο.
