2855 4871
595 435 724 523 464
1091 435 1186 504 M.
1233 437 1485 503 mnu
1532 434 2177 522 Qum‘rimAm

585 590 809 636 unam
841 589 1081 635 vocem
1117 562 1511 636 includere?
1544 563 1777 654 QUAM
1814 583 2107 638 ΡΟΕΝΑΜ
2146 583 2589 656 STATUERIT,
2626 567 2699 636 id

591 699 724 767 est,
761 679 950 776 quod
989 705 1208 777 genus
1250 677 1576 777 supplicii
1612 677 1882 777 placere
1925 677 2055 750 sibi
2097 679 2697 779 pronunciaverit,

591 819 730 890 qua
770 819 974 892 poena
1017 813 1388 865 nocentem
1433 792 1620 863 affici
1665 792 1979 865 voluerit.
2030 794 2165 864 Sed
2210 815 2551 892 quatuor,
2600 795 2701 864 in-

593 909 783 1008 quit,
822 908 1098 1008 judices
1146 933 1261 978 me
1307 907 1689 980 noluerunt
1735 907 1913 981 mori
1957 937 1971 979 :
2025 929 2103 980 tu
2147 935 2339 980 nunc
2387 909 2699 997 indicas,

593 1048 809 1122 quam
857 1047 1137 1120 poenam
1184 1020 1622 1111 transierint,
1671 1046 1816 1093 non
1865 1049 2079 1120 quam
2128 1023 2542 1095 statuerint:
2594 1022 2701 1094 lex

592 1159 828 1210 autem
876 1159 1132 1208 certam
1180 1135 1468 1208 illorum
1515 1137 1929 1210 sententiam
1979 1137 2205 1236 exigit.
2248 1138 2449 1228 Quid
2504 1139 2697 1211 enim

593 1252 784 1324 aliud
817 1251 1109 1340 diceres,
1146 1248 1202 1321 si
1233 1251 1555 1323 nondum
1590 1250 2207 1350 pronunciassent?
2238 1252 2294 1324 si
2331 1273 2701 1350 negassent

592 1368 856 1466 liquere
889 1365 1018 1437 sibi
1055 1364 1140 1438 de
1168 1365 1516 1466 supplicio
1546 1366 1708 1438 tuo?
1743 1366 2098 1465 numquid
2135 1369 2515 1440 sententias
2550 1369 2700 1439 illo·

592 1510 754 1555 rum
783 1481 1231 1554 numerares?
1259 1482 1583 1554 minime.
1616 1484 1894 1554 Horum
1929 1483 2123 1555 enim
2160 1484 2474 1583 primum
2500 1499 2517 1528 ¹
2542 1487 2698 1586 jam

592 1594 804 1682 verba
840 1595 1140 1694 signavi:
1178 1596 1464 1668 illorum
1496 1617 1793 1695 quatuor
1826 1623 1977 1694 quae
2006 1597 2697 1696 signabo?·dubitare

596 1709 797 1783 illos?
831 1710 1129 1801 nescire,
1171 1711 1340 1810 quid
1381 1710 1887 1809 pronuncient?
1920 1712 2311 1812 etiamnum
2345 1740 2513 1812 ergo
2554 1740 2699 1786 sus-

596 1827 882 1928 pensos?
910 1854 1036 1900 cur
1057 1827 1316 1900 dimitti
1340 1828 1647 1927 postulas
1663 1885 1681 1917 ,
1709 1828 1764 1900 si
1788 1827 2007 1930 judex
2028 1829 2395 1903 deliberat?
2418 1831 2692 1916 Plures,

594 1941 860 2042 inquit,
887 1970 1002 2016 me
1025 1943 1199 2014 mori
1227 1943 1642 2026 noluerunt:
1676 1943 1850 2040 quid
1876 1943 2088 2042 igitur
2104 1944 2324 2018 velint
2342 2003 2359 2032 ,
2388 1973 2699 2044 pronun-

593 2057 732 2130 cies
760 2072 1114 2158 oportet²z
1161 2057 1444 2129 illorum
1486 2058 1899 2131 sententiam
1944 2059 2215 2157 signare
2242 2061 2403 2133 volo
2437 2089 2453 2132 :
2504 2089 2697 2134 accu-

597 2193 777 2245 sator
818 2175 1102 2246 recitare
1137 2173 1246 2245 his
1273 2173 1626 2274 judicibus
1654 2174 1842 2263 volo,
1878 2195 1956 2246 ut
1988 2174 2326 2266 habeant,
2360 2178 2559 2275 quod
2590 2205 2695 2248 sc·-

595 2307 920 2386 quantur.
961 2291 1153 2379 Duo,
1193 2289 1465 2387 inquit,
1501 2288 1817 2360 exsilium
1856 2289 2032 2378 mihi
2072 2289 2504 2392 injungunt:
2544 2292 2691 2392 jam

595 2403 807 2503 igitur
831 2425 1058 2505 aperte
1083 2431 1226 2477 una
1249 2405 1483 2506 plures
1500 2405 1526 2452 ³
1550 2407 1721 2479 facis
1746 2434 1759 2478 :
1780 2404 1931 2507 jam
1956 2406 2235 2480 turbam
2262 2407 2471 2480 istam
2490 2468 2511 2499 ,
2542 2435 2693 2507 quae

598 2518 918 2591 universa
949 2539 1261 2610 noceret,
1303 2519 1677 2592 dividendo
1708 2521 2122 2619 exstinguis:
2159 2523 2300 2593 duo
2331 2521 2651 2595 exsilium
2674 2578 2692 2611 ,

597 2633 740 2707 duo
783 2634 1245 2733 ignominiam
1291 2636 1760 2735 pronunciant
1795 2663 1811 2707 :
1846 2636 1945 2709 vis
1984 2663 2111 2736 ego
2154 2636 2307 2709 illos
2343 2638 2691 2739 jungam,

597 2750 717 2848 qui
750 2777 820 2823 se
847 2752 974 2850 ipsi
1005 2750 1368 2825 dividunt?
1391 2754 1756 2824 Revertere
1790 2778 1984 2827 nunc
2017 2754 2106 2824 ad
2133 2753 2343 2826 verba
2378 2754 2589 2853 legiS,
2624 2774 2695 2826 ut

595 2868 835 2965 paullo
864 2889 1061 2940 ante:
1102 2889 1316 2957 QUAM
1354 2886 1680 2957 POENAM,
1715 2869 1980 2969 inquit,
2020 2890 2259 2943 MAJOR
2292 2891 2466 2945 mus
2497 2890 2695 2989 Jupi-

595 3000 752 3054 CUM
793 3001 1223 3057 STATUEm‘r.
1263 2988 1539 3056 Partem
1581 2984 2037 3085 intelligimus
2074 2987 2306 3060 eidem
2338 2985 2693 3061 4numero

593 3095 1003 3194 applicatam
1022 3154 1041 3186 ,
1077 3100 1682 3195 quemadmodum
1706 3103 2045 3175 sententia
2070 3102 2521 3205 conjunctam
2541 3162 2560 3194 ,
2598 3106 2693 3176 sic

597 3210 800 3283 turba
821 3240 834 3283 ε
859 3213 1122 3313 alioqui
1149 3214 1203 3285 si
1235 3214 1565 3289 miscere⁵
1591 3216 1717 3289 tibi
1744 3238 1811 3290 et
1838 3218 1911 3290 in
1937 3245 2187 3317 genere
2217 3218 2693 3293 dissentientes

682 3386 724 3419 1.
745 3367 952 3419 Horum
971 3368 1110 3419 enim
1172 3366 1383 3418 rimam·
1401 3367 1603 3420 Horum
1683 3384 1735 3423 et
1760 3370 1959 3426 Schult.
1985 3372 2055 3425 ad
2078 3372 2263 3426 Senec.
2288 3372 2438 3426 Decl.
2462 3376 2665 3429 xxvu
2680 3416 2694 3441 ‚

593 3453 734 3503 enim
761 3449 949 3512 trium,
977 3448 1100 3499 AEro
1144 3488 1155 3499 .
1680 3468 1736 3519 p.
1776 3468 1910 3521 279,
1938 3454 2063 3523 quia
2093 3471 2223 3504 vero
2256 3456 2527 3523 precessit
2555 3454 2691 3519 duo,

667 3548 717 3583 τι.
752 3527 1067 3579 Pronuncies
1097 3535 1314 3598 oportet.
1347 3526 1603 3581 Etmanes
1678 3528 1889 3581 mallem
1916 3519 2045 3595 hi'c,
2068 3550 2175 3583 uno
2202 3531 2413 3603 plures,
2444 3535 2545 3584 nisi
2568 3551 2694 3585 sen·—

592 3608 804 3663 volebat
829 3607 1099 3657 Francius.
1682 3612 1855 3661 tentioe
1878 3610 2357 3682 subintelligantur.
2384 3616 2552 3667 Bunu.

663 3691 714 3743 3.
740 3690 824 3741 Ex
845 3706 952 3739 una
971 3684 1160 3757 plures.
1187 3686 1381 3739 Nullos
1401 3686 1596 3759 plures.
1752 3690 1802 3757 4.
1828 3694 2017 3744 Eidem
2042 3712 2273 3747 nantem.
2293 3696 2494 3749 Eodem
2514 3716 2697 3750 nme-

592 3774 810 3827 Senum.
854 3770 1046 3843 Aperte
1080 3789 1188 3821 una
1223 3769 1398 3841 plures
1425 3770 1599 3841 facis,
1680 3790 1877 3846 roapp.
1904 3775 1963 3844 Q.
1986 3779 2239 3829 sententia
2255 3780 2565 3849 conjuncta,
2584 3782 2691 3831 AEr.

595 3850 678 3903 ed.
725 3850 792 3904 al.
839 3847 984 3921 quod
1031 3850 1243 3900 minime
1289 3849 1603 3900 mutandum
1756 3854 1805 3905 5.
1830 3854 1892 3905 Sae‘
1910 3854 2116 3905 miscere
2139 3856 2235 3906 tibi
2256 3868 2307 3907 et
2326 3857 2382 3908 in
2401 3876 2605 3931 genere.
2636 3860 2697 3910 Si

593 3943 729 3981 erat:
749 3930 904 3981 trium
922 3928 1062 3979 enim
1074 3926 1316 3997 judicum
1333 3932 1600 3981 sententie
1680 3936 1889 3986 miscere
1912 3936 2003 3985 tibi
2028 3947 2077 3988 et
2088 3938 2315 4012 jun-gere
2340 3936 2695 3992 dissentientes

594 4011 636 4061 si
671 4023 1012 4081 opponantur
1043 4008 1306 4075 duorum,
1339 4024 1461 4062 sunt
1493 4030 1600 4063 una
1682 4012 1831 4077 licet,
1855 4012 1984 4065 Obr.
2010 4014 2314 4089 Injunqere,
2344 4016 2527 4068 AErod.
2558 4020 2691 4069 (Ἱστι-

589 4086 789 4158 plur-en
805 4103 863 4141 ut
885 4090 1092 4161 egregie
1111 4086 1252 4141 hanc
1271 4089 1597 4142 locutionem
1673 4108 1875 4164 gerere,
1896 4090 1976 4143 vel
1996 4092 2267 4167 injungere
2280 4132 2296 4157 ,
2316 4114 2416 4167 pro
2430 4134 2448 4163 ‚
2466 4100 2689 4167 conjun-

593 4166 816 4239 explicat
829 4168 1062 4220 Gronov.
1081 4166 1148 4220 ad
1161 4166 1356 4237 Limv,
1365 4168 1451 4222 30.
1466 4166 1599 4223 Vide
1676 4187 1829 4242 gere,
1852 4182 1914 4223 ut
1936 4188 2127 4245 supra,
2152 4189 2309 4244 marg.
