2855 4871
463 414 586 493 ¹4⁰
959 411 1052 479 M.
1100 416 1350 479 FABII
1395 414 2036 499 QUINTILIANI

455 534 684 607 mariti
711 532 964 609 dolori:
989 538 1120 610 hoc
1142 538 1259 639 jus
1284 538 1402 611 ille
1430 539 1766 629 conditor,
1788 540 2354 640 conscriptorque
2377 542 2555 642 legis

453 643 702 751 hujuS‚
745 650 964 724 voluit
1005 680 1150 726 esse
1197 654 1565 754 privatum.
1608 658 1769 727 Non
1812 657 2035 755 magis
2075 682 2235 756 ergo
2271 680 2553 758 tempus

453 786 574 837 aut
601 764 788 837 diem
819 769 1287 867 praestituisset
1315 769 1641 842 adulterae
1660 828 1679 861 ,
1710 797 1926 870 quam
1956 798 2249 843 manum
2280 772 2555 844 carnifi-

456 881 590 969 cis,
625 909 838 981 quam
868 885 1284 957 sententiam
1310 884 1606 985 judicis,
1642 874 1851 986 quam
1886 886 2268 985 imperium
2298 888 2561 987 magis—

454 1015 691 1068 tratus,
722 999 963 1089 Quid?
993 1000 1046 1072 si
1077 1028 1167 1073 ne
1196 1000 1461 1077 differri
1490 1002 1779 1099 quidem
1809 1001 1945 1075 hoc
1970 1002 2399 1102 supplicium
2429 1031 2561 1104 po-

453 1112 624 1188 test?
655 1143 802 1194 non
837 1116 1026 1190 enim
1059 1117 1360 1190 dubium
1395 1140 1533 1214 est,
1577 1119 1749 1218 quin
1788 1119 1899 1191 lex
1932 1120 2019 1191 de
2056 1118 2162 1192 his
2194 1118 2559 1219 loquatur,

457 1236 579 1334 qui
607 1235 1032 1336 quandoque
1067 1234 1206 1307 sint
1239 1234 1313 1315 in
1349 1233 1744 1334 reipublicae
1778 1254 2129 1334 potestate.
2162 1237 2563 1307 Damnatus

455 1352 706 1450 aliquis
748 1350 1059 1424 custodia
1099 1350 1417 1450 publica¹
1456 1349 1869 1441 continetur,
1915 1377 2185 1424 carcere
2228 1350 2563 1453 contine-

455 1490 568 1540 tur
615 1496 628 1539 :
681 1488 904 1568 potest
953 1466 1037 1539 de
1083 1468 1214 1540 hoc
1261 1468 1695 1567 supplicium
1745 1494 2015 1539 sumere
2068 1468 2509 1567 magistratus
2538 1525 2559 1557 ,

457 1609 681 1680 quum
720 1581 1056 1658 voluerit:
1095 1583 1406 1656 adultera
1437 1584 1723 1656 dimissa
1758 1610 1903 1656 non
1939 1582 2119 1654 redit
2147 1582 2221 1654 in
2258 1608 2559 1654 manum

455 1696 705 1769 mariti.
737 1700 883 1771 Nec
914 1699 1046 1771 hoc
1079 1720 1356 1772 tantum
1376 1714 1401 1743 ²
1432 1700 1508 1771 in
1547 1700 1696 1800 lege
1730 1720 1829 1771 est
1851 1755 1870 1786 ,
1905 1720 1983 1771 ut
2020 1697 2346 1769 adulterae
2378 1723 2561 1795 sup-

456 1814 746 1915 plicium
795 1815 1056 1889 differri
1101 1843 1245 1889 non
1287 1819 1547 1917 possit,
1604 1816 1728 1890 sed
1769 1816 1948 1889 illud
1990 1817 2241 1905 etiam,
2286 1835 2363 1887 ut
2406 1840 2559 1885 non

455 1953 732 2005 tantum
753 1933 1080 2007 adulterae
1100 1956 1380 2036 pereant
1405 1962 1422 2006 τ
1450 1961 1619 2008 nam
1642 1936 1747 2007 l'ex
1761 1993 1780 2026 ,
1801 1960 2025 2034 quum
2046 1932 2356 2005 occidere
2377 1930 2559 2001 mihi

457 2046 856 2120 adulterum
913 2075 1076 2121 cum
1141 2048 1453 2122 adultera
1510 2049 1903 2148 permittat,
1964 2047 2327 2119 manifeste
2379 2044 2563 2117 illud

459 2161 792 2251 ostendit,
819 2188 962 2233 non
989 2187 1188 2260 posse
1213 2188 1328 2235 eos
1353 2162 1635 2235 diversis
1658 2161 2095 2262 temporibus
2120 2160 2375 2249 occidi3
2403 2186 2483 2231 ac
2499 2158 2561 2231 si

459 2276 652 2348 alteri
686 2278 1080 2350 remittatur
1105 2278 1533 2377 supplicium
1556 2334 1575 2367 ,
1601 2278 2096 2378 impunitatem
2123 2276 2331 2349 etiam
2360 2274 2563 2347 alteri

457 2390 801 2466 dandam:
825 2410 1152 2494 ergo'non
1175 2393 1406 2467 solum
1426 2392 1842 2495 praegnantis
1860 2391 2286 2494 supplicium
2301 2449 2319 2482 ,
2346 2391 2563 2464 etiam

457 2528 537 2580 ut
563 2508 658 2581 sic
684 2509 1086 2608 loquamur,
1121 2509 1240 2582 sed
1275 2509 1487 2582 etiam
1525 2507 1862 2600 adulteri,
1902 2535 2047 2580 non
2081 2505 2562 2579 differendum

456 2643 786 2716 tantum,·
818 2623 936 2696 sed
979 2621 1370 2699 tollendum
1413 2625 1711 2698 omnino
1751 2625 2018 2699 fuisset.
2064 2622 2283 2714 Quod
2324 2624 2383 2694 si
2425 2620 2566 2694 hoc

457 2738 750 2836 quidem
789 2739 1218 2840 supplicium
1265 2737 1601 2839 appellari
1652 2738 1977 2812 convenit
2016 2737 2323 2833 (habent
2362 2735 2561 2808 enim

459 2853 700 2924 omnia
729 2853 876 2926 haec
909 2853 1200 2928 nomina
1239 2882 1442 2928 suam
1486 2854 2054 2954 proprietatem),
2106 2880 2249 2925 non
2283 2877 2565 2950 semper

451 2969 676 3043 homo
723 2971 1062 3070 supplicio
1106 2973 1394 3044 affectus
1443 2971 1578 3043 dici
1626 2990 1849 3070 potest
1890 2997 1903 3039 :
1956 2997 2099 3044 non
2150 2969 2561 3066 ubicunque

455 3083 738 3186 poenain
767 3085 1096 3174 babent-³,
1128 3087 1338 3159 etiam
1367 3085 1796 3186 supplicium
1822 3103 1962 3157 est:
2004 3109 2265 3156 nomen
2298 3082 2431 3153 hoc
2460 3101 2563 3153 est

457 3199 760 3299 publicae
789 3199 1408 3274 animadversionis
1434 3227 1694 3273 nomen
1716 3257 1734 3290 ,
1771 3221 2021 3273 exactae
2048 3227 2174 3299 per
2200 3197 2563 3296 magistra-

460 3335 572 3387 tus
601 3342 843 3416 poenae.
867 3317 1252 3418 Indignum
1280 3318 1415 3392 fuit
1437 3311 1749 3390 occidere
1770 3341 1951 3408 eam,
1973 3313 2173 3415 quae4
2192 3339 2561 3414 praegnans

458 3433 801 3506 factarest:
833 3435 1158 3508 nondum
1187 3435 1368 3526 dico,
1404 3455 1669 3535 quanto
1696 3433 1977 3532 gravius
2002 3429 2419 3532 peceaverit:
2452 3429 2561 3500 in-

461 3583 574 3658 leye
607 3587 866 3642 ordinata.
907 3589 1076 3642 Omne
1111 3589 1317 3663 hoc'jus
1347 3609 1386 3642 s.
1418 3609 1465 3641 e.
1547 3586 2019 3652 Advers.Sno=-a‚o.
2046 3601 2161 3656 109,
2174 3605 2231 3658 p.
2250 3583 2553 3650 24.A1.m.

461 3669 641 3720 marin·
671 3667 874 3723 dolori:
911 3671 1040 3737 hoc,
1073 3686 1173 3725 etc.
1211 3671 1471 3727 ordinata
1620 3685 1669 3720 2.
1716 3667 1831 3720 Nec
1876 3665 1975 3720 hoc
2024 3677 2249 3718 tantum.
2292 3661 2425 3712 vide
2474 3661 2557 3713 (Σ.

463 3748 720 3822 supplicia
739 3749 870 3802 dixit
883 3749 1030 3822 lege,
1049 3765 1108 3804 ut
1127 3753 1368 3806 ordinan-
1389 3755 1472 3805 de-
1548 3745 1841 3818 Schulting.
1858 3743 1931 3798 ad
1948 3745 2069 3797 sen.
2090 3743 2273 3794 Contr.
2294 3742 2369 3805 11,
2390 3759 2443 3811 p.
2464 3739 2556 3810 94.

463 3828 906 3891 lationemffleel.
927 3831 1000 3893 113
1009 3829 1254 3902 facinus,
1271 3833 1469 3898 xvnl·‚
1618 3824 1670 3877 3.
1701 3825 1923 3878 Poenam
1956 3821 2161 3874 habent.
2194 3821 2277 3870 An
2306 3820 2557 3884 subeunt,

462 3925 542 3978 pr.
587 3921 640 3960 et
679 3909 892 3978 passim.
935 3907 1216 3962 Suetonius
1255 3929 1469 3982 qnoque
1549 3923 1629 3958 ιιι·
1652 3903 1861 3957 habetis.
1896 3901 2121 3954 Senot-r.
2158 3899 2315 3971 Leqes
2344 3915 2557 3969 paenam

461 3989 768 4060 frequenter
791 3989 892 4042 hoe
917 3989 1180 4042 vocabulo
1203 3992 1388 4058 utitur,
1417 4005 1468 4043 et
1551 3981 1766 4048 habent,
1795 3979 1974 4034 AErod·

465 4067 568 4118 ahi.
595 4068 762 4122 Bonan.
1620 4061 1673 4128 4.
1701 4061 1869 4126 Eam,
1890 4074 2023 4133 φησι.
2054 4053 2261 4109 praetuli
2286 4072 2402 4105 eam
2432 4073 2555 4105 cum

545 4155 563 4190 ι
573 4177 588 4188 .
603 4140 841 4196 Custodia
849 4137 1214 4212 publica.Vide
1222 4141 1471 4198 Cei-dam..
1501 4187 1509 4194 .
1550 4145 1662 4214 Bip.
1678 4161 1741 4194 ex
1752 4143 1855 4194 ὣς.
1870 4153 1923 4193 et
1934 4137 2136 4192 Schult.
2152 4154 2253 4210 pro
2268 4137 2445 4188 etiam.
2458 4135 2553 4186 Eo.
