2855 4871
590 458 713 523 552
1170 454 1698 520 CALPURNII
1745 454 2088 518 FLACCI

1460 736 1550 755 m
1559 732 1648 751 m
2041 725 2675 751 mmm-m

1507 935 1749 1010 XVI.

1375 1163 1600 1261 Rapta
1632 1175 1875 1231 tacens.

582 1390 709 1448 Lex
732 1404 965 1447 anun
974 1405 1081 1443 uu.
1102 1384 1300 1465 Rapta
1320 1379 1619 1463 producta
1641 1376 1719 1439 ad
1741 1378 2158 1461 magistratus,
2184 1379 2379 1438 tacuit
2400 1390 2463 1437 et
2481 1376 2641 1439 flevit
2657 1402 2674 1435 ε

661 1480 1056 1564 magistratus
1092 1482 1167 1541 de
1206 1496 1452 1562 raptore
1489 1478 1856 1561 supplicium
1895 1478 2188 1559 sumpsit:
2233 1475 2444 1558 puella
2481 1496 2544 1536 se
2586 1478 2674 1535 in-

659 1582 919 1641 teremit.
945 1582 1103 1641 Reus
1132 1593 1221 1639 est
1248 1576 1670 1658 magistratus,
1701 1573 1871 1657 quod
1895 1594 2076 1633 causa
2100 1574 2320 1633 mortis
2349 1572 2557 1632 fuerit.

1121 1802 1452 1849 CONTRA
1499 1796 2138 1853 MAGISTRATUM.

682 1948 908 2017 Reum
942 1944 1145 2017 caedis
1178 1944 1389 2017 unius
1422 1968 1724 2029 arcesse,
1760 1939 1882 2039 qui
1913 1939 2088 2010 duos
2121 1937 2371 2037 pariter
2400 1936 2674 2008 occidit.

584 2064 831 2135 Aditus
876 2064 1042 2135 huic
1090 2089 1208 2134 reo
1254 2058 1738 2133 misericordiae
1781 2058 2052 2130 clausus
2100 2078 2234 2129 est:
2268 2056 2443 2155 quid
2487 2056 2678 2127 enim

584 2204 855 2277 sperare
890 2179 1169 2275 poterit¹
1198 2204 1239 2248 a
1266 2174 1608 2248 lacrimis?
1633 2174 1911 2275 juvenis
1939 2176 2150 2246 etiam
2183 2173 2396 2245 facies
2425 2170 2678 2244 libera-

584 2294 709 2381 lis,
746 2293 1029 2391 qualem
1062 2318 1273 2364 nemo
1308 2318 1453 2363 non
1482 2290 1614 2363 sibi
1645 2310 1765 2363 aut
1793 2290 2022 2361 filium
2055 2294 2245 2388 optat
2265 2346 2284 2379 ,
2316 2310 2442 2360 aut
2471 2314 2680 2386 gene-

588 2405 792 2480 rum?
822 2406 879 2478 is
910 2433 1133 2505 quum
1166 2407 1415 2506 puellae
1445 2424 1702 2506 peteret
1721 2406 2028 2505 nuptiaS,
2065 2424 2134 2476 et
2154 2402 2279 2474 diu
2302 2424 2592 2503 peteret3
2618 2424 2681 2475 et

578 2523 730 2626 jam
768 2548 1035 2622 sperare
1074 2523 1417 2622 coepisset,
1457 2521 1805 2595 festinavit
1837 2542 1915 2593 ut
1947 2541 2244 2591 amator:
2279 2541 2348 2591 et
2379 2520 2552 2618 quid
2586 2520 2681 2590 di-

590 2665 778 2730 cam,
801 2637 1061 2737 rapuit,
1089 2665 1179 2710 an
1204 2637 1434 2710 duxit?
1461 2637 1708 2736 Vin-ge,
1732 2636 1923 2736 quod
1953 2635 2182 2708 solum
2214 2636 2473 2734 potuit,
2503 2635 2679 2706 nihil

591 2776 833 2853 questa
858 2776 988 2826 est:
1018 2756 1175 2853 quis
1194 2782 1337 2826 non
1362 2753 1744 2845 inhorruit,
1770 2753 1927 2852 quis
1951 2775 2176 2824 tecum
2195 2808 2216 2842 ,
2242 2751 2517 2850 puella,
2537 2778 2678 2822 non

594 2868 820 2940 flevit?
843 2870 1049 2942 Dicat
1072 2897 1296 2942 nunc:
1323 2871 1532 2943 libuit
1555 2891 1622 2943 et
1643 2869 1912 2944 licuit2:
1942 2869 2140 2970 cujus
2161 2867 2308 2940 haec
2324 2924 2342 2957 ,
2362 2895 2452 2940 an
2475 2868 2676 2966 regis,

672 3080 691 3114 1
705 3102 717 3113 .
738 3063 877 3131 Quid
888 3067 1029 3116 enim
1047 3085 1247 3136 sperare
1260 3067 1430 3140 poteri
1433 3077 1478 3132 t,
1495 3080 1596 3120 etc.

592 3138 901 3194 Obscurius
928 3140 1009 3192 his
1039 3156 1159 3195 nata
1188 3146 1410 3196 maxime
1437 3161 1468 3193 a
1492 3143 1602 3194 dis-

594 3217 939 3272 unctionibus
958 3223 1149 3291 pravis.
1172 3224 1454 3292 Perspicua
1477 3223 1601 3274 satis

594 3314 751 3353 erunt
779 3303 988 3367 omnia,
1016 3304 1058 3353 si
1086 3303 1157 3354 ita
1184 3301 1451 3368 habeant,
1475 3304 1606 3375 quid

594 3381 735 3440 enim
749 3398 952 3453 sperare
967 3382 1137 3452 poteri
1141 3392 1159 3432 t
1170 3401 1205 3432 a
1220 3381 1494 3452 lacrymis?
1510 3385 1552 3434 J
1551 3401 1604 3434 u·

595 3462 735 3512 vent's
745 3499 764 3526 ,
787 3460 944 3512 etiam
958 3461 1107 3533 facie
1126 3460 1271 3530 (non
1289 3463 1468 3513 animo
1489 3475 1605 3514 tan-

596 3541 745 3610 tum)
778 3539 1033 3608 liberalis,
1065 3541 1275 3616 qualem
1314 3561 1465 3595 nemo
1497 3561 1604 3596 non

594 3620 693 3672 sibe·
704 3618 985 3692 autfilium
1000 3633 1217 3695 optaret,
1229 3635 1322 3676 aut
1332 3643 1603 3696 generum,-

596 3697 639 3750 ἰε
658 3715 820 3771 quum
845 3698 1038 3771 puellae
1064 3711 1259 3772 peteret
1284 3703 1517 3776 nuptias,
1542 3723 1606 3756 ac

595 3775 688 3827 diu
702 3788 920 3847 peteret,
942 3781 1114 3851 etjam
1133 3799 1334 3853 sperare
1352 3783 1602 3854 coept‘sset,

587 3856 891 3928 festinavit,
910 3869 971 3910 ut
980 3872 1208 3924 amator„
1224 3871 1278 3912 et
1288 3861 1417 3933 quid
1431 3861 1604 3914 dicam

596 3939 802 4010 rapuit,
838 3959 909 3992 an
941 3941 1131 3994 auset?
1160 3943 1273 3994 Nec
1306 3955 1482 3995 tamen
1513 3962 1605 3996 ex-

594 4019 773 4086 primit
786 4021 1148 4089 magistratum
1160 4018 1333 4086 hune,
1349 4021 1480 4072 nihil
1497 4039 1606 4072 mo-

600 4107 711 4146 tum
734 4095 1004 4168 lacrymis,
1028 4117 1149 4150 eum
1176 4103 1427 4170 juvenem
1456 4117 1602 4152 sum-

598 4189 686 4223 mo
710 4174 953 4228 affecisse
971 4177 1261 4249 supplicio;
1281 4175 1377 4230 sed
1395 4189 1604 4230 tantum

1679 3067 1938 3137 significat
1954 3089 1968 3130 ;
1985 3066 2135 3140 quasi
2151 3069 2204 3119 in
2219 3065 2327 3120 hoc
2343 3067 2584 3120 atrocitas
2602 3066 2680 3116 rei

1679 3145 1912 3198 includat
1932 3165 2134 3197 vocem.
2156 3145 2382 3199 Scnuvr.
2395 3144 2684 3197 ——them's

1679 3226 1838 3278 etiam
1850 3226 2020 3298 facies
2035 3225 2278 3280 liberalis.
2298 3227 2469 3296 Lege,
2485 3224 2685 3297 jtwetu's

1681 3306 1838 3358 etiam
1855 3305 2004 3376 facie
2032 3303 2269 3371 liberali,
2293 3303 2504 3377 qualem
2535 3321 2683 3354 nemo

1683 3403 1788 3436 non
1809 3383 1903 3436 sibi
1919 3396 2010 3435 aut
2016 3382 2203 3456 filium
2226 3393 2394 3454 optet,
2415 3395 2508 3434 aut
2521 3399 2682 3454 qene-

1685 3481 1828 3526 rum,
1853 3464 1919 3528 is,
1943 3481 2105 3534 quum
2123 3461 2320 3534 puelloe
2339 3471 2536 3532 peteret
2557 3477 2686 3529 nup·

1685 3543 1812 3607 tias,
1838 3554 1886 3593 et
1909 3541 2000 3593 diu
2020 3553 2242 3615 peteret,
2277 3553 2326 3592 et
2337 3543 2460 3613 jam
2483 3555 2688 3611 spemve

1683 3620 1932 3693 cupisset,
1946 3619 2252 3692 festinavit,
2267 3629 2326 3671 ut
2342 3629 2560 3682 amator,
2577 3631 2685 3669 etc.

1681 3698 1742 3750 Τὸ
1767 3701 1810 3752 t's
1831 3699 2100 3771 eleganter
2122 3711 2174 3752 et
2197 3719 2262 3752 ex
2283 3717 2426 3754 more
2447 3711 2688 3750 veterum

1679 3779 1923 3850 «ιμ’λκυ.
1947 3783 2113 3834 Gnon.

1754 3878 1804 3912 2.
1831 3861 2004 3913 Libuit
2027 3871 2080 3912 et
2105 3861 2268 3914 licuit.
2301 3862 2458 3933 th‘us
2486 3858 2598 3910 hoee
2617 3877 2686 3910 an

1683 3939 1813 4012 regis
1838 3940 2002 3992 oratio
2029 3941 2139 3992 est?
2163 3939 2356 3992 Sensus
2387 3941 2516 4004 erit,
2547 3939 2689 4010 cnjus

1685 4018 1792 4070 hoec
1805 4057 1822 4082 ,
1845 4019 1943 4070 nisi
1960 4018 2090 4091 regis
2107 4019 2272 4071 oratio
2293 4027 2368 4069 est
2380 4018 2408 4066 Ρ
2425 4015 2688 4068 Odiosum

1685 4110 1860 4150 autem
1910 4097 2158 4148 Romanis
2203 4094 2368 4148 libera
2413 4093 2690 4167 republica

1683 4195 1794 4228 non
1835 4177 2007 4228 miuus
2043 4193 2226 4246 regum
2259 4191 2456 4227 nomen
2471 4209 2490 4242 ,
2529 4191 2689 4246 quan
