2855 4871
538 429 1367 496 DECLAMATIONES.
1414 430 1822 499 CCLXXX.
2106 440 2223 507 153

190 579 514 656 poenarum
539 552 643 625 vel
675 551 1118 651 praemiorum
1152 573 1430 651 tempus
1462 573 1583 625 aut
1608 554 2063 629 constitutum
2092 581 2227 651 est,

189 693 286 743 aut
308 695 618 770 praesens:
643 666 911 766 quoties
937 666 1178 738 finitur
1199 666 1383 756 dies,
1409 667 1937 767 exspectandus:
1964 673 2230 770 quoties

187 812 322 857 vero
341 811 476 858 non
499 783 838 873 differtur,
863 807 1165 880 praesens
1183 802 1304 853 est.
1323 784 1565 880 ltaque
1588 783 1845 856 sicut‘si
1871 784 2015 857 dies
2041 788 2235 861 finia-

191 922 302 991 tur,
323 898 486 971 nihil
519 898 696 971 ultra
721 923 886 971 eum
906 896 1088 997 juris
1116 897 1435 968 futurum
1465 918 1602 969 est:
1628 898 1723 971 ita
1752 898 1865 971 die
1895 927 2041 973 non
2065 930 2231 1002 prae·

189 1015 384 1106 finito,
403 1014 796 1114 proximum
818 1038 962 1085 esse
979 1012 1433 1084 manifestum
1454 1033 1587 1102 est,
1613 1013 1791 1085 nihil
1816 1015 1993 1089 ultra
2018 1020 2234 1117 proxi-

191 1157 360 1201 mum
385 1129 497 1230 jus
525 1129 628 1202 sit.
658 1129 740 1201 Id
773 1155 1009 1228 porro,
1041 1127 1234 1225 quod
1265 1127 1336 1200 in
1364 1128 1684 1227 quolibet
1712 1128 1872 1229 jure
1906 1131 2047 1205 alio
2076 1160 2233 1207 ma-

189 1246 482 1318 nifestum
524 1247 744 1336 foret,
787 1245 864 1316 in
906 1242 1038 1317 hac
1078 1244 1234 1342 lege
1280 1244 1585 1345 apertius
1626 1266 1725 1317 est
1760 1274 1775 1318 ε
1825 1247 1997 1346 quid
2046 1250 2235 1321 enim

191 1358 370 1433 dicit?
406 1364 650 1433 RAPTA
695 1379 1046 1433 mp'roms
1083 1378 1400 1432 monum
1440 1380 1580 1433 νει,
1623 1381 1930 1435 numus
1974 1384 2233 1437 or'rss‘r.

189 1478 414 1549 Neutra
432 1504 532 1551 res
553 1500 683 1569 est,
705 1504 920 1577 quam
953 1462 1586 1575 differri'oporteat:
1620 1478 1757 1551 sive
1784 1480 1841 1551 is
1865 1500 1965 1551 est
1987 1501 2235 1581 raptor,

177 1594 288 1693 'qui
307 1622 572 1693 poenam
591 1614 958 1685 mereatur,
979 1620 1124 1666 non
1147 1615 1453 1667 meretur
1469 1594 1995 1670 advocationem
2018 1612 2035 1642 ¹
2063 1625 2078 1670 ε
2102 1599 2238 1671 sive

191 1709 530 1807 ignoscitur
546 1710 804 1811 raptori
817 1768 838 1801 ,
859 1737 1007 1783 non
1027 1707 1553 1783 debenthabere
1570 1739 1839 1785 moram
1855 1713 2113 1813 nuptiae
2132 1714 2239 1787 vel

191 1824 482 1899 inchoatae
515 1854 531 1899 ε
567 1826 630 1899 si
665 1846 942 1899 tantum
973 1852 1119 1897 non
1148 1824 1380 1897 statim
1410 1824 1734 1899 educeres
1752 1885 1771 1916 ‚
1804 1826 1949 1901 haec
1975 1828 2243 1901 fortiter

191 1940 579 2015 dicerentur:
608 1968 800 2014 nunc
825 1940 1114 2013 educere
1131 1939 1230 2011 vis
1253 1960 1410 2039 post
1431 1940 1729 2041 nuptias.
1752 1944 2011 2014 Utrum
2035 1942 2241 2041 igitur

184 2056 314 2155 jure
345 2057 564 2156 prius,
611 2084 706 2129 an
739 2056 1062 2154 aequitate
1097 2054 1469 2128 consistes?
1496 2054 1615 2155 jus
1652 2055 1797 2156 ipsa
1838 2055 2010 2155 legis
2052 2058 2241 2155 posi-

191 2171 346 2243 tione
369 2172 820 2244 manifestum
850 2192 992 2244 est:
1023 2197 1194 2244 nam
1222 2198 1447 2270 quum
1478 2190 1743 2269 raptam
1773 2170 1975 2243 educi
2008 2170 2082 2242 in
2111 2170 2243 2244 hoc

184 2284 418 2383 jubeat,
453 2309 531 2363 ut
561 2307 866 2360 mortem
893 2286 1004 2360 vel
1039 2286 1320 2388 nuptias
1352 2305 1576 2386 optet3
1614 2285 1980 2360 manifesto
2017 2307 2247 2359 osten-

193 2400 272 2472 dit
289 2428 430 2476 eam
455 2404 660 2478 educi
691 2424 999 2506 oportere
1017 2461 1036 2494 ‚
1062 2403 1176 2477 cui
1199 2424 1577 2504 utrumque
1601 2402 1905 2478 liberum
1934 2402 2039 2476 sit.
2063 2404 2243 2475 Prae-

191 2537 340 2590 terea
353 2521 498 2622 jam
526 2548 622 2594 ne
651 2543 854 2621 raptae
885 2521 1174 2620 quidem
1215 2547 1479 2593 nomen
1518 2520 1772 2594 habere
1802 2540 2056 2620 potest,
2089 2546 2243 2619 quae

191 2655 374 2734 nupta
403 2659 540 2711 est:
581 2637 788 2710 sicuti
822 2664 1084 2710 nomen
1122 2637 1562 2737 pupillorum
1595 2636 1904 2736 legitimo
1938 2656 2244 2733 tempore

193 2749 437 2824 finitur:
473 2753 659 2826 sicut
687 2751 930 2825 orbam
962 2779 1172 2825 nemo
1216 2759 1368 2853 p'ost
1401 2752 1685 2852 nuptias
1725 2749 1965 2822 dixerit
1994 2777 2009 2821 :
2042 2749 2245 2822 sicuti

189 2865 430 2967 virginis
461 2870 1009 2972 appellationem
1039 2896 1176 2942 nox
1204 2869 1323 2942 illa
1353 2868 1689 2942 maritalis
1723 2868 1979 2957 aufert;
2024 2866 2117 2939 ita
2155 2895 2245 2940 ne

192 3003 357 3082 rapta
386 2986 678 3083 quidem
714 2985 851 3059 dici
884 3005 1144 3084 potest,
1181 3010 1333 3083 quae
1362 2983 1697 3055 maritum
1728 2981 1980 3054 habere
2009 2981 2242 3080 coepit:

189 3094 324 3172 licet
363 3102 573 3202 igitur
623 3123 830 3202 raptae
873 3100 1292 3200 permissum
1332 3097 1418 3172 sit
1450 3123 1895 3198 quocumque
1936 3117 2245 3196 tempore

191 3235 426 3314 optare,
459 3237 703 3317 nuptae
735 3238 968 3316 optare
1005 3215 1422 3316 permissum
1458 3239 1603 3285 non
1638 3233 1759 3284 est.
1789 3213 1955 3284 Haec
1983 3239 2064 3284 ex
2093 3211 2245 3311 lege

191 3333 761 3422 manifesta'sunt,
800 3332 920 3405 illa
957 3359 1036 3403 ex
1067 3329 1425 3431 aequitate:
1459 3349 1617 3402 ante
1648 3327 1891 3400 omnia
1924 3351 2066 3398 non
2101 3346 2243 3397 tarn

189 3443 402 3520 duram
447 3477 594 3522 esse
643 3448 752 3520 lex
789 3447 1007 3520 voluit
1044 3446 1556 3534 conditionem,
1600 3463 1678 3516 ut
1709 3467 1982 3541 semper
2016 3463 2251 3540 raptor

190 3563 520 3658 puniretur
547 3593 562 3638 ε
596 3564 756 3637 ideo
785 3585 851 3637 et
883 3561 1364 3636 misericordiae
1394 3560 1629 3632 locum
1660 3557 1843 3630 fecit.
1877 3557 1964 3627 Et
1996 3555 2247 3628 idcirco

182 3675 304 3773 jam
327 3707 468 3754 non
497 3680 591 3755 ad
621 3680 853 3780 ipsum
881 3677 1368 3752 tantummodo
1386 3689 1439 3768 ²,
1462 3673 1584 3773 qui
1608 3673 1870 3774 rapuit,
1896 3671 2015 3744 sed
2041 3671 2249 3743 etiam

253 3841 288 3878 1.
311 3827 540 3883 Meretur
559 3828 967 3882 advocationem.
998 3825 1057 3878 Id
1083 3840 1162 3880 est
1243 3822 1621 3878 tantummodo.
1640 3820 1828 3875 Noluit
1846 3821 1927 3872 lex
1940 3857 1957 3884 ‚
1973 3832 2031 3870 ut
2046 3835 2251 3888 semper

189 3921 386 3972 moram,
407 3907 734 3961 dilationem.
751 3907 872 3961 vid.
896 3906 975 3959 cl.
997 3907 1159 3960 Graev.
1243 3919 1427 3978 raptor
1458 3906 1753 3977 puniretur,
1781 3914 2142 3974 perpetuaque
2170 3915 2251 3952 es·

186 3981 244 4033 ad
255 3983 410 4040 Cicer.
427 3985 496 4039 ad
511 3989 656 4040 Fam.
673 3987 794 4052 vll,
818 4005 834 4039 ι
854 4004 899 4054 ι,
919 4001 972 4040 et
985 3987 1162 4039 Vox-st.
1243 4001 1322 4041 set
1345 3985 1597 4040 adversus
1617 4003 1739 4037 eum
1760 3983 2025 4035 accusatio
2046 3993 2100 4030 et
2118 3979 2252 4032 eiec-

189 4061 244 4112 πᾶ
261 4063 366 4118 val.
390 4069 533 4120 Max.
560 4067 636 4126 11,
658 4083 720 4136 9,
747 4082 790 4118 1.
816 4067 984 4118 Banu.
1243 4069 1336 4119 tio.
1358 4069 1437 4118 Ita
1458 4065 1543 4132 fit,
1564 4082 1726 4134 quum
1747 4074 1899 4132 rapta
1920 4057 2121 4112 nullam
2140 4077 2252 4111 am-

249 4159 290 4196 2.
313 4149 379 4200 Et
405 4149 601 4202 idcirco
617 4151 738 4222 jam
766 4167 876 4200 non
901 4147 971 4200 ad
997 4149 1164 4220 ipsum
1243 4149 1387 4222 plius
1422 4149 1687 4200 actionem
1723 4141 1951 4210 habeat,
1988 4159 2102 4213 quoe
2138 4159 2248 4196 non
