2855 4871
573 430 658 495 80
1073 427 1166 493 M.
1217 425 1471 491 FABII
1516 421 2159 507 QUINTILIANI

577 690 636 709 νδ
643 684 1603 707 mmmfflwwwm

1894 680 2677 705 mmmmmmm

1392 874 1855 953 CCLXII.

1147 1106 1444 1179 Maritus
1478 1111 1762 1205 virqinis
1794 1122 2051 1205 raptor.

577 1314 816 1373 Imusrr
847 1331 1098 1373 nepum!
1139 1331 1234 1371 sn·
1267 1331 1466 1371 Aca-10.
1499 1310 1625 1387 Qui
1658 1308 1926 1370 habebat
1954 1330 2239 1387 uxorem,
2262 1310 2471 1393 rapuit
2496 1310 2682 1391 virgi-

657 1430 838 1469 nem:
881 1408 1128 1490 nuptias
1167 1420 1344 1490 rapta
1383 1408 1655 1491 optavit:
1692 1407 1797 1469 ille
1833 1406 2183 1490 repudiavit
2217 1427 2513 1467 uxorem:
2552 1407 2680 1487 agit

657 1506 766 1567 illa
790 1504 1000 1588 injusti
1027 1505 1291 1589 repudii.

1273 1707 1979 1776 DECLAMATIO.

679 1871 822 1941 Lex
867 1868 1113 1971 injusti
1143 1883 1160 1913 ¹
1210 1868 1484 1969 repudii
1534 1868 1843 1941 maxime
1888 1866 2272 1940 necessaria
2316 1864 2404 1937 ad
2452 1862 2681 1936 conti-

585 1981 820 2055 nenda
859 1983 1354 2075 matrimonia,
1397 2006 1467 2057 et
1507 1982 1614 2056 his
1658 1982 2002 2083 praecipue
2036 1981 2388 2073 moribus,
2423 1980 2683 2080 quibus

587 2100 802 2174 finem
827 2122 1104 2174 tanturn
1127 2101 1493 2173 necessitas
1508 2100 1705 2191 fecit,
1728 2126 1938 2199 super
1952 2126 2199 2171 omnes
2216 2098 2405 2197 leges
2422 2095 2683 2169 tuenda

585 2236 706 2287 est.
739 2217 1202 2316 Repudiatam
1241 2217 1331 2287 ab
1368 2216 1503 2288 hoc
1542 2243 1831 2290 uxorem
1872 2242 2015 2289 esse
2054 2213 2511 2286 manifestum
2548 2232 2680 2284 est:

585 2328 936 2427 reliquum
959 2352 1095 2421 est,
1129 2352 1208 2403 ut
1226 2332 1498 2429 aliquid
1526 2331 1899 2430 repudiatae
1926 2330 2243 2431 objiciat:
2278 2329 2371 2405 ita
2392 2327 2681 2399 demum

585 2446 781 2517 enim
822 2468 1041 2546 potest
1068 2475 1209 2520 esse
1233 2447 1510 2550 justum
1540 2448 1953 2548 repudium,
1994 2448 2049 2520 si
2090 2445 2351 2520 meruit
2382 2445 2497 2536 id,
2535 2469 2683 2544 quae

586 2563 1013 2662 repudiatur.
1047 2565 1151 2636 Ne
1187 2565 1332 2666 ipse
1361 2565 1651 2663 quidem
1686 2587 1831 2638 tam
1862 2564 2237 2664 impudens
2271 2583 2404 2654 est,
2440 2587 2685 2660 quam-

583 2705 802 2778 quam
849 2707 993 2752 non
1038 2679 1212 2753 desit
1258 2681 1592 2771 audacia,
1642 2702 1721 2753 ut
1768 2681 2033 2753 crimen
2077 2679 2305 2752 ullum
2346 2679 2571 2778 fingat
2613 2677 2683 2748 in

587 2823 872 2870 uxorem
903 2826 917 2868 ε
952 2798 1346 2872 necessitate
1383 2797 1803 2871 defenditur.
1838 2802 2156 2871 Poteram
2192 2795 2418 2869 dicere
2441 2853 2460 2888 ,
2494 2793 2685 2867 aliud

586 2939 732 2983 esse
745 2913 1022 3014 justum
1051 2941 1066 2984 :
1101 2942 1270 2986 nam
1302 2915 1409 2987 lex
1445 2915 1686 3017 injusti
1714 2913 1985 3014 repudii
2020 2933 2281 3013 spectat
2316 2931 2686 3010 utramque

589 3053 958 3125 personam
989 3056 1003 3097 :
1042 3056 1170 3101 nec
1195 3031 1358 3102 satis
1389 3050 1488 3103 est
1518 3030 1590 3101 id
1622 3031 1833 3102 modo
1866 3029 2161 3120 intueri,
2196 3026 2369 3127 quid
2400 3025 2687 3098 maritus

587 3141 810 3213 facere
835 3141 1186 3233 debuerit3
1221 3171 1465 3216 verum
1497 3143 1571 3216 id
1600 3171 1882 3245 quoque
1909 3144 2329 3216 intuendum
2361 3162 2495 3229 est,
2520 3137 2695 3242 quid'

591 3257 732 3354 pati
767 3257 1087 3331 debuerit
1127 3285 1335 3332 uxor:
1379 3287 1592 3359 quare
1626 3261 1793 3333 licet
1831 3281 1906 3332 tu
1947 3261 2327 3333 necessario
2356 3259 2690 3358 repudia-

669 3425 830 3478 μία
849 3429 1045 3500 injusti.
1062 3429 1284 3498 Quintil.
1301 3433 1427 3482 lust.
1446 3431 1595 3483 Orat.
1682 3429 1875 3502 quibus
1905 3431 2008 3482 fori
2032 3429 2332 3483 actionibus
2365 3441 2417 3481 et
2450 3425 2691 3481 formulis

591 3505 682 3558 lib.
699 3505 821 3571 vu,
845 3525 963 3580 cap.
989 3509 1051 3575 4,
1067 3507 1112 3580 §.
1131 3509 1230 3562 38:
1263 3531 1286 3555 ι
1306 3509 1603 3582 Simplicio·
1682 3509 2017 3582 respondent.
2043 3515 2231 3582 injusti
2248 3508 2458 3582 repudii
2479 3523 2575 3563 aut
2594 3527 2693 3561 ma-

597 3609 620 3634 c·
641 3606 728 3641 res
747 3587 846 3640 ille
866 3589 1226 3643 cavillationes
1247 3591 1430 3662 injusti
1448 3609 1603 3662 repu-
1682 3589 1745 3642 1ae
1760 3594 2108 3656 tractationis,
2124 3593 2201 3642 rei
2222 3594 2419 3644 uxoria
2434 3593 2579 3642 actio
2598 3601 2701 3642 est.-

597 3691 620 3714 «
641 3666 748 3734 dii,
780 3667 880 3721 sub
914 3687 1017 3741 qua
1053 3669 1200 3740 lege,
1235 3673 1615 3723 controversia·
1684 3689 1851 3742 quum
1866 3673 2136 3743 queritur,
2152 3675 2321 3724 utrius
2340 3671 2499 3743 culpa
2522 3671 2695 3723 divor-

599 3771 622 3794 «
641 3745 775 3800 illud
810 3751 1085 3818 proprium
1117 3747 1350 3814 habent,
1383 3747 1533 3820 quod
1570 3767 1603 3800 a
1683 3755 1816 3805 tium
1828 3755 2029 3806 facturn
2047 3756 2129 3805 sit.
2152 3753 2413 3806 Caeterum
2432 3751 2503 3806 de
2522 3753 2693 3806 divor·

599 3849 622 3871 ⁴·
643 3839 796 3897 parte
820 3828 1118 3879 accusantis
1141 3825 1384 3880 defensio
1408 3841 1489 3880 est
1504 3863 1521 3891 ‚
1550 3841 1615 3878 et·
1684 3833 1795 3897 tiis,
1826 3835 2000 3885 causis
2028 3832 2374 3884 divortiorum
2389 3870 2408 3897 ‚
2442 3843 2497 3884 et
2525 3833 2693 3904 poenis

601 3931 622 3954 ιι
643 3906 1004 3972 defendentis,
1033 3909 1328 3972 accusatio,
1359 3921 1459 3959 etc.
1486 3931 1507 3954 a
1535 3907 1604 3959 n-
1688 3911 1847 3982 culpn
1874 3913 2243 3964 divertentium
2260 3952 2277 3980 ,
2304 3911 2451 3983 pleni
2476 3926 2606 3964 sunt
2632 3909 2695 3962 li-

595 3989 664 4041 lic
691 4007 874 4042 omnes
902 3990 1013 4042 fere
1041 3989 1179 4056 loci,
1205 3990 1296 4061 qui
1324 3989 1378 4041 in
1407 3987 1604 4041 scholis
1682 3990 1765 4042 bri
1802 4006 1856 4044 et
1893 4007 2163 4046 oratorum
2200 4007 2253 4046 et
2284 3994 2695 4066 jurisconsulto-

597 4071 810 4120 traotari
829 4069 1030 4136 solent,
1049 4068 1350 4122 summatim
1367 4069 1605 4120 referun·
1682 4087 1835 4122 rum:
1875 4075 2013 4123 inter
2054 4089 2190 4143 quos
2226 4072 2345 4125 vide
2386 4071 2601 4143 Ulpian.
2642 4073 2693 4123 in

597 4159 696 4195 mr.
737 4147 959 4200 Necnon
989 4147 1072 4200 ibi
1109 4147 1306 4201 Fabius
1341 4146 1603 4219 explicat,
1684 4149 2009 4219 Fragmentis
2030 4153 2105 4204 tit.
2130 4149 2195 4204 de
2214 4150 2448 4204 dotibus.
2476 4152 2657 4205 AEnoo.
