2855 4871
591 410 721 475 320
1035 464 1042 471 .
1095 408 1189 473 M.
1235 408 1487 473 FABn
1530 408 2167 492 QUINTlLlAM

589 532 892 607 feminae.
917 532 1180 605 Adsum
1204 532 1370 604 huic
1387 533 1702 605 feminae:
1731 532 1896 605 duxi
1921 561 2002 605 ex
2023 555 2143 606 tua
2160 558 2457 633 persona
2482 560 2684 633 argu·

593 670 947 737 mentum,
992 648 1242 720 ducere
1281 674 1361 719 ex
1405 668 1635 719 nostra
1673 646 1855 719 volo.
1902 647 2075 720 Dico
2118 649 2308 720 hunc
2352 647 2679 719 animum

588 764 794 835 fuisse
817 763 1071 851 divitis,
1099 784 1177 834 ut
1197 762 1377 834 hanc
1398 763 1648 835 faceret
1668 762 2021 834 heredem.
2050 763 2271 861 Cujus
2300 762 2463 835 fidei
2490 788 2683 833 com-

589 878 802 949 mittit
819 892 836 921 ¹
857 877 886 947 Ξ)
919 878 1249 949 maritum
1279 878 1544 977 scripsit
1565 876 1892 949 heredem
1919 905 1934 948 ε
1964 904 2125 976 ergo
2150 877 2205 949 si
2234 903 2465 974 neque
2490 877 2684 948 inve-

587 993 723 1064 niri
758 1019 1051 1093 persona
1088 992 1429 1065 infirmior
1462 1014 1683 1093 potest
1713 993 1961 1083 altera,
1997 1018 2152 1091 quae
2194 992 2318 1065 tibi
2353 991 2685 1092 subjicia-

587 1131 730 1199 tur,
783 1137 994 1208 quam
1043 1109 1224 1197 haec3
1273 1135 1502 1208 neque
1548 1108 1963 1180 familiarior
2006 1108 2212 1198 huic,
2257 1135 2472 1206 quam
2518 1129 2681 1198 tua3

587 1224 916 1296 credibile
965 1245 1096 1314 est,
1145 1223 1401 1296 idcirco
1448 1225 1543 1299 sic
1588 1224 1924 1324 scriptum
1973 1250 2112 1296 esse
2156 1228 2683 1295 testamentum.

584 1340 928 1429 Quaedam
989 1360 1400 1439 argumenta
1458 1340 1673 1412 etiam
1726 1367 1806 1411 ex
1856 1338 2323 1412 incommodis
2381 1341 2689 1439 petenda

585 1469 824 1527 sunt²z
859 1456 1071 1528 fuerit
1100 1482 1376 1528 necesse
1415 1476 1516 1528 est
1547 1454 1715 1527 ratio
1754 1454 1992 1555 aliqua
2024 1476 2093 1527 et
2124 1482 2325 1527 causa
2345 1476 2691 1555 ,propter

585 1596 798 1668 quam
851 1570 1037 1643 dives
1089 1599 1231 1644 non
1283 1572 1548 1698 ipsam,
1602 1569 1690 1642 ad
1739 1596 1957 1669 quam
1982 1570 2359 1669 pervenire
2404 1570 2689 1641 volebat

583 1684 1074 1775 hereditatem,
1099 1684 1363 1784 scripsit
1386 1670 1752 1756 heredem:
1777 1682 2112 1756 obstiterit
2128 1704 2396 1783 oportet
2420 1684 2684 1783 pudor3

581 1827 725 1872 non
753 1800 870 1873 ille
899 1801 1354 1902 praetereundi
1386 1800 1716 1904 aliquem
1722 1798 2323 1898 propinquorum3
2353 1800 2687 1897 praeteriit

583 1917 770 1989 enim
802 1946 816 1989 :
849 1944 994 1991 non
1032 1918 1147 1990 ille
1180 1916 1527 1991 scribendi
1557 1915 1864 2016 aliquem
1902 1914 2310 2005 extrarium;
2340 1914 2683 1987 heredem

581 2033 770 2107 enim
802 2035 1069 2135 scripsit
1100 2034 1471 2108 extrarium
1502 2062 1516 2106 t
1554 2060 1697 2105 non
1736 2033 1853 2105 ille
1886 2033 2073 2106 bona
2104 2060 2228 2104 sua
2264 2034 2336 2103 in
2366 2032 2682 2131 aliquem

579 2150 925 2223 humilem
962 2150 1412 2238 demittendi3
1448 2149 1740 2223 demisit.
1755 2149 1947 2222 enim
1978 2176 1992 2219 ε
2032 2148 2374 2220 obstiterit
2404 2167 2683 2247 oportet

577 2265 987 2336 familiarior
1010 2265 1242 2362 aliqua
1265 2292 1473 2357 causa
1497 2294 1512 2336 :
1536 2292 1677 2336 non
1693 2263 1973 2363 ‘poterat
1992 2264 2181 2338 salvo
2203 2262 2469 2362 pudore
2489 2263 2679 2336 hanc

579 2382 865 2454 scribere
894 2381 1246 2456 heredem.
1283 2384 1527 2455 Postea
1547 2381 1742 2455 vobis
1774 2408 2054 2455 causam
2083 2378 2515 2454 verecundiae
2546 2381 2683 2452 hu-

569 2496 686 2598 jus
707 2499 1108 2598 approbabo
1125 2557 1146 2590 ,
1172 2521 1407 2599 postea
1434 2499 1800 2572 scribentis
1826 2498 2147 2571 animum
2174 2527 2187 2569 :
2229 2497 2512 2570 interim
2542 2497 2679 2568 fuit

575 2613 837 2713 aliquid
856 2672 875 2705 ,
902 2614 1092 2714 quod
1117 2614 1416 2688 obstaret
1440 2613 1670 2703 diviti,
1697 2640 1836 2713 quo
1867 2614 2101 2685 minus
2130 2613 2316 2685 hanc
2349 2613 2677 2685 scriberet

577 2731 928 2804 heredem.
957 2733 1120 2824 Quo
1152 2733 1396 2805 merito
1415 2789 1435 2823 ,
1468 2732 1731 2833 inquit,
1762 2753 1980 2804 tuo-te
2006 2729 2270 2830 scripsit
2296 2729 2673 2802 heredem?

573 2873 698 2919 vox
720 2848 1117 2920 communis
1135 2870 1266 2921 est:
1293 2849 1539 2921 iisdem
1561 2846 1784 2918 verbis
1809 2847 2227 2944 interrogare
2252 2866 2316 2917 te
2343 2871 2668 2943 possum:

574 2961 744 3090 quid
773 2989 1116 3036 merueras
1135 3020 1154 3055 ,
1181 2985 1257 3036 ut
1281 2985 1344 3036 te
1365 2963 1686 3036 scriberet
1706 2961 2075 3034 heredem?
2095 2959 2439 3060 quamdiu
2465 2961 2667 3032 etiam

571 3076 852 3148 tertium
879 3105 1024 3150 non
1055 3079 1370 3169 exhibes,
1404 3079 1518 3152 cui
1549 3077 1881 3150 debeatur
1909 3067 2286 3164 hereditas,
2328 3075 2515 3146 inter
2546 3101 2669 3146 nos

571 3191 854 3289 quaestio
881 3215 999 3264 est.
1034 3195 1106 3264 Si
1136 3195 1598 3284 nominasseS,
1631 3193 1913 3264 fortasse
1939 3211 2005 3262 et
2028 3190 2127 3262 illl
2159 3189 2459 3261 dicerem
2478 3215 2665 3286 ,quo

573 3305 867 3378 merito?
905 3309 1028 3380 sed
1069 3335 1300 3405 neque
1345 3309 1671 3381 nominas
1710 3307 1939 3380 ullum
1978 3283 2393 3395 extrarium,
2436 3328 2661 3401 neque

567 3419 919 3492 vindicare
966 3423 1094 3493 tibi
1137 3444 1330 3523 potes
1370 3422 1883 3495 hereditatem:
1934 3419 2229 3521 proinde
2273 3418 2477 3491 nobis
2522 3445 2662 3489 res-

645 3598 688 3632 1.
733 3583 882 3654 Cujus
898 3581 1037 3656 fidei
1081 3585 1375 3638 committit.
1409 3585 1571 3636 Here-
1652 3587 1798 3636 Pr‘rn.
1836 3585 1912 3634 Ita
1946 3595 1997 3634 et
2026 3580 2104 3634 Cl.
2136 3577 2501 3649 Schultingius
2530 3595 2659 3628 cen·

567 3660 681 3711 dem
717 3677 859 3728 culus
888 3663 1067 3714 mariti
1088 3660 1226 3736 fidei
1258 3665 1567 3728 committit,
1652 3663 1972 3716 set—Non
1986 3659 2081 3712 ille
2101 3657 2655 3732 reperiundialiquem.

565 3745 712 3814 cujus
741 3743 993 3794 maritum
1024 3763 1061 3797 s.
1099 3743 1150 3795 h.
1189 3763 1353 3817 marg.
1385 3743 1566 3797 AErod.
1649 3743 1813 3812 Lege,
1854 3739 2212 3812 pratereundi.
2256 3739 2437 3789 AEnon.
2484 3739 2559 3788 lta
2604 3747 2658 3786 et

563 3852 635 3864 -—-
679 3823 846 3893 Quam
889 3834 998 3875 tua.
1051 3825 1222 3895 Quam
1267 3843 1402 3878 uxor
1440 3838 1565 3893 tua,
1648 3822 1850 3876 Schult.
1880 3835 1935 3874 et
1956 3821 2087 3875 Obr.
2110 3818 2451 3890 -Aliquem
2482 3829 2653 3868 exon-

568 3902 747 3954 Erod.
779 3931 846 3941 —-
877 3903 966 3955 Sic
997 3905 1240 3975 scriptum
1273 3923 1390 3957 esse.
1423 3904 1566 3956 Huic
1647 3904 1801 3954 rium.
1858 3900 1944 3952 At.
1994 3918 2073 3951 ex.
2124 3898 2411 3949 heredem.-
2456 3894 2653 3967 scripsit

563 3982 804 4052 scriptum
825 4000 938 4034 esse.
961 3981 1177 4034 Senum.
1644 3981 1786 4032 enim
1810 3989 1937 4031 extr
1966 3975 2144 4030 AErod.
2169 4005 2241 4017 —-
2266 3976 2317 4027 T
2312 3977 2516 4027 eretum
2540 3973 2649 4025 Ex-

638 4079 684 4112 2.
711 4063 960 4133 Quoedam
978 4076 1352 4136 argumentum
1379 4081 1422 4113 e.
1450 4062 1485 4112 i.
1508 4081 1562 4132 p.
1648 4061 1895 4122 trau-ium,
1921 4075 2083 4127 marg.
2112 4054 2292 4107 AErod.
2304 4051 2648 4123 -Quamdiu

563 4155 602 4203 ξ.
629 4139 892 4195 Videntur
924 4141 1036 4196 haec
1065 4144 1248 4215 potius
1279 4141 1563 4198 Sermonis.
1646 4142 1825 4196 etiam.
1858 4139 2121 4214 Quamdiu
2142 4137 2303 4192 enim.
2328 4135 2539 4190 Scitum.
