2855 4871
575 416 1412 482 DECLAMATIONES.
1462 416 1839 483 CCXCVI.
2137 422 2257 505 189

201 540 503 631 dormias,
534 566 756 638 quum
785 541 1070 612 fratrem
1105 540 1537 612 invitaveris:
1570 562 1650 613 ut
1676 540 1945 612 visurus
1974 542 2255 613 fratrem

195 675 328 753 post
347 654 630 752 longum
657 675 972 753 tempuS,
1005 652 1183 725 nihil
1217 654 1306 727 sis
1329 653 1636 744 locutus,
1672 655 2047 753 praesertim
2081 682 2259 727 non-

199 771 348 842 dum
375 792 594 843 exacta
625 792 867 861 nocte,
905 798 1129 868 quum
1159 769 1389 843 adhuc
1418 770 1731 870 vigilaret
1764 771 1877 843 ille
1907 772 2115 844 miser
2146 798 2261 845 ex-

199 883 317 956 sul:
339 904 398 955 et
413 886 688 956 fortasse
708 882 1012 957 accidere
1033 910 1320 956 somnus
1339 883 1455 955 hic
1474 884 1777 983 potuerit
1796 886 1974 957 inter
1994 885 2254 985 plures:

199 1006 312 1070 tres
338 999 518 1089 estis,
557 1020 625 1072 et
659 999 888 1072 omnis
922 1026 1150 1071 sermo
1184 1000 1258 1071 in
1292 1019 1585 1098 angusto
1618 1019 1737 1071 est.
1772 1000 2261 1073 Incredibilius

198 1115 310 1187 hoc
331 1116 529 1189 faciet
558 1137 791 1188 ortum
822 1116 1003 1189 inter
1027 1118 1310 1188 fratrem
1341 1136 1549 1187 tuum
1578 1117 2102 1215 parasitumque
2123 1118 2265 1219 jur-

200 1230 404 1329 gium:
435 1230 522 1301 ad
548 1231 728 1303 latus
758 1252 964 1302 tuum
989 1230 1174 1331 jacet
1202 1229 1352 1317 ille,
1393 1230 1516 1326 qui
1552 1228 1837 1321 clamat,
1873 1223 2061 1305 exsul
2090 1253 2259 1305 tace.

199 1346 541 1437 Quomodo
583 1347 733 1419 fieri
775 1367 1030 1447 potest,
1075 1368 1154 1419 ut
1195 1374 1284 1419 ne
1321 1346 1541 1446 ipsius
1575 1347 1864 1446 quidem
1909 1349 2110 1421 caedis
2152 1369 2268 1420 tu-

197 1462 398 1534 multu
424 1463 746 1536 excitatus
771 1462 905 1535 sis?
934 1463 1081 1535 fieri
1115 1490 1258 1535 non
1281 1478 1298 1508 ¹
1335 1484 1591 1561 potest,
1618 1485 1697 1537 ut
1714 1456 2032 1565 'gladium
2057 1468 2267 1538 frater

199 1596 332 1649 tuus
363 1604 500 1649 non
527 1576 821 1650 viderit?
852 1604 997 1649 non
1027 1599 1091 1649 te
1121 1578 1543 1667 excitaverit,
1579 1605 1803 1676 quum
1839 1578 2264 1679 periclitare-

197 1694 326 1765 tur?
349 1694 468 1766 His
501 1694 834 1767 omnibus
863 1694 1322 1767 manifestum
1357 1716 1495 1785 est,
1532 1694 1664 1767 hoc
1703 1716 1977 1768 tanturn
2012 1698 2265 1797 quaesi-

199 1828 326 1880 tum
361 1810 832 1909 patrocinium
878 1836 1021 1882 esse
1039 1824 1092 1900 ²,
1139 1809 1330 1909 quod
1371 1810 1758 1907 parasitum
1798 1811 1873 1882 in
1910 1813 2267 1910 praesentia

201 1922 523 1998 dimisisti:
565 1923 875 2024 glorieris
908 1924 1098 1995 enim
1132 1923 1324 2014 lieet,
1363 1924 1555 2023 quod
1595 1950 1739 1996 non
1778 1946 2009 1997 tecum
2046 1926 2267 1998 inter-

201 2038 495 2113 fectorem
549 2040 777 2113 fratris
822 2039 1076 2112 habeas
1104 2095 1123 2129 ,
1173 2040 1357 2111 itane
1408 2039 1542 2111 hoc
1588 2039 2084 2125 tandem,satis
2129 2042 2269 2114 fuit

203 2154 508 2230 dimittere
575 2156 1048 2256 impunitum,
1109 2156 1459 2229 dimittere
1517 2155 1972 2228 inviolatum?
2022 2157 2266 2256 magni

202 2270 449 2345 affectus
489 2272 660 2375 jura
709 2298 852 2343 non
899 2292 1233 2371 spectant.
1281 2270 1417 2344 Sed
1467 2298 1557 2344 ne
1603 2270 1927 2343 dimisisti
1975 2272 2265 2372 quidem

201 2386 359 2461 bona
387 2390 523 2463 fide
553 2417 572 2463 ε
618 2415 787 2461 nam
817 2409 885 2462 et
912 2388 1235 2462 sustineri
1270 2387 1517 2461 absens
1545 2410 1809 2488 potest:
1850 2416 1979 2462 nec
2017 2388 2267 2463 dubito

201 2505 348 2602 quin
376 2526 802 2607 exspectetur
834 2531 1022 2577 mors
1055 2531 1234 2577 mea.
1264 2507 1361 2576 Ut
1392 2531 1555 2603 ergo
1590 2531 1735 2577 non
1769 2504 1999 2577 solum
2025 2504 2265 2605 justae,

203 2619 299 2689 sed
331 2623 532 2694 etiam
581 2619 1014 2693 miserabiles
1055 2645 1272 2692 causae
1315 2619 1774 2692 abdicationis
1814 2619 1988 2708 sint,
2034 2619 2266 2690 filium

201 2734 440 2830 perdidi
479 2761 564 2809 eo
599 2756 908 2834 tempore
929 2793 947 2827 ,
987 2761 1126 2832 quo
1157 2734 1370 2806 miser
1402 2754 1587 2806 erat:
1624 2760 1770 2805 non
1802 2732 2003 2804 licuit
2028 2732 2267 2804 saltem

202 2845 264 2916 in
297 2852 542 2947 patria,
597 2877 742 2922 non
787 2852 860 2922 in
907 2850 1116 2922 domo
1163 2876 1322 2938 sua,
1366 2871 1752 2924 extremum
1798 2847 1901 2919 illi
1940 2847 2266 2946 spiritum

201 2962 569 3038 effundere:
602 2966 722 3038 sed
751 2966 942 3066 quod
972 2985 1070 3037 est
1095 2963 1915 3052 contumeliosissimum,
1940 2963 2266 3035 manibus

200 3080 477 3175 parasiti,
523 3103 598 3155 et
636 3082 930 3181 impune
971 3080 1231 3155 occisus
1271 3101 1404 3170 est,
1450 3106 1663 3179 quem
1705 3079 2082 3178 indignum
2127 3101 2267 3154 erat

199 3191 458 3296 impune
498 3197 743 3270 saltem
779 3196 1006 3270 male³
1043 3196 1334 3269 audisse.

263 3353 302 3388 ι.
318 3339 446 3392 Men·
462 3361 590 3394 non.
610 3341 747 3394 Fieri
765 3361 830 3395 ne
844 3344 1042 3416 potest?
1059 3342 1176 3395 Scn.
1259 3340 1376 3392 neri
1387 3344 1586 3412 potes&
1601 3353 1653 3390 et
1666 3337 1916 3410 explicari
1932 3355 1995 3389 ex
2009 3335 2266 3388 industria

199 3413 318 3468 F'oen'
335 3437 454 3470 num
475 3422 684 3492 potest?
704 3421 966 3486 Latinius,
987 3419 1118 3472 Oba
1261 3430 1625 3491 comparatum
1646 3457 1661 3484 ‚
1699 3431 1969 3490 captatum
1990 3453 2007 3480 .‚
2045 3417 2266 3468 affecta·-

259 3515 301 3549 2.
327 3501 439 3552 Hoc
465 3513 676 3554 tantum
705 3503 974 3576 quoesitum
998 3514 1180 3572 patro-
1264 3512 1403 3564 tum,
1427 3511 1487 3550 ut
1510 3512 1563 3549 et
1586 3495 1805 3560 falsum,
1829 3511 1887 3548 ut
1912 3495 2099 3548 millies
2122 3492 2268 3566 apud

201 3576 370 3629 ciuium
384 3599 496 3632 esse.
513 3581 656 3650 Lege
672 3602 684 3630 ι
703 3581 1013 3652 patrocinio·
1036 3580 1182 3649 Quoe·
1262 3579 1411 3631 alios,
1424 3579 1495 3630 Ut
1510 3575 1850 3649 Propert.111‚
1868 3576 1953 3642 24,
1971 3577 2001 3628 8
2016 3597 2027 3626 ε
2049 3599 2071 3622 a
2086 3573 2268 3641 Quum

201 3657 329 3708 tium
353 3674 430 3713 est
460 3673 830 3732 comparatum
845 3698 864 3726 ‚
897 3659 964 3711 de
995 3659 1180 3711 indus·-
1267 3681 1288 3706 ι
1309 3660 1406 3711 tibi
1421 3661 1665 3730 qums-itus
1681 3657 1885 3710 candor
1900 3659 1954 3708 in
1972 3673 2065 3708 ore
2074 3653 2259 3707 foret.-

205 3736 292 3787 tria·
317 3739 530 3792 factum.
569 3739 705 3790 Vide
741 3739 811 3790 ad
848 3741 1184 3810 superiorum
1263 3739 1380 3790 Vid.
1406 3739 1475 3789 ad
1497 3737 1731 3790 Declam.
1756 3737 2017 3790 CCLXIV.

201 3813 558 3873 Declamation.
597 3819 983 3872 duodecimam.
1014 3819 1178 3871 Gnou.
1335 3817 1384 3869 3.
1406 3815 1603 3869 Saltem
1623 3813 1781 3865 male.
1802 3817 1903 3866 Pro
1926 3813 2033 3880 vel,
2050 3825 2109 3863 ut
2126 3809 2262 3862 Flor.

201 3893 286 3948 Sed
303 3911 352 3952 et
379 3900 652 3972 quoest’tum
677 3895 1035 3972 patrocinium
1060 3902 1185 3952 ποτὶ-
1261 3899 1339 3964 11,
1360 3899 1424 3951 6:
1452 3897 1713 3953 Delibasse
1732 3893 1916 3948 saltem
1939 3892 2116 3948 oeulis.
2144 3889 2263 3942 Seu.
