2855 4871
623 439 1452 523 DECLAMA'rioNES.
1499 455 1781 522 chn.
2161 458 2243 528 35

205 581 495 654 maleficii
536 582 664 654 reis
700 582 982 654 nullum
1026 582 1395 655 discrimen
1441 607 1580 654 esse
1616 603 1984 655 servatum.
2029 585 2246 657 Sum-

203 697 370 771 misit
386 698 625 796 aliquis
642 719 1014 799 raptorem:
1044 697 1454 796 inscriptum
1475 697 1768 769 malefici
1781 725 1902 769 um
1925 719 2050 772 est:
2075 703 2248 798 quid

200 823 389 914 ptenie
412 813 755 913 adjicitur,
781 813 968 913 quod
997 814 1317 885 adversus
1345 812 1729 911 petitricem
1751 870 1769 903 ,
1801 814 2247 914 quod-adver·

202 955 301 1000 sus
326 955 505 1016 eam,
551 953 705 1026 quae
747 927 1241 1017 sacerdotium,
1304 947 1380 997 ut
1421 926 1592 1017 dixi,
1618 925 1767 1028 jam
1819 951 2033 1027 prope
2061 955 2246 1004 acce-

200 1043 403 1143 perat?
426 1065 696 1116 tantum
729 1043 938 1115 etiam
965 1041 1043 1114 in
1074 1041 1238 1142 ipsis
1266 1040 1620 1141 suppliciis
1649 1042 2006 1114 habiturus
2037 1044 2242 1136 lucri,

200 1159 263 1230 in
293 1159 697 1258 compendio
736 1179 1087 1249 numeret,
1123 1157 1312 1255 quod
1356 1157 1513 1256 plus
1547 1157 1915 1230 malefecit.
1951 1159 2247 1260 Reliqua

197 1301 320 1347 una
361 1275 633 1372 quaestio
672 1295 809 1367 est,
855 1301 945 1347 an
985 1275 1156 1364 hoc,
1204 1274 1392 1372 quod
1431 1274 1654 1346 filiam
1697 1301 1927 1346 meam
1970 1276 2199 1374 rapuit
2223 1334 2243 1368 ,

198 1391 361 1489 quod
396 1390 511 1464 illo
542 1412 893 1491 tempore,
928 1391 1118 1490 quod
1161 1411 1313 1490 post
1351 1389 1527 1461 illud
1573 1389 1814 1490 populi
1849 1389 2200 1491 judicium
2225 1447 2244 1481 ,

196 1506 451 1580 credatis
490 1533 639 1579 non
680 1533 723 1578 a
762 1506 979 1578 ‘divite
1028 1506 1376 1578 effectum.
1431 1505 1627 1577 Nihil
1673 1507 2062 1604 argumenti
2093 1521 2110 1550 ¹
2167 1533 2249 1579 ex

194 1622 471 1694 moribus
513 1623 709 1695 istius
751 1619 1041 1713 ducam,
1081 1621 1343 1694 etiamsi
1373 1619 1598 1720 qualis
1631 1621 1751 1712 sit,
1787 1647 2000 1720 quam
2031 1621 2248 1694 disso-

192 1735 383 1829 lutus,
414 1763 629 1836 quam
652 1739 1043 1811 luxuriosus
1064 1764 1143 1809 ac
1168 1737 1510 1836 perditus,
1541 1738 1931 1836 argumenti
1953 1737 2111 1809 satis
2138 1737 2246 1811 vel

193 1879 312 1926 uno
338 1874 751 1954 argumento
778 1853 1051 1954 probari
1083 1854 1337 1954 potuit:
1365 1855 1740 1953 parasitum
1761 1853 2028 1926 habuit.
2061 1857 2248 1927 Inter

189 1965 341 2058 haec,
382 1989 458 2041 ut
496 1969 789 2069 opinor,
836 1969 1055 2068 posita
1090 1987 1187 2042 est
1221 1968 1570 2068 religionis
1598 1989 1832 2040 vestrae
1861 1971 2244 2062 cunctatio,

179 2081 446 2182 judices,
486 2107 579 2157 ut
605 2084 1021 2187 dispiciatis,
1056 2107 1293 2158 utrum
1334 2085 1664 2184 parasitus
1693 2111 1820 2156 sua
1849 2084 2198 2157 voluntate
2227 2143 2246 2177 ,

187 2223 264 2270 an
304 2203 636 2299 quoniam
682 2202 755 2274 id
805 2203 1001 2276 diviti
1045 2203 1448 2304 praestabat,
1505 2223 1845 2302 rapuerat.
1903 2179 2248 2274 Para'situs

188 2315 401 2412 rapuit.
428 2316 635 2408 Quid
666 2316 813 2390 ais?
838 2335 1115 2390 tautum
1142 2317 1247 2389 illi
1276 2317 1586 2390 vacuit2?
1609 2315 1874 2390 adeone
1898 2320 2248 2389 saturitate

186 2429 345 2527 apud
381 2454 442 2504 te
488 2431 904 2524 exundavit,
950 2453 1029 2505 ut
1065 2433 1228 2506 vilia
1274 2454 1490 2506 scorta
1522 2460 1665 2505 non
1699 2454 2073 2533 quaereret,
2123 2432 2246 2531 qui

185 2547 480 2621 omnibus
513 2568 884 2621 contentus
919 2548 1061 2621 est?
1092 2576 1180 2620 au
1212 2548 1397 2620 solus
1422 2547 1779 2620 oculos'ad
1812 2548 2151 2644 ingenuas
2181 2567 2248 2617 et

184 2660 257 2731 ad
280 2662 612 2763 virgineS,
647 2685 717 2736 et
742 2664 1050 2761 aliquem
1082 2664 1289 2737 etiam
1323 2684 1628 2765 petentes
1666 2664 2006 2734 honorem
2039 2660 2248 2731 attol-

184 2775 361 2851 leret?
380 2782 769 2878 Nunquam
812 2780 1095 2853 hercule
1130 2802 1273 2853 tam
1302 2780 1579 2851 felicem
1616 2782 1816 2850 istam
1847 2776 2244 2849 servitutem

1240 3000 1425 3035 rumor
1439 2994 1550 3033 erat
1565 2981 1816 3052 pauperis
1838 2978 1998 3031 filiam
2013 2980 2246 3033 futuram

180 2982 273 3051 ipsa
305 2984 469 3060 legum
506 2996 731 3052 natura,
770 2984 918 3057 quod
952 2982 1161 3037 videtur

1242 3064 1590 3118 sacerdotem.
1637 3065 1766 3115 Eam
1831 3063 2092 3132 parasitus
2146 3061 2244 3114 sub

180 3063 417 3133 requirere
438 3082 682 3138 sequens
707 3065 840 3137 ipsis.
866 3068 927 3116 ln
957 3062 1161 3134 legibus

178 3139 321 3206 enim,
342 3162 447 3195 non
468 3145 529 3195 in
548 3154 553 3157 “
575 3154 759 3195 natura
798 3160 1003 3207 rerum,
1039 3141 1163 3194 nul-

178 3216 269 3273 lum
287 3238 357 3277 est
375 3224 669 3278 discrimen
688 3237 968 3278 servatum.
990 3226 1155 3275 Eunu.

240 3318 257 3352 ι
269 3341 280 3351 .
294 3304 621 3377 Aryumenu'.
638 3303 699 3354 Et
715 3317 1088 3373 argumentum
1107 3316 1161 3356 et

176 3379 356 3433 initium
382 3384 545 3455 hujus
578 3382 985 3435 Declamationis
1018 3383 1161 3435 desi-

177 3456 395 3515 deratur:
433 3464 529 3516 sed
568 3464 761 3533 partim
802 3480 865 3515 ex
896 3481 988 3523 eo,
1019 3460 1163 3534 quod

176 3537 408 3611 reliquum
426 3554 537 3609 est,
556 3542 751 3612 partim
770 3560 832 3592 ex
852 3554 1161 3612 argumento

177 3612 564 3673 Declamationis
592 3618 893 3688 CCCLxx,
920 3622 1083 3687 infra,
1110 3632 1163 3671 et

178 3708 228 3745 ex
242 3696 426 3751 Seneca
440 3703 700 3753 Gonu-ov.
719 3698 812 3751 lib.
830 3700 895 3765 11,
912 3716 962 3764 2,
981 3698 1185 3751 thoma·

178 3776 329 3848 colligi
351 3794 399 3831 et
414 3782 623 3834 restitui
641 3794 820 3851 potest
840 3770 942 3833 Hoc
962 3778 1123 3831 modo
1138 3802 1155 3832 τ

180 3875 200 3902 ¹
216 3859 453 3917 Sacerdos
487 3877 639 3917 casta
677 3883 706 3915 e
734 3852 918 3930 castis,
954 3880 1089 3934 pura
1128 3880 1157 3915 e

180 3960 200 3983 ι
216 3944 345 4011 puris
368 3948 451 3997 sit.
490 3947 601 4015 Qui
636 3948 919 4016 ingenuam
945 3957 1159 4016 stupra-

178 4038 198 4063 ·
214 4023 358 4087 verit,
382 4022 473 4076 det
500 4024 689 4077 decem
710 4022 891 4075 millia.
914 4026 1157 4095 Inscripti

178 4120 198 4143 ⁸
216 4100 440 4157 maleficii
479 4108 549 4158 sit
580 4107 742 4159 actio.
765 4128 788 4151 ι
816 4107 1066 4176 Pauperis
1105 4116 1158 4156 et

1240 3146 1379 3198 diem
1396 3146 1762 3215 mysteriorum
1774 3182 1790 3210 ,
1810 3143 2099 3195 submissus
2115 3162 2143 3194 a
2163 3141 2246 3193 di-

1238 3230 1343 3279 vite
1356 3266 1373 3292 .,
1394 3226 1586 3298 rapuit.
1604 3226 1760 3278 Dives
1779 3244 1876 3296 pro
1898 3224 2136 3295 parasito
2152 3224 2248 3277 ob-

1239 3304 1358 3357 tulit
1383 3304 1568 3357 decem
1593 3303 1786 3356 milliat
1813 3304 2052 3373 inscripti
2081 3303 2247 3355 male—

1242 3385 1345 3435 ficii
1372 3402 1492 3435 reus
1518 3396 1612 3435 est.
1641 3386 1718 3435 De
1743 3382 1842 3433 hac
1875 3400 2037 3451 poena
2061 3380 2245 3433 decem

1240 3464 1462 3514 millium
1499 3461 1692 3513 Fabius
1732 3473 1912 3512 noster
1947 3461 2248 3511 Institutio-

1240 3558 1367 3592 num
1397 3554 1530 3591 orat.
1567 3539 1659 3591 lib.
1681 3540 1801 3602 vn,
1827 3555 1943 3609 cap.
1978 3540 2039 3605 4,
2072 3538 2120 3605 §-
2157 3538 2242 3591 36.

1240 3622 1315 3673 Ea
1335 3624 1558 3694 primum
1580 3620 1697 3690 lege
1711 3619 1938 3671 Scatinia
1959 3620 2244 3671 constituta

1240 3715 1333 3755 est.
1378 3706 1543 3754 Porro
1582 3702 1710 3774 quid
1743 3703 1808 3753 sit
1846 3704 2102 3771 scriptum
2137 3702 2244 3752 sive

1238 3786 1547 3855 inscriptum
1582 3782 1923 3849 maleficium,
1948 3780 2066 3832 vide
2093 3780 2240 3831 Decl.

1235 3862 1541 3916 cocxmv.
1569 3863 1623 3912 P.
1647 3862 1910 3913 AEnontus.
1935 3859 2014 3911 Cl.
2056 3856 2245 3909 Schul-

1236 3944 1430 4014 tingius
1449 3941 1656 4013 legebat
1666 3981 1685 4006 ‚
1708 3950 2012 4016 argumento
2022 3940 2142 3992 satis
2157 3936 2268 3990 vel·

1238 4040 1343 4074 uno
1354 4024 1566 4096 probari
1577 4025 1764 4093 potuit.

1308 4122 1356 4156 2.
1389 4104 1589 4157 Vacuit.
1611 4103 1940 4173 Schultingio
1967 4100 2214 4175 placebat
2225 4140 2242 4167 ,

172 4173 327 4236 divitis
350 4182 467 4237 fitia
484 4183 751 4257 petebant
771 4182 1153 4237 sacerdotium:
1227 4185 1454 4257 placui&
1467 4186 1690 4238 Francia
1707 4196 1760 4237 et
1775 4184 1976 4236 Pithoeo
1991 4222 2008 4251 ,
2023 4185 2240 4235 vacavit.

1944 4276 1991 4329 3.
