2855 4871
594 395 1433 474 DECLAMATIO‘NES.
1479 407 1852 472 cccmx.
2144 408 2266 496 457

155 529 470 618 possint?
503 553 624 610 an,
664 530 923 596 etiamsi
958 554 1094 596 non
1131 531 1386 621 possint
1416 530 1662 612 videri,
1701 549 1921 598 tamen
1960 533 2272 622 quoniam

157 633 254 700 ad
283 658 476 702 usum
491 686 507 714 ,
540 655 606 701 et
630 654 1094 702 ornamentum
1119 654 1438 703 matronae
1461 638 1671 724 parati
1692 640 1850 717 sint,
1878 638 1945 702 in
1971 638 2275 704 commis-

159 760 358 810 sum¹
388 747 618 812 venire
654 747 1036 836 potuerint?
1067 769 1151 811 an
1191 747 1257 810 in
1295 769 1491 812 usum
1524 749 1733 837 parati
1771 748 1942 814 sint?
1967 771 2086 828 an,
2124 747 2273 812 siin

159 873 372 916 usum
392 852 599 940 parati
625 853 784 932 sint,
813 875 950 918 non
974 853 1220 918 ostensi
1251 854 1465 917 teneri
1488 855 1771 942 possint,
1794 877 2002 945 quum
2030 854 2276 919 ostensi

163 955 342 1020 nihil
364 956 758 1023 debuerint?
769 981 876 1039 an,
900 960 1202 1048 quamvis
1223 957 1498 1023 scrutari
1520 976 1885 1024 matronam
1906 982 2041 1024 non
2061 958 2274 1037 liceat,

166 1077 240 1126 et
264 1063 408 1151 ipsa
438 1064 863 1151 permittente
888 1083 954 1130 et
977 1064 1333 1155 publicano
1356 1065 1653 1143 licuerit,
1683 1063 1964 1154 perinde
1993 1065 2076 1129 sit
2103 1087 2281 1131 scru-

165 1169 496 1233 tationem
537 1171 947 1259 permisisse,
989 1195 1066 1236 ac
1102 1195 1245 1236 rem
1290 1171 1701 1237 ostendisse?
1735 1195 1820 1236 an
1865 1169 2131 1235 dimissa
2171 1192 2277 1234 res

166 1276 314 1364 peti
338 1277 586 1366 possit?
607 1301 690 1342 an
715 1277 858 1344 haec
882 1274 1151 1344 dimissa
1177 1280 1296 1344 sit?
1317 1279 1494 1344 Dicit
1522 1279 1701 1344 enim
1725 1277 2119 1368 publicanus
2142 1299 2275 1343 non

168 1406 316 1448 rem
337 1434 354 1458 ‚
381 1383 499 1450 sed
527 1379 1044 1452 controversiam
1070 1386 1429 1452 dimissam.

169 1654 268 1674 m

667 1655 1546 1678 mmmm
1554 1653 2287 1678 mmmmm

1016 1857 1452 1936 CCCLX.

646 2090 760 2162 Lis
787 2088 870 2160 de
899 2085 1195 2178 dotibuS,
1228 2113 1460 2161 socrus
1490 2103 1557 2158 et
1583 2113 1817 2159 nurus.

179 2289 395 2350 Pnnm
432 2307 620 2348 nmo
653 2309 828 2350 noris
865 2309 1210 2350 unm-run.
1250 2287 1552 2365 Quaedam
1590 2287 1757 2370 apud
1789 2285 2029 2364 filium,
2059 2287 2286 2350 amisso

257 2385 432 2459 viro,
456 2383 663 2447 dotem
687 2385 957 2468 reliquit.
983 2384 1380 2463 Adolescens,
1405 2385 1592 2446 ducta
1615 2406 1807 2446 uxore
1826 2385 2065 2461 dotata,
2092 2384 2289 2447 deces-

257 2483 360 2542 sit.
385 2482 502 2542 Res
527 2481 829 2544 solvendo
853 2504 986 2543 non
1012 2498 1121 2544 est.
1149 2483 1555 2544 Contendunt
1578 2502 1787 2544 socrus
1814 2498 1879 2543 et
1899 2503 2095 2543 nurus
2110 2528 2127 2559 ,
2152 2496 2293 2543 utra

259 2580 543 2662 primum
571 2580 778 2642 dotem
806 2583 1088 2664 accipiat.

1051 2766 1418 2833 SERMO.

271 2923 630 2989 Mulierem
653 2924 831 2990 illam
857 2946 1124 2991 socrum
1148 2947 1357 2990 nurus
1382 2922 1589 3003 dicet,
1616 2921 1790 2987 hanc
1811 2924 2070 2991 ruinam
2096 2926 2295 3012 patri-

185 3034 397 3098 monii
438 3048 591 3121 post
629 3049 912 3097 mortem
955 3032 1079 3097 viri
1122 3033 1342 3097 statim
1385 3032 1707 3096 sensisse:
1750 3052 1887 3095 non
1932 3035 2291 3123 sumpsisse

187 3139 447 3219 dotem,
474 3163 560 3205 ne
585 3155 651 3205 et
675 3140 886 3206 filium
914 3138 1328 3205 decoloraret
1341 3148 1384 3221 ²,
1419 3155 1488 3203 et
1508 3136 1734 3204 dotem
1761 3161 2032 3237 quoque
2056 3139 2291 3231 perde·
2362 3208 2373 3216 ,

187 3263 312 3313 ret.
343 3250 574 3338 Itaque
605 3250 804 3313 etiam
830 3246 1120 3315 dotatam
1151 3246 1290 3344 filio
1319 3248 1630 3337 quaesisse
1658 3269 1965 3327 uxorem,
1988 3271 2123 3336 quo
2143 3248 2297 3313 faci-

187 3354 318 3419 lius
342 3369 568 3442 posset
590 3355 840 3419 ruentis
864 3354 1246 3441 patrimonii
1273 3354 1597 3419 rationem
1623 3351 1876 3417 fulcire.
1902 3350 2153 3431 Addat,
2180 3352 2298 3417 do-

188 3484 381 3528 nasse
405 3461 584 3526 illam
609 3461 746 3527 filio
775 3464 1168 3551 petitionem
1190 3460 1247 3545 33
1281 3462 1515 3542 hodie,
1544 3462 1695 3551 quia
1721 3459 2031 3541 decessit,
2058 3478 2294 3529 retrac-

191 3584 354 3634 tare.
385 3567 516 3634 Sed
540 3585 607 3633 et
631 3569 1029 3658 praescribat.

268 3744 315 3780 ι.
341 3729 522 3781 Parati
535 3729 640 3783 sint
661 3730 718 3780 in
735 3731 1080 3784 commissum.
1103 3732 1204 3783 Pa·
1281 3748 1394 3783 non
1427 3745 1541 3781 esse
1570 3725 1846 3779 solvendo.
1880 3727 1959 3779 Ita
1990 3750 2011 3774 ιι
2032 3728 2171 3779 fama
2201 3726 2295 3781 tle-

193 3808 294 3859 mti
329 3811 461 3872 sim,
501 3806 666 3859 videri
692 3808 918 3879 possint.-
963 3827 1032 3859 an
1069 3808 1112 3860 si
1146 3810 1204 3861 in
1291 3809 1527 3861 ..colom
1568 3806 1725 3871 Ovid.
1764 3807 1927 3878 Epist.
1962 3808 2065 3873 lx,
2101 3807 2166 3874 4,
2203 3806 2295 3859 ubi

193 3906 344 3941 usum
370 3889 548 3960 parati
573 3890 702 3955 sint,
731 3907 836 3941 non
861 3889 1046 3941 ostensi
1053 3926 1070 3953 ,
1097 3890 1200 3940 AEr.
1284 3890 1439 3962 plura
1463 3888 1726 3940 dicentur.
1752 3888 1919 3939 Bnnu.

266 3983 316 4017 2.
344 3966 693 4019 Decoloraret.
723 3968 783 4019 ld
812 3979 924 4036 est,
953 3969 1204 4020 infamem
1356 3970 1406 4023 3.
1433 3968 1569 4020 Filio
1590 3966 1911 4040 petitionem.
1938 3964 2075 4018 Filio
2095 3967 2299 4039 petitio-

193 4043 472 4111 redderet‚
503 4064 572 4099 ne
599 4062 782 4119 posset
815 4067 1032 4101 uxorem
1059 4050 1206 4100 inve-
1283 4067 1404 4101 nem
1427 4086 1443 4113 ‚
1484 4064 1645 4119 quam
1687 4045 1841 4098 hodie
1880 4056 2153 4099 retractam
2189 4047 2296 4100 ini-

195 4128 310 4178 nire
330 4162 348 4192 ,
387 4128 430 4178 si
473 4128 652 4179 statim
692 4130 1056 4201 apparuisset,
1092 4147 1202 4181 rem
1284 4146 1448 4201 quum
1472 4138 1574 4190 at,-
1596 4126 1686 4179 sed
1704 4135 1757 4177 et
1772 4124 2092 4198 put-scribat,
2114 4124 2295 4177 AErod.
