2855 4871
679 427 1528 494 DECLAMATIONES.
1575 430 1854 495 XVIII.

2189 435 2314 520 557

206 578 337 649 per
378 578 459 623 ex
499 578 581 623 eo
599 560 623 640 ,'
662 550 822 623 licet
860 551 1143 640 tacituS,
1187 550 1542 647 ingemui,
1583 572 1648 623 et
1689 574 2165 652 opportunum
2197 556 2317 656 jus

210 668 664 743 restitutionis
698 669 943 768 optavi.
984 668 1316 741 Restituet
1342 667 1538 739 vobis
1573 668 1750 741 filios
1777 672 2145 744 auctoritas
2177 700 2316 771 pu-

208 784 395 856 blica
418 842 436 875 ,
470 804 839 884 tamquam
882 784 1017 855 alia
1060 803 1326 855 natura.
1358 786 1622 855 Vereor
1661 784 1845 885 jam,
1883 808 2104 884 patres
2151 814 2318 860 con-

213 898 481 998 scripti,
506 926 596 971 ne
622 899 993 997 sapientior
1015 898 1328 973 videatur
1348 919 1413 969 et
1431 898 1676 971 certior
1697 897 1812 971 ille
1834 899 2318 975 abdicatorum

212 1036 489 1087 senatus
512 1030 558 1085 ¹.
580 1016 851 1106 Fateor,
881 1034 1311 1086 armatorum
1341 1012 1516 1084 facie
1547 1040 1690 1085 non
1724 1013 2066 1088 immerito
2086 1014 2141 1107 *,
2179 1036 2319 1089 ter-

215 1155 455 1200 remur
498 1128 693 1199 enim
738 1154 865 1199 sua
912 1147 1156 1199 morte.
1210 1126 1842 1216 Quemadmodum
1888 1155 2172 1227 possum
2213 1151 2315 1223 te,

214 1243 317 1349 fili
359 1243 757 1333 carissime,
801 1242 909 1315 vel
952 1242 1026 1313 in
1066 1262 1288 1337 morte
1330 1242 1704 1331 revocabo,
1753 1242 2050 1315 inferam
2097 1245 2319 1346 majo-

212 1386 377 1431 rum
404 1358 769 1458 sepulcris,
802 1378 869 1431 et
899 1357 1159 1457 elogio,
1191 1357 1382 1454 quod
1411 1357 1696 1456 optasti,
1729 1383 1989 1430 nomen
2008 1372 2033 1403 ²
2071 1359 2316 1432 inscri-

214 1476 405 1549 bam.

223 1690 246 1711 ι
267 1676 353 1715 tus
374 1700 391 1729 ,
416 1676 571 1715 tenax
586 1700 603 1729 ,
628 1673 729 1713 etc.
752 1684 775 1709 n
804 1662 883 1713 Ita
907 1674 961 1713 et
984 1659 1077 1713 ille
1099 1679 1193 1735 eqo
1207 1697 1225 1725 ‚

216 1744 289 1795 de
318 1761 425 1813 quo
455 1741 523 1793 ad
549 1740 702 1794 Decl.
739 1740 1076 1795 CCCLxxn.
1118 1740 1233 1791 Ma-

216 1824 457 1876 limvero
491 1821 699 1893 legere:
733 1840 827 1894 eqo
868 1820 961 1875 itte
998 1822 1151 1873 tristis
1180 1832 1231 1872 et

218 1920 377 1956 soevus
389 1919 549 1975 quum
568 1902 876 1967 abdicarem,
888 1910 1041 1973 pater
1056 1910 1229 1951 tamon

204 1982 330 2055 fiai,
358 1995 457 2034 etc.
484 1982 713 2046 servavi,
738 1980 860 2033 licet
882 1998 993 2032 non
1017 1980 1232 2052 profite-

221 2081 323 2127 rer,
356 2063 589 2113 animum
627 2074 923 2137 paternum.
960 2061 1145 2113 Posset
1178 2070 1231 2109 et

220 2141 477 2194 excidisse
495 2159 624 2205 vox,
650 2152 701 2191 et
724 2140 851 2209 legi,
879 2138 1135 2209 lacrymas
1158 2146 1231 2187 ta-

220 2240 341 2272 men
352 2220 494 2293 fudi.
516 2219 663 2271 Flevi
680 2221 881 2292 recepit
899 2216 1031 2272 Obr.
1057 2218 1225 2267 Buuu.

300 2318 317 2352 ι
334 2339 345 2351 .
388 2298 755 2351 Αὸάὶεαεοηιπι
797 2306 1016 2350 senones.
1058 2293 1227 2347 Plani.

220 2377 448 2431 Mostell.
466 2378 533 2446 V,
556 2394 603 2444 ι,
619 2377 649 2429 8
665 2398 721 2440 χιι
738 2376 903 2449 Capio
920 2373 1199 2426 consilium
1212 2410 1229 2440 ,

228 2483 250 2506 a
272 2471 331 2510 ut
354 2470 594 2525 senonim
617 2473 1009 2526 congerronum
1034 2471 1229 2504 convo-

229 2563 251 2584 ·
273 2556 402 2589 cem.
428 2561 449 2582 ι
468 2533 903 2589 scaeua—Non
920 2533 1177 2584 immerito
1188 2531 1229 2596 *,

223 2629 471 2670 terremur
501 2616 660 2668 enim.
697 2615 887 2664 Forte:
928 2613 1115 2663 Fateor
1145 2628 1233 2660 ar*-

222 2709 484 2748 matorum
500 2693 650 2765 facie
668 2709 775 2743 non
802 2690 1061 2742 immerito
1086 2699 1234 2741 tem-

220 2793 355 2826 mur.
389 2773 603 2824 Ter-rent
636 2783 687 2822 et
721 2789 810 2822 sua
848 2780 1027 2820 morte.
1067 2767 1232 2819 Guon.

220 2854 397 2906 Locus
433 2849 581 2901 haud
614 2847 777 2900 dubie
812 2849 1056 2900 affectus.
1092 2847 1235 2898 Con-

212 2934 354 3004 jeci:
381 2931 586 2993 Fateor,
610 2939 931 2982 amatorum
951 2927 1101 3000 facie
1128 2944 1232 2978 non

223 3010 483 3062 immerito
500 3020 749 3058 terremur
760 3027 775 3056 .·
791 3009 983 3060 etenim
997 3017 1118 3058 sunt
1130 3023 1237 3056 mo-

222 3091 393 3144 rituri.
421 3093 492 3142 Ut
515 3088 618 3140 hoc
640 3088 829 3141 dixerit
852 3085 921 3141 ad
943 3086 1233 3141 movendos

224 3185 428 3223 terrore
468 3181 645 3240 patres
666 3205 683 3228 ‚
726 3167 918 3238 quibus
958 3166 1235 3236 desperata

226 3249 457 3302 filiorum
480 3246 548 3299 ab
572 3245 793 3298 audacia
818 3247 1114 3297 immineret
1141 3264 1235 3317 pe-

226 3327 477 3394 riculum,
498 3345 606 3400 quo
627 3326 719 3378 filii
739 3323 950 3398 quidem
970 3323 1119 3376 haud
1137 3324 1233 3375 du·

228 3406 343 3474 bie,
366 3407 502 3458 forte
524 3424 649 3458 vero
673 3417 727 3456 et
749 3406 852 3475 ipsi
876 3417 1050 3456 essent
1072 3405 1235 3455 inter-

226 3487 368 3539 ituri.
397 3483 539 3536 Flor.
572 3485 652 3550 ΙΙ,
678 3483 775 3535 18:
817 3507 839 3529 a
858 3484 983 3536 Non
1012 3495 1091 3536 est
1116 3501 1235 3553 per-

234 3589 257 3612 «
276 3565 432 3617 missa
456 3579 636 3634 pugna
658 3563 941 3614 morituris.
962 3585 984 3609 ιι
1015 3561 1232 3614 Senum.

302 3661 351 3695 2.
390 3641 461 3694 Et
496 3640 666 3714 elogio
702 3641 841 3712 quod
878 3641 1097 3713 optasti,
1140 3661 1234 3693 no·

227 3743 349 3776 men
400 3722 689 3777 inscribam.
748 3721 1101 3776 cohaerebunt
1123 3763 1139 3791 ‚
1192 3726 1235 3776 si

232 3802 458 3870 scribas,
484 3813 536 3854 et
555 3801 783 3876 elogium
800 3841 818 3869 ‚
847 3804 989 3874 quod
1014 3804 1203 3875 optasti
1216 3842 1233 3869 ,

229 3896 282 3936 et
304 3901 493 3935 nomen
520 3883 806 3936 inscribam.
844 3881 997 3952 Quod
1018 3885 1236 3954 optasti,

232 3959 360 4014 dum
376 3961 569 4014 scilicet
588 3963 820 4016 revocari
840 3961 1093 4036 postulas.
1116 3963 1233 4016 Seu.

1307 1658 1534 1729 Vulgata
1577 1674 1813 1728 servata,
1854 1661 1940 1714 hic
1980 1680 2162 1717 sensus
2202 1678 2316 1716 est:

1312 1739 1516 1809 elogio,
1535 1740 1618 1793 vel
1646 1741 1800 1794 titulo
1828 1742 2111 1815 sepulcrali
2139 1745 2320 1797 inscri-

1310 1818 1436 1873 bam
1461 1840 1637 1873 meum
1663 1839 1876 1893 quoque
1901 1842 2124 1887 nomen,
2147 1837 2208 1875 ut
2233 1844 2322 1896 ap-

1308 1914 1498 1973 pareat
1535 1920 1648 1965 me,
1686 1900 1809 1953 licet
1848 1901 2198 1955 abdicaverim
2236 1915 2320 1970 te,

1311 1994 1516 2053 patrem
1553 1992 1729 2033 tamen
1769 1995 1916 2033 tuum
1947 1983 2146 2034 fuisse:
2181 1983 2321 2035 Nam

1309 2077 1458 2111 more
1497 2078 1704 2129 greco,
1749 2062 1870 2133 quia
1914 2061 2320 2131 cognominibus

1311 2134 1564 2188 carebant
1597 2136 1721 2201 lilii,
1749 2140 1912 2208 patris
1942 2156 2136 2190 nomen
2161 2136 2322 2190 adde-

1309 2214 1442 2266 bant
1457 2253 1476 2282 ,
1497 2227 1560 2266 ut
1586 2214 1770 2267 Cimon
1793 2214 2083 2281 Miltiadis,
2111 2229 2212 2269 etc.
2245 2218 2322 2269 lta

1310 2294 1436 2347 licet
1457 2312 1555 2365 per
1566 2290 1964 2348 ‘abdicationem
1987 2295 2210 2349 videaris
2231 2300 2322 2369 jus

1310 2374 1542 2425 nominis
1563 2376 1772 2446 paterni
1797 2374 2117 2448 perdidisse,
2139 2375 2322 2449 legeris

1310 2469 1489 2508 tamen
1523 2459 1577 2508 in
1613 2457 1857 2529 sepulcro
1893 2477 2040 2510 meus
2073 2457 2228 2510 filius.
2259 2459 2324 2511 Et

1310 2525 1416 2586 hoc
1439 2536 1601 2586 moris
1625 2535 1681 2585 in
1705 2535 1960 2604 sepulcris
1983 2536 2146 2586 fuisse
2165 2533 2324 2586 docet

1309 2613 1446 2663 Just.
1473 2613 1572 2678 111,
1595 2611 1658 2676 6,
1681 2611 1776 2663 uhi
1797 2611 1988 2662 milites
2017 2633 2040 2656 α
2059 2611 2126 2662 de
2152 2611 2324 2681 sepul-

1319 2713 1341 2735 «
1362 2702 1478 2740 tura
1512 2687 1757 2752 solliciti,
1787 2699 2012 2740 tesseras
2045 2687 2328 2758 insculptis

1320 2789 1341 2812 ι
1363 2767 1470 2816 suis
1491 2778 1542 2817 et
1562 2777 1776 2836 patrum
1789 2764 2122 2830 nominibus,
2138 2763 2321 2816 dextro

1320 2868 1341 2892 ι
1362 2844 1583 2896 brachio
1611 2843 1861 2913 deligant.
1883 2867 1904 2890 ι
1939 2845 2005 2895 Et
2032 2849 2101 2897 ita
2131 2863 2322 2900 uxores

1314 2925 1489 2976 mariti
1519 2941 1714 2977 nomen
1743 2922 1898 2975 titulo
1926 2925 2318 2978 inscribebant:

1316 3003 1464 3076 quod
1488 3021 1598 3055 non
1624 3001 1834 3055 videtur
1860 3004 2093 3071 factum,
2128 3007 2172 3057 si
2198 3020 2323 3077 post

1312 3095 1537 3135 mortem
1575 3083 1746 3133 mariti
1787 3080 2098 3153 pudicitiam
2132 3085 2326 3138 violas-

1315 3173 1461 3214 sent:
1487 3159 1630 3212 unde
1653 3159 1792 3214 Dido
1818 3160 1962 3232 apud
1979 3161 2132 3214 ovid.
2155 3165 2318 3235 Epist.
2409 3155 2422 3166 ⁰

1313 3243 1438 3308 vn,
1465 3242 1591 3313 193:
1619 3266 1642 3290 α
1661 3243 1800 3308 Nec,
1823 3258 2136 3314 consumpta
2153 3246 2321 3314 rogis,

1322 3346 1343 3370 α
1364 3321 1649 3388 inscribar,
1685 3323 1850 3374 Elissa
1891 3321 2092 3374 sichaei.
2117 3344 2140 3369 n
2183 3324 2324 3391 Quia

1314 3403 1488 3454 AEneae
1526 3420 1582 3454 se
1618 3402 1993 3472 prostituerat,
2031 3399 2234 3472 pudore
2271 3416 2323 3454 et

1317 3481 1641 3534 conscientia
1676 3478 1888 3530 admissi
1921 3493 2097 3546 mota,
2125 3499 2180 3533 se
2213 3499 2322 3533 non

1316 3562 1547 3616 audebat
1577 3559 1761 3612 Sicliaei
1791 3577 2008 3612 uxorem
2045 3563 2317 3632 profiteri:

1314 3643 1451 3695 idem
1473 3657 1600 3712 crgo
1621 3642 1778 3691 moris
1802 3641 1856 3691 in
1883 3639 2134 3694 abdicatis
2157 3643 2322 3697 fuisse

1315 3719 1568 3774 credibile
1591 3732 1696 3783 est;
1721 3720 1840 3791 quia
1867 3718 1969 3787 illi,
1995 3734 2049 3771 ut
2079 3739 2188 3791 seq.
2215 3723 2322 3775 De-

1316 3801 1632 3853 clamatione
1643 3837 1660 3864 ,
1675 3811 1876 3870 patrem
1893 3817 2000 3850 non
2017 3797 2210 3852 habere
2226 3801 2320 3852 fin-

1316 3879 1596 3951 gebantur.
1629 3880 1797 3929 nunu.
1823 3905 1896 3917 —-
1918 3877 2158 3948 Elogium
2191 3878 2246 3931 h.
2281 3879 2320 3932 l.

1317 3961 1501 4016 titulus
1527 3972 1632 4026 est,
1656 3976 1750 4013 seu
1775 3958 2066 4030 inscriptio.
