2855 4871
602 379 728 448 350
1094 379 1188 442 M.
1236 380 1492 444 FABH
1535 379 2180 462 QUINTILIANI

1459 574 1819 641 SERMO.

689 738 765 800 In
810 757 1067 801 summa
1106 749 1295 822 parte
1340 734 1800 812 aestimabitur,
1843 735 1952 800 cui
1995 733 2250 800 homini
2269 784 2288 814 ‚
2333 751 2404 800 et
2447 755 2672 825 quanta

599 841 763 907 ultio
791 858 1073 930 petatur.

1284 984 1994 1052 DECLAMATIO.

694 1141 884 1214 Ultio
930 1168 1085 1241 quae
1126 1141 1423 1241 petitur?
1465 1169 1618 1242 quae
1660 1142 1984 1215 adversus
2021 1141 2403 1215 homicidas
2448 1144 2670 1242 scripta

600 1278 733 1348 est,
777 1283 930 1353 quae
973 1257 1297 1329 adversus
1345 1285 1498 1350 eOS,
1549 1259 1673 1357 qui
1721 1257 1826 1329 bis
1873 1255 2332 1358 injuriarum¹
2381 1256 2668 1330 damnati

598 1392 795 1461 sunt,
834 1371 1079 1470 scripta
1108 1394 1224 1443 est.
1254 1373 1501 1472 Neque
1537 1399 1664 1472 ego
1703 1373 1981 1472 ignoro,
2020 1371 2209 1443 unde
2249 1372 2359 1444 isti
2390 1372 2501 1445 hic
2537 1373 2670 1444 ani-

548 1486 555 1494 ’
600 1513 759 1557 mus
792 1512 805 1556 :
852 1513 995 1558 non
1036 1487 1229 1559 enim
1265 1515 1419 1587 spes
1463 1487 1625 1559 fecit
1661 1488 1844 1560 hanc
1881 1485 2076 1559 litem
2114 1515 2129 1557 ε
2178 1486 2396 1558 homo
2435 1485 2667 1583 alioqui

598 1601 915 1701 petulans
941 1603 1219 1702 quaerit,
1247 1630 1387 1700 quo
1418 1603 1631 1675 modo
1668 1603 1962 1703 impune
1990 1601 2289 1693 occidat,
2315 1630 2457 1702 quo
2483 1601 2665 1672 modo

601 1714 933 1787 manibus
975 1717 1114 1788 suis
1152 1717 1505 1816 permittat
1545 1717 1805 1788 omnia.
1854 1718 2007 1788 Hoc
2046 1743 2207 1814 ergo
2251 1715 2666 1815 privilegium

600 1833 937 1925 habeant,
987 1834 1109 1933 qui
1154 1833 1257 1906 bis
1309 1833 1727 1935 injuriarum
1775 1833 2083 1906 damnati
2130 1853 2333 1922 sunt,
2379 1854 2460 1903 ut
2497 1831 2666 1903 tertio

600 1949 901 2022 accusari
937 1949 1086 2022 sine
1114 1949 1419 2050 periculo
1448 1976 1593 2021 non
1623 1949 1925 2048 possint:
1962 1950 2092 2020 hoc
2119 1976 2404 2047 aequum
2435 1969 2666 2021 morta-

601 2063 779 2135 lium
804 2063 1019 2137 videri
1049 2065 1379 2165 cuiquam
1414 2062 1678 2163 potest?
1702 2063 1895 2136 Vivit
1923 2062 2040 2136 ille
2060 2121 2078 2154 ‚
2105 2063 2227 2162 qui
2263 2061 2476 2134 semel
2509 2061 2668 2162 inju-

604 2179 867 2251 riarum
902 2177 1268 2252 damnatus
1308 2200 1445 2253 est:
1489 2179 1610 2280 qui
1647 2179 1917 2253 duabus
1955 2179 2268 2280 partibus
2303 2179 2502 2280 periit
2530 2176 2666 2250 civi-

604 2293 805 2383 tati²;
846 2320 1059 2392 quem
1097 2293 1483 2393 petulantia
1520 2320 1647 2365 sua
1683 2296 1889 2367 morti
1916 2296 2068 2398 jam
2102 2322 2318 2395 prope
2353 2291 2662 2366 admovit:

586 2408 717 2487 ‚hic
746 2408 1099 2501 occiditur,
1137 2411 1305 2510 quia
1334 2431 1621 2509 questus
1656 2432 1776 2484 est.
1807 2411 2094 2484 Utinam
2131 2411 2310 2483 mihi
2343 2410 2668 2508 continge*

606 2546 707 2595 ret
737 2525 923 2625 apud
960 2525 1241 2599 eosdem
1271 2525 1423 2598 illos
1440 2526 1712 2627 judices
1737 2553 2016 2600 causam
2044 2527 2272 2600 dicere
2291 2585 2310 2618 ,
2341 2527 2460 2627 qui
2487 2526 2662 2597 istum

606 2634 1081 2732 absolverunt,
1110 2643 1430 2717 homines
1455 2644 1656 2717 mites
1686 2667 1755 2718 et
1783 2644 2291 2735 misericordes,
2318 2666 2386 2717 et
2410 2643 2522 2742 qui
2548 2663 2668 2714 tur-

607 2759 922 2859 pissimos
957 2788 1238 2861 quoque
1269 2762 1444 2833 cives
1474 2782 1712 2834 tamen
1742 2788 2004 2835 servare
2039 2760 2436 2834 maluerint.

686 2962 727 2996 ι.
762 2946 889 3015 Quoe
914 2946 1150 2999 adversm
1170 2966 1285 3013 ωε,-
1307 2947 1402 3021 qm‘
1422 2948 1495 2999 bis
1523 2946 1608 2999 ιή·
1689 2951 2006 3021 injuriarum
2033 2934 2314 3002 ᾰαπιηάωε
2333 2961 2432 3015 est,
2457 2948 2542 3021 qui
2559 2946 2664 2997 dm·

593 3027 873 3097 juriamm.
926 3026 1193 3079 Labor-are
1244 3026 1424 3081 locum
1478 3027 1610 3080 vidit
1669 3030 1789 3087 ,bus
1809 3027 2051 3099 partibus·
2077 3028 2236 3098 periit
2277 3028 2508 3093 civitati,
2540 3040 2664 3099 quem

610 3105 853 3159 AErodius
875 3129 886 3158 ι
909 3109 1085 3179 iraque
1108 3109 1230 3160 fecit
1250 3130 1262 3158 ι
1284 3130 1353 3161 an
1374 3126 1490 3184 quoe
1511 3111 1607 3161 ad·
1687 3103 1980 3178 petulantia
2000 3126 2094 3158 sua
2118 3108 2276 3159 morti
2291 3110 2406 3179 jam
2424 3124 2574 3181 prope
2587 3101 2664 3151 ad·-

611 3204 791 3239 versus.
818 3186 921 3239 Sed
943 3206 1050 3239 non
1076 3187 1177 3240 hac
1206 3203 1353 3259 parte
1382 3191 1612 3243 laborat.
1690 3185 1868 3236 movit·
1893 3186 1988 3237 Est
2009 3183 2122 3236 hoec
2145 3184 2434 3256 descriptio
2459 3182 2666 3235 advers&

608 3268 816 3321 Scribe:
855 3288 969 3341 quae
1004 3268 1240 3321 adversus
1274 3290 1381 3337 eos,
1414 3272 1504 3344 qui
1537 3283 1615 3323 ter
1691 3266 1754 3315 rii
1775 3262 1858 3315 bis
1887 3266 2196 3334 injuriarum
2223 3263 2475 3317 damnati.
2501 3265 2560 3315 ΗΞ
2581 3259 2664 3310 ΙΙΟ·

608 3346 919 3417 injuriarum
961 3347 1197 3399 damnati
1235 3360 1385 3411 sunt,
1422 3350 1612 3420 scripta
1692 3346 1858 3399 mines
1888 3365 1984 3417 per
2013 3360 2189 3416 partes
2217 3347 2418 3399 civitati
2443 3350 2664 3416 pereunt,

547 3452 563 3479 ῃ
608 3433 712 3489 est,
742 3421 843 3475 hoc
874 3439 982 3491 est,
1012 3424 1269 3496 capitalis.
1296 3425 1462 3478 Gbort.
1485 3430 1611 3481 Non
1693 3429 1736 3480 si
1763 3441 1844 3479 ter
1874 3428 1926 3478 in
1956 3426 2097 3479 idem
2122 3428 2324 3480 crimen
2349 3426 2597 3487 recidam,
2623 3432 2665 3470 el

608 3523 740 3577 φατι
769 3504 985 3556 Senum.
1196 3560 1199 3565 ,
1693 3506 1910 3578 singulis
1929 3507 2146 3579 judiciis
2170 3506 2348 3579 perdit
2373 3511 2426 3559 in
2451 3509 2518 3559 eis
2539 3502 2663 3575 quasi

682 3604 729 3637 2.
753 3586 855 3657 Qui
872 3588 1063 3639 duabus
1076 3588 1307 3659 partibus
1320 3589 1475 3659 periit
1492 3588 1613 3640 οἰυί-
1691 3590 1922 3658 trientes¹
1945 3590 2146 3642 civitas.
2185 3588 2353 3642 (ἕπου.
2397 3590 2534 3644 Vivit
2565 3582 2664 3647 ille,

612 3668 721 3720 tati.
753 3668 1023 3719 AErodius:
1060 3668 1163 3737 Qui
1188 3669 1379 3721 duabus
1404 3669 1616 3741 paribus
1693 3670 1784 3743 qui
1795 3670 1953 3723 semel
1964 3682 2014 3722 et
2029 3673 2210 3725 iterum
2230 3671 2534 3744 injuriarum
2549 3666 2664 3717 dam-

608 3751 866 3803 sententiis
892 3750 1164 3801 damnatus
1190 3762 1287 3816 est,
1314 3750 1468 3823 periit
1491 3751 1613 3803 civi·
1695 3762 1846 3802 natus
1862 3760 1966 3815 est,
1991 3763 2043 3801 et
2067 3750 2266 3822 reliqua
2295 3764 2354 3801 ut
2374 3746 2662 3805 Gronovius,

614 3830 739 3882 tati':
773 3832 863 3903 qui
889 3829 1196 3901 petulantia.-
1231 3849 1334 3883 suoe
1376 3846 1609 3885 mortem.
1692 3828 1821 3879 Obr.
1847 3858 1918 3866 -—
1941 3829 2047 3880 Hic
2071 3828 2336 3883 occiditur.
2367 3828 2473 3880 Hic
2496 3822 2662 3879 occide-

611 3907 711 3959 Sed
731 3908 1093 3964 scribendum:
1126 3910 1181 3965 V
1175 3910 1272 3962 ivit
1288 3911 1381 3964 itte
1390 3950 1409 3978 ‚
1431 3912 1614 3986 quibis
1694 3921 1791 3977 tur,
1815 3908 1995 3962 AErod.
