2855 4871
567 461 691 544 534
1134 458 1666 525 CALPURNII
1713 456 2060 522 FLAcm

1270 731 1365 752 m

1484 936 1737 1055 VIII.

1161 1160 1452 1231 Demens
1483 1172 1584 1229 ter
1613 1156 2064 1256 triumphalis.

569 1363 687 1422 Ter
712 1360 1106 1443 triumphalis
1124 1408 1140 1438 ,
1170 1374 1263 1423 ter
1293 1362 1632 1425 consularis
1649 1407 1668 1439 ,
1695 1384 1890 1445 quum
1919 1362 2168 1425 haberet
2194 1362 2460 1441 liberos,
2489 1385 2646 1445 aeque

650 1472 743 1519 ter
776 1459 1214 1543 triumphales,
1252 1474 1345 1522 ter
1380 1460 1730 1524 consulares
1747 1508 1764 1537 ,
1802 1463 2120 1545 suspendit
2154 1484 2252 1523 se:
2295 1462 2582 1523 liberatus
2615 1486 2648 1523 a

652 1554 863 1616 liberis
879 1602 898 1634 ,
922 1558 1002 1618 ab
1024 1556 1239 1619 iisdem
1260 1579 1400 1619 reus
1422 1556 1496 1617 fit
1516 1557 1860 1619 dementiae.
1929 1633 1936 1639 Ι

1384 1762 1540 1810 1³11ss
1587 1762 1864 1809 PATRE-

677 1899 1027 1972 Omnium
1068 1900 1544 1974 calamitatum
1581 1899 1873 1973 materia
1909 1920 2010 1971 est
2044 1899 2263 1971 homo
2306 1897 2433 1971 diu
2469 1900 2652 1971 felix:

577 2015 903 2088 nesciunt
926 2036 1103 2088 stare
1128 2026 1509 2109 successus,
1531 2035 1601 2088 et
1625 2015 1895 2113 quoties
1923 2012 2200 2112 prodire
2219 2011 2510 2086 felicitas
2527 2040 2656 2085 non

578 2149 834 2228 potest,
883 2130 1058 2203 redit
1082 2144 1129 2203 ¹.
1177 2132 1360 2204 Mori
1408 2130 1600 2223 volo,
1645 2128 1818 2227 qu'id
1861 2155 1976 2201 me
2007 2128 2160 2231 jam
2199 2128 2490 2202 fortuna
2523 2156 2660 2203 cus-

581 2242 802 2316 todit?

1344 2416 1538 2463 PARS
1585 2414 1926 2464 ALTERA.

682 2555 824 2628 Ter
854 2554 1298 2631 consulatum
1340 2559 1645 2659 gessisti,
1685 2579 1790 2630 ter
1827 2555 2307 2656 triumphasti,
2343 2553 2504 2628 licet
2529 2555 2662 2657 jam

582 2672 743 2745 velit
767 2673 1048 2747 fortuna
1076 2675 1373 2765 mutari,
1408 2676 1483 2746 in
1515 2674 1702 2746 illius
1740 2693 2065 2771 potestate
2095 2698 2242 2743 non
2265 2693 2408 2764 est,
2444 2672 2659 2745 fuisse.

589 2787 769 2878 Quis
803 2788 1078 2863 timeret
1104 2791 1504 2882 fortunam,
1540 2789 1672 2862 nisi
1705 2787 2092 2888 prodesset?

668 2991 713 3026 1·
752 2976 958 3046 Quoties
987 2979 1195 3050 prodire
1219 2979 1455 3050 felicitas
1487 2997 1592 3031 non
1680 2999 1704 3024 a
1723 2975 1956 3049 quodam
1997 2975 2210 3048 prodire
2253 2989 2444 3042 tenus,
2485 2979 2530 3028 εἰ
2560 2993 2666 3026 non

588 3061 784 3124 potest,
821 3057 963 3106 redit.
998 3059 1157 3108 Forte
1180 3081 1192 3108 ι
1233 3057 1434 3112 recedit.
1475 3058 1599 3112 ve!—
1682 3078 1705 3103 ι
1725 3056 1879 3108 datur
1895 3055 2050 3109 ultra.
2073 3081 2095 3105 n
2123 3055 2308 3121 Quare
2327 3075 2436 3109 non
2455 3067 2668 3128 opus-st

592 3133 727 3187 leius
754 3132 845 3186 lib.
876 3137 934 3187 1:
971 3137 1251 3192 -Difficius
1278 3143 1333 3192 in
1358 3142 1595 3212 perfecto
1676 3156 1797 3192 cum
1843 3139 1884 3189 F
1885 3139 2065 3189 raucio
2113 3136 2288 3208 legere
2309 3177 2330 3202 ‚
2369 3158 2526 3211 pom
2563 3140 2666 3190 ire:

596 3236 622 3260 a
640 3233 791 3268 mora
826 3227 937 3283 est,
968 3216 1385 3290 naturaliter-que
1400 3256 1418 3286 ,
1455 3218 1600 3292 qnod
1675 3215 1801 3268 huic
1825 3217 2144 3268 contrarium
2171 3229 2280 3284 est,
2301 3229 2462 3284 aare,
2489 3215 2558 3268 de
2575 3233 2672 3286 quo

599 3316 623 3341 α
642 3294 929 3366 procedere
956 3313 1065 3347 non
1092 3309 1300 3366 potest,
1332 3297 1548 3353 recedit.
1570 3323 1592 3348 ο
1677 3293 1797 3347 vide
1821 3294 1890 3347 ad
1908 3294 2090 3361 Quint.
2113 3294 2262 3346 Decl-
2285 3297 2384 3360 ΙΙΙ,
2413 3297 2494 3349 ¹3·
2517 3297 2672 3348 Bet!-

594 3373 763 3427 Gnon.
782 3376 999 3429 Prodire
1016 3376 1121 3428 hoc
1140 3395 1299 3431 sensu
1318 3379 1476 3431 etiam
1491 3382 1600 3432 Ho-
1675 3405 1749 3418 -—
1769 3377 1914 3448 Quid
1927 3395 2028 3430 me.
2047 3377 2204 3429 Forte
2215 3413 2236 3443 ‚
2252 3378 2339 3430 eui
2357 3395 2468 3444 me,
2483 3376 2564 3430 vel
2577 3393 2674 3450 qno

596 3454 761 3509 ratius
797 3458 978 3528 posuit
1009 3458 1110 3531 Ep.
1144 3458 1201 3524 1,
1236 3475 1290 3526 1,
1322 3457 1422 3512 322
1463 3457 1600 3510 «Est
1677 3459 2058 3532 me‚fortuna,
2081 3458 2342 3514 custodis?
2363 3461 2510 3512 Ριτι.
