2855 4871
1096 380 1215 484 Μ.
1262 424 1511 488 FABu
1555 424 2185 507 QUINTILIAM

611 571 753 617 esse
794 546 1207 619 damnatus:
1248 566 1442 619 erant
1487 546 1788 645 alioqui,
1832 550 1986 649 qu'ae
2023 576 2300 623 movere
2341 578 2484 623 non
2531 578 2709 650 pos-

610 680 783 731 sent.
825 663 1217 735 Damnatus
1260 646 1361 735 est
1400 662 1764 753 adulterii3
1809 666 1928 737 sed
1977 688 2211 765 postea
2246 668 2511 740 fortiter
2563 696 2708 767 pu-

608 778 889 877 gnando
914 779 1329 868 ostenderat,
1356 806 1504 851 non
1533 806 1650 853 eos
1678 806 1824 854 esse
1851 809 2078 857 mores
2099 811 2292 874 suos,
2320 810 2466 856 nou
2493 808 2704 856 suam

606 893 817 967 vitam
842 951 860 983 ,
904 916 983 967 ut
1029 896 1102 967 in
1150 894 1273 966 illo
1305 894 1666 969 credibilia
1713 896 1860 970 haec
1904 899 2200 971 crimina
2243 902 2474 971 forent
2512 926 2530 970 τ
2583 900 2705 971 sed

608 1034 833 1107 quum
858 1008 1091 1109 optare
1122 1009 1225 1081 illi
1253 1008 1489 1081 liceret
1511 1011 2020 1085 restitutionem
2039 1068 2058 1103 ,
2089 1013 2268 1086 illud
2297 1033 2534 1113 optare
2561 1040 2704 1086 ma·

604 1122 771 1213 luit,
802 1145 879 1195 ut
909 1144 1369 1213 accusaretur,
1408 1145 1488 1196 ut
1522 1124 1610 1218 de
1638 1153 1798 1199 vero
1837 1128 2052 1226 quaeri
2089 1150 2350 1227 posset:
2387 1128 2523 1200 hoc
2557 1156 2704 1201 non

603 1238 751 1310 siue
782 1239 967 1311 bona
992 1237 1408 1311 conscientia
1436 1238 1622 1311 fecit.
1652 1241 1800 1313 Cur
1829 1269 1992 1341 ergo
2029 1242 2400 1315 damnatus
2432 1264 2540 1315 est
2571 1244 2704 1316 ite·-

606 1354 817 1427 rum?
862 1356 1027 1454 quia
1071 1355 1448 1428 damnatus
1489 1376 1675 1446 erat,
1729 1384 1873 1429 non
1922 1380 2342 1459 putaverunt
2384 1359 2530 1450 illi,
2583 1361 2704 1457 qui

606 1471 1114 1569 cognoscebant
1136 1470 1448 1570 priorum
1465 1471 1794 1572 judicum
1823 1473 2348 1547 rescindendam
2376 1500 2524 1547 esse
2553 1501 2704 1547 sen·

606 1585 895 1657 tentiam
926 1614 939 1656 :
974 1586 1067 1657 ita
1094 1587 1341 1675 homo,
1366 1586 1490 1686 qui
1526 1607 1680 1687 post
1706 1587 2076 1685 praemium
2103 1589 2579 1681 accusabatur,
2609 1591 2704 1661 sic

606 1702 885 1775 auditus
930 1723 1068 1791 est,
1120 1723 1484 1803 tamquam
1536 1702 1861 1776 noudum
1911 1706 2178 1779 fortiter
2227 1706 2523 1779 fecisset.
2561 1708 2702 1777 Vos

605 1844 799 1917 ergo,
826 1819 947 1917 qui
973 1819 1250 1892 duobus
1268 1820 1555 1922 judiciis
1585 1848 1729 1893 esse
1755 1821 1978 1895 dicitis
2003 1823 2416 1896 damnatum
2436 1881 2455 1914 ,
2483 1823 2704 1923 expli-

602 1953 786 2023 cate,
823 1934 993 2034 quid
1038 1935 1230 2009 aliud
1262 1934 1620 2037 objectum
1662 1937 1749 2010 sit
1789 1937 2005 2009 altero
2029 1952 2076 2028 ¹,
2120 1965 2273 2037 quae
2308 1937 2702 2012 differentia

602 2047 905 2121 duorum
932 2050 1363 2151 judiciorum
1403 2050 1649 2123 fuerit:
1681 2052 1932 2124 eadem
1965 2052 2282 2125 adultera
2311 2051 2698 2139 dicebatur,

601 2163 814 2236 iidem
843 2186 1039 2239 testes
1068 2166 1664 2267 producebantur,
1696 2167 1947 2240 iisdem
1977 2169 2408 2267 argumentis
2429 2196 2700 2270 preme-

603 2280 825 2351 batur.
858 2283 1011 2353 Hac
1034 2282 1295 2355 scilicet
1326 2282 1807 2380 improbitate,
1841 2308 1981 2380 qua
2010 2284 2220 2355 unius
2249 2310 2466 2355 causae
2492 2284 2700 2357 vultis

603 2393 745 2467 duo
774 2420 915 2496 esse
941 2393 1238 2495 judicia,
1288 2395 1566 2495 potestis
1608 2415 1676 2467 et
1714 2394 1832 2466 illo
1875 2396 2089 2469 modo
2133 2398 2466 2470 aestimare
2497 2396 2698 2499 judi-

600 2508 789 2581 cium
808 2566 827 2600 ‚
869 2537 1083 2609 quam
1114 2509 1349 2610 inique
1384 2510 1528 2610 ipsa
1560 2537 1764 2610 poena
1790 2531 2124 2609 petatura
2147 2511 2298 2584 viro
2323 2513 2528 2586 forte.
2559 2517 2700 2587 Sta-

600 2645 881 2698 tuamus
910 2626 1084 2698 duos
1109 2653 1274 2716 esse,
1306 2625 1765 2715 adulterum2,
1786 2625 1908 2724 qui
1927 2626 2032 2699 bis
2056 2626 2485 2700 adulterium
2517 2655 2698 2702 com·

602 2742 869 2815 miserit
907 2770 921 2812 :
968 2742 1363 2815 adulterum
1388 2798 1407 2832 ,
1449 2741 1572 2840 qui
1610 2740 1716 2812 bis
1757 2740 2125 2814 damnatus
2169 2742 2279 2815 sit.
2321 2745 2425 2815 De
2461 2741 2588 2817 illo
2625 2771 2696 2816 ea

614 408 738 482 252

600 2959 691 3012 ge:
721 2942 894 3010 Quare
916 2943 1075 3016 iqitur
1090 2944 1273 3015 sepius
1292 2955 1366 2996 est
1386 2942 1606 2996 damua-

600 3025 720 3076 tus?
739 3025 973 3077 Gnouov.

679 3119 697 3152 ι
750 3103 889 3172 Quid
902 3103 1055 3156 aliud
1068 3105 1319 3179 oly'ectum
1340 3107 1407 3160 sit
1422 3104 1604 3159 altero.

600 3183 682 3236 Sic
706 3195 761 3234 et
781 3181 1093 3237 Thaddaeus.
1117 3185 1386 3249 Eli-odium,
1408 3185 1606 3238 adulte·

602 3279 674 3314 m.
697 3260 856 3314 Male.
879 3262 1059 3315 Altero
1074 3301 1093 3330 ,
1119 3263 1355 3334 intelligo
1380 3264 1602 3336 judicio.

599 3342 833 3395 Gnonov.
865 3369 935 3381 ·-·
965 3341 1082 3394 Hac
1110 3342 1234 3396 sciet
1262 3342 1602 3416 improbitate.

604 3420 875 3488 AErodius‚
896 3421 1194 3493 improbitas
1210 3435 1307 3487 est,
1334 3438 1386 3478 et
1406 3423 1608 3478 claudit

604 3501 881 3576 periodum
926 3517 1051 3572 post
1092 3499 1146 3556 ‘ri
1168 3503 1389 3575 judicia.
1429 3506 1567 3575 Lege
1587 3541 1606 3572 ‚

604 3583 686 3634 Ex
726 3581 823 3634 hac
864 3582 1055 3637 scilicet
1096 3585 1421 3657 improbitate
1438 3625 1457 3653 ,
1500 3606 1605 3659 qua

602 3664 759 3716 unius
772 3680 938 3716 causoe
952 3661 1137 3715 volunt
1149 3665 1253 3717 duo
1271 3685 1369 3720 esse
1370 3665 1604 3738 judicia,

599 3745 833 3817 potestis,
875 3753 925 3794 et
956 3741 1096 3796 illud
1128 3744 1283 3796 modo
1320 3745 1604 3810 estimare,

594 3825 815 3897 judices,
835 3844 993 3896 quam
1018 3826 1198 3898 inique
1220 3827 1331 3900 ipsa
1344 3845 1502 3900 poena
1514 3845 1606 3897 pe-

601 3915 741 3958 tatur
760 3925 793 3956 a
816 3905 923 3956 viro
941 3903 1097 3976 forti.
1120 3908 1285 3961 Giton.
1316 3907 1442 3958 Hoec
1467 3903 1605 3960 scili-

601 3995 680 4036 cet
704 3985 998 4056 improbitas
1014 3995 1111 4050 est,
1127 3985 1267 4056 quod
1285 4003 1335 4036 u.
1358 4001 1403 4038 c.
1424 3985 1476 4037 d.
1507 4005 1606 4040 esse

604 4065 756 4120 vultis
764 4067 987 4140 judicia.
1014 4069 1230 4120 Potestis
1250 4077 1303 4118 et
1329 4065 1423 4120 illo
1451 4070 1605 4124 modo

602 4162 658 4198 ω.
670 4146 873 4216 judices
890 4167 905 4198 .-
930 4145 1028 4198 πίει·
1048 4144 1305 4214 iudicium
1332 4145 1605 4204 collective

1685 2943 1922 3013 positum
1935 2944 2240 3014 accipimus.
2255 2943 2474 2995 senum
2487 2971 2566 2982 -—-
2579 2945 2698 2995 Cau-

1683 3040 1752 3076 5ae
1783 3042 1880 3094 pro
1907 3042 2062 3078 causa
2093 3023 2416 3096 praetulimus
2451 3043 2514 3076 ex
2553 3023 2694 3078 editt.

1685 3101 1849 3154 Hack.
1885 3113 1940 3154 et
1969 3104 2084 3174 Bip.
2115 3100 2364 3154 adversus
2393 3102 2576 3156 Bur-m.
2597 3125 2612 3154 z
2643 3116 2698 3154 ut

1687 3199 1850 3251 supra
1879 3182 2121 3253 judicum
2173 3200 2271 3253 pro
2307 3180 2584 3254 judicium
2635 3199 2698 3234 ex

1683 3265 1894 3334 Bipont.
1921 3265 2012 3316 Eu.

1759 3367 1808 3402 a.
1832 3351 2164 3404 Adulterum.
2199 3353 2344 3406 Duos
2368 3369 2470 3405 esse
2489 3351 2696 3405 adulte-

1688 3451 1792 3498 ros,
1821 3451 1990 3484 unum
2013 3435 2108 3506 qui
2139 3435 2183 3485 b.
2217 3455 2268 3486 α.
2305 3451 2350 3486 c.
2383 3433 2615 3486 alterum
2643 3451 2690 3506 q.

1685 3510 1866 3564 AErod.
1893 3511 2050 3564 Hunc
2073 3533 2124 3565 a.
2141 3533 2192 3586 q.
2219 3514 2320 3580 bis,
2341 3513 2458 3566 Scir.
2481 3514 2696 3568 -Sen-

1685 3592 2132 3664 tentioejudicttm.
2159 3595 2242 3647 Eo
2261 3594 2526 3648 senoesttioe
2537 3598 2594 3669 J'.
2617 3613 2696 3646 η-

1681 3672 1958 3744 ραφιωεί;
1976 3673 2280 3742 persuadere
2303 3684 2339 3723 t.
2365 3674 2404 3724 i.
2425 3691 2480 3724 ιι.
2503 3693 2562 3746 p.
2583 3693 2628 3726 e.
2649 3683 2696 3724 te

1685 3761 1972 3804 nocentem.
2006 3753 2079 3804 Ut
2111 3751 2294 3824 paullo
2327 3764 2488 3804 aute:
2529 3775 2556 3799 ι
2575 3755 2690 3806 Nou

1691 3851 1713 3878 ι
1735 3831 1848 3882 siue
1861 3829 2007 3884 bona
2021 3834 2348 3886 conscientia
2361 3834 2508 3886 fecit.
2531 3857 2555 3882 n
2575 3835 2688 3887 Son.

1683 3913 2054 3980 Innocentem,
2083 3913 2304 3966 edition.
2337 3913 2406 3966 al.
2439 3933 2576 3986 quas
2614 3932 2692 3967 se·-

1685 3997 1864 4067 quitur
1895 3997 2010 4066 Bip.
2043 3995 2130 4047 ed.
2161 3997 2366 4048 meliori
2395 4013 2574 4050 seusu.
2607 3997 2690 4050 Sic

1683 4075 2028 4148 intelligerem
2040 4113 2056 4143 ‚
2077 4075 2144 4128 de
2161 4076 2256 4129 illo
2275 4079 2366 4149 qui
2383 4077 2468 4130 bis
2487 4077 2688 4132 adulte-

1685 4155 1822 4208 rium
1855 4155 2195 4210 commiserit.
2233 4154 2380 4222 Quid
2413 4169 2474 4210 ιιι
2505 4157 2682 4227 objici·
