2855 4871
642 485 1483 554 DECLAMATIONES.
1529 485 1984 551 CCXLvln.
2279 503 2348 550 αι

266 607 574 682 dicerem
610 633 976 710 tamquam
1008 609 1092 682 de
1122 635 1237 700 eo,
1274 608 1364 681 ad
1394 635 1606 708 quem
1639 607 1746 680 lex
1771 609 2170 707 pertineret,
2205 634 2356 706 quae

264 723 531 796 caedem
550 725 1072 825 imprudentem
1086 723 1465 796 damnaret:
1485 723 1592 794 lex
1607 724 1959 820 quomodo
1975 721 2364 796 constituit?

262 840 771 916 IMPRUDENTls
802 861 1026 915 CAEDlS
1052 861 1448 914 DAMNATUS
1473 860 1988 929 QUINQUENNJO
2015 859 2358 912 EXSULET.

256 957 463 1028 Nihil
496 985 656 1030 mea
690 958 1009 1049 interest,
1043 985 1133 1030 an
1168 956 1574 1057 imprudens
1602 957 1957 1029 occiderit:
1989 984 2133 1029 non
2172 956 2362 1056 enim

244 1069 539 1172 justitia
560 1087 576 1116 ¹
618 1073 1070 1145 constitutum
1104 1091 1239 1162 est,
1274 1091 1353 1144 ut
1395 1072 1518 1171 qui
1554 1070 1962 1170 imprudens
1994 1069 2320 1143 occiderit
2341 1125 2362 1158 ,

250 1189 765 1287 quinquennio
784 1189 1069 1262 exsulet:
1091 1189 1209 1262 sed
1230 1188 1350 1288 qui
1371 1189 1569 1262 caedis
1589 1188 1954 1260 damnatus
1972 1187 2370 1287 impruden·

249 1302 343 1374 tis
372 1303 505 1394 sit,
538 1305 1027 1403 quinquennio
1053 1303 1335 1376 exsulet.
1376 1303 1762 1375 Hominem
1791 1303 2011 1375 occidi
2034 1302 2107 1374 in
2133 1300 2368 1373 exsilio

248 1420 563 1492 fortasse
591 1419 1031 1519 imprudens3
1055 1418 1383 1491 constitui
1408 1439 1644 1490 tamen
1665 1418 1970 1518 oportuit
1983 1419 2070 1490 ab
2097 1417 2368 1516 impru-

254 1537 483 1609 dente
512 1563 657 1609 esse
686 1537 1028 1609 occisum:
1057 1562 1229 1609 nam
1255 1535 1518 1634 quoties
1542 1535 1798 1632 aliquis
1827 1536 2222 1608 interfectus
2249 1552 2367 1622 est,

248 1671 387 1724 aut
406 1650 483 1721 id
512 1651 866 1748 quaeritur,
892 1677 983 1722 an
1005 1651 1296 1722 omnino
1318 1649 1728 1722 interfectus
1747 1650 1829 1722 sit
1849 1650 1937 1722 ab
1962 1675 2045 1721 eo
2064 1651 2088 1738 ,'
2109 1648 2232 1747 qui
2253 1673 2370 1719 ar-

254 1765 546 1862 guitur3
573 1786 693 1837 aut
716 1765 787 1836 id
807 1823 826 1851 ,
858 1792 948 1836 an
974 1765 1061 1836 ab
1084 1764 1550 1864 imprudente,
1569 1785 1689 1836 aut
1701 1791 1825 1863 per
1845 1763 2366 1863 imprudentem

256 1880 351 1953 sit
368 1881 803 1953 interfectus:
822 1879 940 1952 hic
956 1879 1244 1979 quidem
1266 1902 1538 1953 certum
1558 1905 1699 1952 esse
1720 1878 2169 1978 pronunciari
2185 1906 2374 1978 opor-

260 1997 436 2067 tuit:
466 2021 617 2066 non
643 1995 853 2067 modo
873 1995 1171 2068 alterum
1196 1994 1769 2094 quinquennium
1790 1993 2034 2066 debuit
2054 1994 2220 2093 legi,
2251 1995 2368 2066 sed

264 2131 689 2210 perpetuam
720 2136 913 2209 paene
944 2136 1245 2209 poenam.
1289 2108 1764 2208 Imprudentis
1793 2108 1998 2181 caedis
2023 2109 2368 2199 damnari,

270 2251 499 2324 genus
520 2223 973 2298 absolutionis
988 2245 1117 2297 est:
1144 2223 1277 2296 hoc
1293 2223 1395 2296 illi
1422 2251 1566 2296 non
1583 2223 1907 2322 contigit:
1942 2223 2372 2296 remittamus

272 2360 515 2413 tamen
532 2340 609 2411 in
621 2341 983 2441 praesentia
1003 2359 1405 2441 perpetuam
1422 2365 1738 2439 poenam:
1765 2337 1850 2410 de
1871 2337 1994 2410 illo
2014 2339 2168 2437 quis
2183 2336 2375 2410 dubi-

275 2456 481 2547 tabit,
522 2482 669 2527 non
704 2482 901 2556 posse
936 2482 1098 2527 eum
1137 2455 1494 2545 damnari,
1533 2455 1669 2527 nisi
1701 2476 2192 2555 post-exactam
2218 2456 2372 2557 jam

278 2571 750 2670 quinquennii
769 2572 1027 2673 proprii
1042 2570 1358 2671 poenam?
1372 2572 1754 2671 Fingamus
1768 2571 1866 2643 illi
1883 2570 2374 2670 quinquennio

281 2709 558 2788 peracto
578 2688 801 2761 redire
820 2689 1130 2762 licuisse:
1154 2691 1458 2763 accusari
1482 2711 1634 2762 tum
1656 2688 1985 2777 debebat,
2009 2707 2162 2759 tum
2190 2686 2378 2759 dam-

280 2805 455 2893 nari,
482 2831 710 2903 quum
728 2805 799 2877 in
814 2804 1113 2878 alterum
1140 2806 1712 2905 quinquennium
1734 2803 2014 2876 abiisset
2035 2831 2050 2875 ε
2070 2823 2160 2894 et,
2181 2830 2371 2901 rogo,

280 2922 454 3019 quid
484 2922 769 2994 interest
792 2922 979 2995 idem
1009 2922 1226 3012 istud,
1258 2950 1399 3021 quo
1431 2945 1742 3023 tempore
1768 2920 1982 2993 exsilii
2012 2918 2375 2993 fecerit?Si

278 3054 561 3133 peracto
580 3035 735 3136 jam
755 3036 1280 3135 quinquennio,
1303 3036 1515 3109 autin
1539 3038 1680 3109 fine
1699 3058 1875 3109 certe
1905 3035 2374 3135 quinquennii

280 3149 647 3222 hominem
687 3178 811 3250 per
840 3152 1389 3253 imprudentiam
1420 3153 1810 3241 occidisset,
1836 3179 2010 3225 num
2037 3152 2372 3241 dubium,

280 3268 459 3365 quin
480 3268 676 3340 vobis
697 3268 1183 3343 confitentibus
1202 3271 1496 3343 alterum
1521 3269 2092 3370 quinquennium
2114 3270 2241 3341 erit
2258 3268 2385 3340 de-

278 3381 600 3454 biturus?
614 3381 710 3455 ita
727 3383 905 3456 bene
923 3382 1024 3455 illi
1043 3384 1263 3475 cessit,
1282 3384 1470 3484 quod
1487 3383 1855 3456 hominem
1871 3382 2070 3455 citius
2085 3381 2350 3455 occidit.

366 3551 561 3604 1.Non
586 3554 725 3605 enim
733 3556 959 3627 justitia
986 3555 1154 3625 Lege,
1185 3572 1293 3606 non
1380 3555 1517 3620 ·,sis
1543 3572 1702 3625 quam
1727 3552 1958 3626 denique
1990 3552 2190 3604 civitati
2211 3550 2384 3623 legem

276 3632 426 3683 enim
456 3632 529 3684 ita
562 3632 897 3685 constitutum
935 3646 1022 3685 est.
1056 3632 1291 3685 Gnonov.
1380 3634 1745 3685 «constituere
1781 3632 1982 3685 velitis.
2011 3656 2033 3678 ιο
2081 3644 2132 3682 et
2178 3632 2251 3682 ita
2296 3628 2385 3683 ine

276 3714 491 3766 -Non
513 3714 791 3788 enimjure
821 3718 962 3768 itae.
989 3716 1207 3768 Scumtr.
1223 3744 1295 3755 -—
1373 3713 1742 3783 saepius.1nfr.
1785 3710 2386 3765 De01.001.1v.«N0n

276 3794 396 3863 Ego
438 3792 649 3845 mallem
682 3814 803 3847 cum
841 3793 1144 3859 Obrechto‚
1184 3812 1291 3846 non
1382 3795 1539 3863 ujure
1569 3809 1737 3859 novo,
1761 3789 1856 3845 scd
1874 3803 2050 3843 vetere
2071 3801 2232 3859 atque
2256 3786 2386 3839 olim

276 3870 423 3924 enim
437 3875 533 3945 jus
556 3874 629 3923 ita
662 3874 1033 3925 constitutum·
1019 3912 1029 3922 .
1059 3874 1133 3924 ita
1157 3874 1295 3924 enim
1383 3871 1718 3922 «constituto
1747 3888 1986 3923 reversus
2016 3880 2152 3919 est.-
2187 3868 2252 3918 Et
2281 3866 2388 3918 De-

276 3952 477 4024 pazsim
518 3951 656 4005 Jcei.
698 3953 805 4005 vid.
844 3954 879 4007 Ι.
915 3973 967 4025 9.
1010 3954 1073 4005 ff.
1109 3953 1177 4005 de
1212 3954 1299 4005 In·
1378 3950 1536 4003 clam.
1559 3952 1836 4006 CCLVIII:
1869 3968 2038 4001 “sane
2066 3950 2138 3999 ita
2163 3950 2228 3999 sit
2249 3965 2414 4011 con-5

276 4032 388 4083 stit.
410 4044 462 4084 et
473 4036 584 4104 jur.
612 4044 666 4085 et
684 4032 832 4086 alibi.
858 4034 1027 4086 Cicer.
1056 4051 1157 4105 pro
1185 4032 1299 4085 Cte-
1378 4034 1562 4085 stituta
1581 4032 1680 4085 lex.
1705 4057 1728 4080 n
1753 4033 1821 4084 Et
1847 4034 1902 4083 in
1921 4030 2003 4081 his
2028 4026 2387 4082 Declamatio-

272 4110 387 4162 εἰη.
406 4110 553 4163 xlv:
583 4110 836 4178 «Videte,
858 4110 1003 4184 quod
1016 4114 1106 4183 jus
1120 4110 1298 4179 nobis,
1375 4112 1533 4164 uibus
1566 4112 1768 4165 centies
1801 4108 1906 4161 hoc
1941 4106 2162 4159 verbum
2197 4108 2394 4165 consti-

278 4210 305 4234 ·
327 4206 489 4261 quam
530 4188 901 4244 conditionem
926 4188 1186 4247 vobismet
1212 4191 1295 4263 ip·
1378 4204 1521 4247 tuere
1546 4212 1614 4247 eo
1638 4210 1796 4246 sensu
1825 4192 2075 4245 occurrit.
2101 4190 2270 4243 Bou.
