2855 4871
1137 200 1170 215 fi

638 427 1473 497 DECLAMATIONE8.
1524 424 1832 495 GGLIV.
2198 438 2279 524 47

183 561 338 633 Non
385 582 648 631 accuso
687 581 884 628 nunc
919 578 1161 625 reum:
1209 552 1455 644 evasit,
1490 553 1843 627 absolutus
1886 576 2026 629 est:
2075 556 2286 631 habet

189 673 618 749 beneficium
653 669 824 769 legis
858 690 872 742 ε
928 668 1108 741 illud
1151 688 1390 742 tamen
1432 690 1793 743 contentus
1824 696 1980 744 sum
2016 674 2241 747 dicere
2262 730 2282 765 ,

191 791 394 864 fuisse
433 788 721 887 aliqua,
769 784 1028 885 quibus
1069 783 1287 885 judex
1327 806 1751 898 moveretur,
1790 787 1914 858 illa
1946 814 2095 887 quae
2135 818 2288 862 mo-

193 925 436 979 verunt
462 901 795 1005 judicum
837 920 1141 1000 partem,
1176 899 1298 972 illa
1333 926 1489 999 quae
1526 920 1624 973 tot
1654 904 1879 974 tristes
1916 906 2287 977 sententias

103 1061 110 1065 ·
199 1023 600 1101 effecerunt.
649 1019 810 1091 Jam
845 1044 1008 1116 ergo
1051 1016 1374 1089 animum
1411 1017 1707 1116 dignum
1741 1016 2005 1090 habeo¹
2042 1048 2289 1092 emen-

197 1135 471 1209 datione
515 1135 816 1205 fortunae
849 1158 865 1203 ε
917 1152 1144 1231 quum
1186 1132 1503 1213 affectari
1542 1132 1983 1230 tyrannidem
2024 1155 2292 1232 putaret
2404 1128 2417 1143 ’

195 1252 342 1348 (sic
369 1250 565 1323 enim
600 1248 1022 1347 loquamur)
1053 1273 1194 1318 non
1225 1246 1721 1319 dissimulavit:
1764 1274 1907 1319 non
1948 1248 2292 1323 ultionem

195 1365 546 1466 putavit²z
580 1389 762 1453 non,
793 1386 1017 1462 quum
1039 1362 1184 1462 ipse
1205 1363 1499 1461 patriam
1532 1363 1969 1461 perdidisset,
2004 1366 2289 1460 invidit,

197 1482 319 1555 sed
331 1480 522 1553 venit
547 1479 624 1551 in
645 1478 1012 1569 civitatem,
1039 1497 1106 1550 et
1131 1477 1435 1577 suscepit
1458 1478 1939 1577 gravissimum
1956 1481 2291 1572 laborem,

195 1619 266 1671 et
311 1622 526 1669 novas
570 1595 1003 1688 inimicitias,
1047 1616 1114 1668 et
1155 1614 1503 1667 recentem
1546 1594 2097 1670 aemulationem:
2148 1626 2293 1671 non

197 1713 464 1814 excepit
498 1712 794 1785 divitem
827 1711 913 1784 ab
947 1711 1180 1784 indice
1219 1713 1518 1784 fortuna.
1563 1714 1729 1783 Haec
1770 1738 1899 1811 ego
1942 1713 2245 1787 dicerem
2272 1775 2293 1809 ,

199 1829 412 1902 etiam
446 1830 506 1901 si
540 1828 768 1901 victus
787 1826 1054 1928 judicio
1091 1847 1300 1900 esset:
1337 1851 1528 1899 nunc
1557 1828 1821 1900 fortiter
1849 1828 1977 1901 hoc
2010 1855 2294 1929 possum

201 1946 655 2035 contendere,
700 1943 892 2041 quod
927 1944 1137 2017 fuisse
1173 1942 1397 2016 dicitis
1427 1970 1593 2015 eum
1622 1971 1827 2016 causa
1868 1944 2293 2020 inferiorem.

199 2060 396 2152 Quid
425 2081 528 2133 est
557 2059 816 2159 igitur?
841 2060 946 2131 lex
967 2056 1214 2159 jubet³
1259 2084 1372 2131 cos
1410 2057 1704 2150 absolvi,
1736 2060 1858 2159 qui
1902 2086 2097 2161 pares
2132 2088 2297 2135 sen-

197 2178 454 2251 tentias
469 2177 786 2250 tulerint.
806 2176 1246 2275 Imputabitis
1263 2174 1448 2247 istud
1470 2174 1764 2275 publicae
1790 2176 2297 2270 misericordiae,

201 2290 641 2391 imputabitis
675 2291 1096 2363 humanitati
1139 2318 1156 2362 ε
1203 2317 1347 2363 non
1393 2316 1521 2389 ego
1560 2318 1775 2391 arguo
1808 2292 1991 2365 hanc
2021 2294 2245 2394 legem
2277 2352 2297 2385 ,

203 2408 320 2482 sed
347 2407 502 2480 dico
529 2433 674 2481 esse
703 2432 1184 2480 communem.
1208 2407 1478 2479 Eodem
1509 2408 1696 2479 enim
1720 2430 2029 2508 tempore
2055 2435 2199 2482 non
2226 2408 2300 2482 id

202 2523 415 2596 modo
430 2523 808 2623 quaesitum
836 2543 969 2611 est,
995 2549 1084 2593 an
1112 2523 1442 2595 affectatae
1462 2523 1853 2619 tyrannidis
1879 2549 2075 2596 reum
2104 2522 2300 2595 dam-

199 2640 360 2711 nari
397 2660 774 2738 oporteret3
816 2638 936 2710 sed
969 2637 1146 2710 illud
1187 2638 1397 2710 etiam
1421 2695 1441 2728 ,
1486 2665 1575 2710 an
1609 2637 1802 2709 hunc
1832 2664 2195 2710 remanere
2225 2639 2299 2710 in

201 2755 478 2827 civitate
527 2775 892 2854 oporteret.
956 2754 1168 2844 Quod
1219 2755 1276 2826 si
1329 2780 1527 2853 pares
1574 2754 1931 2826 sententiae
1994 2754 2302 2853 periculo

203 2891 532 2972 prosunt,
558 2899 682 2971 pro
708 2892 1005 2970 utroque
1035 2891 1231 2960 sunt3
1267 2897 1354 2941 an
1380 2897 1539 2941 vero
1569 2870 1894 2941 affectatae
1916 2870 2303 2968 tyrannidis

203 3015 366 3060 reus
405 2988 832 3078 absolvatur,
877 2988 1212 3086 quoniam
1249 3014 1393 3060 non
1423 2988 1657 3086 plures
1700 3013 1824 3086 pro
1864 3008 2254 3059 accusatore
2280 3045 2301 3079 ,

202 3129 426 3202 qnam
471 3131 594 3203 pro
641 3131 759 3176 reo
809 3103 1160 3176 sententiae
1203 3095 1591 3193 fuere3'hic
1632 3101 1753 3203 qui
1800 3103 2129 3203 periculi,
2179 3105 2302 3202 qui

205 3219 431 3292 exsilii
455 3220 564 3292 vel
594 3219 958 3311 eamdem,
1003 3221 1114 3293 vel
1145 3221 1384 3320 utique
1419 3220 1798 3318 graviorem
1828 3244 2103 3320 poenam
2124 3278 2143 3311 ,
2184 3247 2303 3291 ex-

205 3334 593 3434 periretur,
643 3363 786 3408 non
831 3335 1158 3414 eamdem
1184 3336 1620 3435 “experiretur
1669 3335 1837 3434 legis
1894 3333 2303 3406 humanita-

207 3446 402 3520 tem?
445 3451 612 3522 Haec
663 3449 751 3522 de
790 3452 952 3553 juro
975 3449 1031 3542 4,
1081 3450 1226 3524 haec
1271 3452 1358 3524 de
1403 3451 1799 3552 rogatione:
1853 3450 1971 3522 illa
2012 3451 2165 3550 jam
2220 3449 2303 3521 de

211 3564 558 3662 aequitate.
601 3567 921 3665 Dignum
958 3592 1097 3640 esse
1141 3567 1495 3658 existimo,
1535 3567 1657 3664 qui
1690 3587 1968 3638 maneat
2010 3567 2083 3639 in
2129 3567 2305 3638 civi-

211 3701 398 3751 tate:
460 3681 771 3780 pericula
816 3701 1051 3753 nostra
1091 3683 1417 3773 tentavit,
1464 3683 1865 3755 servitutem
1912 3683 2302 3782 reipublicae

293 3856 342 3890 1.
365 3841 598 3913 Dignum
622 3841 802 3896 habeo.
827 3842 1002 3894 Habet
1020 3843 1106 3896 vel
1130 3843 1225 3894 ha·
1308 3843 1536 3918 Optavit.
1584 3845 1721 3914 Lege
1740 3882 1758 3911 ‚
1798 3844 2023 3916 paravit.
2069 3833 2315 3895 Gnonovss

213 3923 359 3974 betis.
385 3923 608 3976 Senum.
637 3925 875 4000 Dignum
905 3925 1056 3978 habet
1079 3945 1224 3980 com·-
1309 3925 1546 3998 Optavit,
1568 3926 1833 3979 AErodius.

209 4003 577 4071 mendatium,
601 4005 783 4057 AErod.
807 4024 972 4078 marg.
1374 4007 1424 4059 3.
1452 4006 1560 4058 Iaex
1574 4007 1731 4076 jubet.
1748 4005 1869 4057 vid.
1894 4005 2076 4057 Seneu.
2096 4003 2194 4072 Ep.
2218 4003 2301 4054 82.

291 4102 348 4136 2.
369 4085 496 4138 Non
526 4085 779 4140 ultionem
809 4087 1038 4158 putavit.
1063 4089 1225 4142 Nem·
1373 4085 1426 4152 4.
1452 4086 1580 4138 Hoec
1596 4085 1805 4158 dejure.
1831 4087 1897 4136 Et
1918 4083 2029 4135 haec
2052 4081 2304 4134 sermonis

211 4179 287 4236 pe
311 4164 372 4216 in
387 4165 564 4235 patri·
584 4185 851 4238 oppressa
878 4168 1106 4220 servitio.
1137 4165 1220 4220 ΔΙ.
1304 4165 1523 4237 propria
1551 4175 1689 4219 sunt.
1716 4165 1863 4214 Pri-n.
