2855 4871
555 411 1394 478 DECLAMATIONES.
1442 413 1954 480 CCCLXXVI.
2172 415 2301 505 489

198 529 436 602 dicere
475 527 795 626 nuptiaS,
837 554 982 598 non
1025 526 1396 626 occupatis·
1429 526 1623 617 Quid
1655 553 1853 626 ergo,
1896 527 2158 628 inquit,
2190 557 2305 603 or-

197 643 378 716 bam
412 669 556 714 non
593 639 828 713 ducis?
865 639 1162 739 gaudeo,
1195 662 1407 740 pater,
1442 643 1633 739 quod
1672 642 1977 716 misereri
2011 642 2303 716 fortunae

199 779 406 858 potes
429 785 445 829 ε
481 776 548 828 et
569 755 716 828 haec
739 755 908 827 orba
937 775 1070 846 est,
1099 777 1168 828 et
1189 754 1336 829 hoec
1363 775 1629 855 patrem
1658 755 1993 855 perdidit:
2022 757 2303 832 fortuna

201 871 490 962 similis„
521 869 956 968 indulgentia
974 869 1260 969 propior
1278 889 1394 944 est.
1415 872 1501 942 In
1526 869 1769 944 eadem
1801 871 2010 945 domo
2035 871 2305 947 educati

202 1011 492 1060 sumus:
531 983 692 1056 novi
723 1009 948 1056 mores
965 1041 984 1075 ,
1017 985 1234 1082 probo
1257 983 1746 1058 verecundiam
1767 1043 1786 1077 ,
1813 986 2030 1086 probo
2054 1013 2303 1086 genus:

204 1099 420 1200 quid,
446 1100 504 1172 si
529 1099 704 1171 mihi
733 1125 776 1170 a
799 1119 991 1197 patre
1016 1098 1507 1172 commendata
1536 1097 1669 1172 est?
1701 1100 1908 1199 quid,
1944 1100 1998 1172 si
2036 1123 2309 1200 rogatus

207 1213 418 1286 sum?
439 1213 646 1313 quid,
671 1214 724 1286 si
751 1213 960 1285 etiam
981 1212 1246 1314 juravi?
1270 1211 1370 1286 vis
1397 1239 1515 1286 me
1544 1213 1759 1288 fidem
1786 1241 1929 1288 non
1954 1216 2311 1314 praestare?

210 1352 284 1403 et
319 1328 481 1402 cui?
516 1329 636 1429 qui
669 1356 785 1401 me
818 1328 1129 1418 sustulit,
1166 1329 1288 1428 qui
1327 1350 1600 1430 patrem
1646 1329 1819 1430 egit,
1867 1331 1989 1428 qui
2031 1351 2095 1402 te
2134 1331 2311 1404 mihi

209 1463 484 1544 patrem
531 1442 762 1534 dedit,
811 1442 1418 1543 quemadmodum
1460 1445 1742 1546 rogavit.
1777 1448 1937 1518 Non
1981 1466 2080 1519 est
2122 1447 2311 1544 quod

213 1560 445 1649 dicae,
466 1562 614 1658 Ego
640 1584 847 1658 cogo:
880 1586 1075 1658 aeque
1103 1579 1336 1632 tamen
1362 1559 1598 1659 pejero
1618 1573 1635 1605 ¹
1665 1586 1679 1632 :
1712 1579 1780 1634 et
1800 1559 2041 1661 quales
2062 1560 2311 1633 futuroe

213 1673 480 1775 nuptiae
499 1730 518 1759 ,
552 1699 704 1773 quae
733 1671 1036 1772 perjurio
1055 1671 1495 1773 junguntur?

1085 1877 1449 1944 SERMO.

313 2039 562 2106 Ultima
588 2039 992 2130 comparatio
1009 2039 1414 2129 puellarum3
1434 2038 1615 2105 illam
1634 2058 1779 2104 esse
1800 2036 2103 2120 divitem,
2124 2035 2316 2104 facile

217 2150 642 2214 inventuram
667 2150 976 2215 maritum
994 2173 1013 2229 3
1034 2146 1208 2214 hanc
1223 2197 1240 2228 ,
1269 2150 1339 2212 in
1363 2165 1579 2213 totum
1603 2145 1983 2212 destitutam
2002 2194 2019 2225 ‚
2052 2161 2119 2210 et
2139 2167 2319 2210 nunc

217 2280 386 2322 vere
411 2255 639 2322 orbam
656 2306 674 2334 ,
701 2257 755 2321 si
789 2277 932 2322 enm
958 2255 1068 2320 hic
1091 2277 1364 2346 quoque
1393 2253 1687 2322 deserat:
1721 2249 2139 2320 referendam
2172 2273 2317 2318 esse

222 2362 502 2453 gratiam
531 2361 862 2451 expositos
887 2359 1369 2450 colligentibus·

221 2548 316 2587 tm·
339 2532 600 2605 particula
623 2530 878 2605 negandi,
901 2544 992 2585 aut
1017 2552 1120 2604 pro
1147 2534 1236 2585 sed
1313 2533 1427 2585 bere
1460 2530 1605 2585 orbas
1634 2550 1691 2602 p.
1729 2550 1772 2585 e.
1804 2514 2157 2597 „findam-e,
2188 2529 2317 2583 obr.

221 2612 492 2665 scribatur
510 2612 625 2665 nisi.
646 2614 887 2682 Utroque
910 2612 1052 2663 enirn
1070 2608 1233 2661 modo
1311 2612 1377 2664 Et
1406 2612 1582 2665 vacuis
1612 2612 1800 2679 indici,
1832 2614 2070 2685 nuptias,
2104 2629 2210 2664 non
2238 2630 2321 2665 oc·

223 2706 441 2748 constat
461 2712 645 2747 sensus
657 2732 674 2760 ,
689 2694 782 2765 qui
796 2694 1091 2764 requiritur.
1109 2692 1234 2745 Non
1313 2692 1515 2763 cupatis
1526 2728 1543 2757 ‚
1566 2690 1769 2745 Schult.
1791 2692 2068 2755 Inducere,
2084 2689 2230 2763 quod
2247 2708 2325 2743 re·

225 2773 417 2827 habere
448 2772 598 2824 orbas
613 2768 978 2844 privilegium,
1011 2771 1111 2821 nisi
1139 2788 1236 2821 va·
1313 2770 1473 2821 tinuit
1508 2767 1809 2823 Obrechtus
1830 2805 1847 2833 ‚
1883 2768 2097 2821 minime
2135 2766 2322 2821 admit-

223 2854 371 2914 ταῖς,
399 2850 624 2903 indicere
649 2848 872 2921 nuptias.
903 2850 1001 2909 Et,
1027 2866 1238 2920 oespon-
1315 2846 1556 2900 tendum.
1592 2847 1669 2899 lta
1702 2849 1843 2898 enim
1870 2847 2054 2914 Quint.
2084 2846 2177 2899 lib.
2195 2848 2321 2913 vn,

225 2936 404 2989 der-em
420 2969 438 2996 ,
480 2930 659 2983 habere
693 2930 840 2983 orbas
873 2928 1234 3003 privilegium,
1315 2930 1374 2997 4,
1397 2928 1487 2997 39,
1510 2926 1631 2993 ubi,
1658 2928 1918 2979 vindicare
1938 2940 2094 2980 antea
2118 2926 2322 2981 malue-

226 3018 320 3071 ,ed
356 3014 530 3066 vacuis
582 3010 806 3065 indicere
840 3012 1082 3082 nuptias,
1128 3028 1234 3062 non
1317 3026 1465 3071 ram,
1494 3004 1589 3059 sed
1626 3024 1777 3059 nnnc
1802 3020 1951 3059 muto
1988 3007 2318 3059 sententiam.

228 3092 512 3167 occupatis.
543 3092 622 3143 Et-
639 3088 744 3143 hoc
779 3090 1039 3160 posterius
1072 3088 1237 3159 magis
1315 3088 1451 3141 Vide
1474 3086 1541 3141 de
1562 3086 1725 3141 verbo
1748 3086 1971 3140 indicere
1990 3088 2224 3141 Gronov.
2252 3086 2320 3141 ad

229 3172 428 3245 placet.
451 3171 694 3223 Fortasse
719 3185 772 3221 et
790 3168 938 3222 malie
957 3167 1236 3221 indicendi.
1317 3170 1501 3223 Senee.
1528 3166 1723 3239 OEdip.
1743 3170 1799 3234 1,
1825 3184 1905 3239 ¹7.
1932 3169 2099 3222 Bona.

232 3254 401 3305 Gaon.
431 3248 806 3322 Responderem
833 3266 938 3301 non
951 3268 971 3310 ‚-
1005 3265 1112 3299 mm
1146 3246 1240 3299 ha·
1397 3266 1445 3301 1.
1470 3248 1669 3322 Pejero.
1694 3248 2032 3321 Pver-«vero,
2056 3244 2233 3299 AEaeod.
