2855 4871
691 412 1529 482 DECLAMA‘rloNES.
1575 418 1836 482 cocL.
2186 421 2301 500 441
2410 431 2417 434 ·

203 569 362 616 esse
389 541 622 643 potuit
649 540 1022 640 prudentia
1050 539 1399 640 majorum
1420 596 1440 631 ,
1475 566 1915 641 quamquam
1952 543 2089 616 fuit
2118 570 2315 616 sum-

204 682 332 746 ma
351 713 370 747 ,
401 677 478 728 ut
504 655 592 727 ad
608 681 821 726 omne
845 679 1068 753 genus
1100 653 1424 753 nequitiae
1451 676 1764 728 occurrat
1784 671 1800 700 ¹
1830 682 1844 726 ε
1872 656 2168 753 ideoque
2193 685 2319 756 per

205 770 618 842 universum
636 826 657 860 ,
693 790 765 840 et
796 795 920 868 per
948 794 1200 866 genera
1227 767 1505 866 singula
1530 769 1917 868 conscripta
1944 793 2109 844 sunt
2128 771 2309 870 jura.

207 883 462 957 Caedes
487 883 757 957 videtur
788 881 1176 980 significare
1205 883 1625 981 sanguinem
1649 905 1719 956 et
1744 885 2009 957 ferrum
2036 914 2050 958 :
2080 887 2135 957 si
2162 887 2315 984 quis
2401 916 2408 924 ·

207 997 354 1070 alio
383 1022 634 1098 genere
666 995 884 1068 bomo
912 996 1124 1068 fuerit
1151 996 1411 1068 occisus
1431 1055 1450 1087 ,
1486 997 1575 1069 ad
1610 996 1805 1069 illam
1840 997 2067 1096 legem
2097 1025 2317 1072 rever-

211 1137 493 1188 temur:
533 1114 590 1186 si
621 1112 945 1185 inciderit
980 1112 1054 1183 in
1087 1113 1390 1184 latrones
1404 1126 1460 1202 ²,
1496 1133 1615 1185 aut
1643 1113 1715 1185 in
1747 1140 1963 1212 aquas
1991 1115 2313 1214 praecipi-

211 1249 431 1320 tatus,
479 1227 538 1300 si
583 1228 656 1300 in
703 1226 1011 1326 aliquam
1059 1225 1481 1299 immensam
1530 1226 1969 1302 altitudinem
2012 1229 2315 1330 dejectus

209 1343 424 1416 fuerit
441 1400 460 1434 ,
487 1342 735 1416 eadem
758 1340 910 1440 lege
933 1341 1422 1433 vindicabitur,
1448 1368 1590 1440 qua
1617 1341 1775 1432 ille3
1806 1343 1928 1441 qui
1960 1344 2141 1415 ferro
2168 1370 2315 1442 per-

211 1485 454 1532 cussus
499 1458 632 1530 sit:
679 1457 893 1556 igitur
935 1477 1003 1529 et
1041 1455 1179 1530 alia
1219 1456 1499 1530 similia.
1541 1459 1685 1533 Lex
1726 1457 1813 1530 de
1850 1485 2029 1556 aqua
2063 1459 2319 1557 frigida

209 1576 474 1674 scripta
507 1600 648 1646 non
685 1593 866 1665 erat3
896 1572 1268 1646 redeamus
1299 1599 1572 1646 necesse
1607 1594 1707 1646 est
1732 1596 1966 1648 tamen
2002 1575 2090 1646 ad
2120 1603 2314 1668 eam,

210 1717 374 1789 quae
405 1715 674 1762 venena
711 1709 1054 1794 coerceat,
1090 1714 1317 1786 quum
1359 1715 1541 1787 aqua
1577 1687 1833 1787 frigida
1866 1690 1936 1761 id
1966 1689 2275 1762 effecerit
2296 1746 2315 1780 ,

211 1801 408 1901 quod
435 1827 812 1875 venenum.
848 1803 1053 1891 Haec,
1087 1821 1162 1873 ut
1190 1799 1590 1873 remittam-*³
1620 1829 1764 1873 non
1798 1803 2011 1875 fuisse
2040 1803 2172 1876 hoc
2202 1831 2320 1876 ve-

213 1917 558 1990 neficium
578 1974 598 2008 ,
627 1942 820 1988 nunc
839 1942 1000 1988 vero
1023 1942 1378 1989 venenum
1404 1917 1759 2015 quomodo
1784 1917 2221 2018 interpretari
2253 1941 2319 1992 et

215 2033 608 2132 intelligere
630 2031 1044 2133 possumus?
1072 2052 1149 2104 ut
1173 2031 1443 2131 opinor,
1466 2033 1823 2133 potionem
1850 2033 2091 2106 mortis
2114 2060 2318 2107 causa

217 2151 481 2221 datam.
517 2150 678 2219 Non
703 2144 1040 2245 quaeritur
1068 2145 1294 2244 qualis
1321 2147 1447 2236 sit,
1476 2145 1594 2218 sed
1623 2146 1793 2246 quid
1823 2146 2117 2220 efficiat:
2148 2173 2317 2218 nam

216 2265 535 2364 ipsorum
551 2287 985 2334 venenorum
1005 2260 1210 2362 plura
1239 2288 1495 2361 genera
1513 2317 1532 2351 ,
1563 2262 1768 2362 plura
1796 2263 2089 2335 nomina
2118 2285 2315 2354 sunt;

218 2379 469 2453 diversi
521 2378 728 2452 etiam
785 2378 1093 2451 effectus.
1149 2375 1364 2451 Aliud
1415 2403 1499 2450 ex
1546 2377 1893 2451 radicibus
1939 2377 2317 2452 herbarum

218 2496 680 2589 contrahitur,
707 2495 898 2567 aliud
922 2522 999 2568 ex
1026 2493 1451 2568 animalibus
1476 2494 1879 2568 mortiferis4
1904 2517 2317 2584 reservatur;

221 2634 384 2686 sunt
425 2640 580 2714 quae
622 2612 872 2712 frigore
913 2610 1376 2711 sauguinem⁵
1413 2611 1684 2709 gelent,
1717 2633 1879 2683 sunt
1912 2638 2063 2710 quae
2096 2610 2318 2682 calore

221 2730 450 2801 nimio
483 2726 718 2799 vitalia
768 2747 1090 2817 exurant3
1143 2725 1385 2799 omnia
1434 2746 1673 2797 tamen
1727 2726 1869 2797 baec
1918 2724 2049 2796 sub
2096 2749 2317 2797 unam

221 2846 450 2945 legem
496 2843 810 2917 veneficii
858 2843 1169 2916 veniunt.
1223 2842 1426 2933 Quin
1472 2840 1647 2914 illud
1696 2842 1906 2913 etiam
1960 2841 2033 2911 in
2081 2867 2315 2913 rerum

221 2982 474 3034 natura
515 2960 968 3034 manifestum
1016 2980 1220 3058 atque
1264 2956 1779 3056 deprehensum
1825 2977 1959 3047 est,
2002 2956 2139 3029 alia
2174 2984 2319 3029 esse

223 3076 376 3147 aliis
397 3100 667 3149 venena
699 3103 710 3144 :
742 3073 1063 3172 quaedam
1091 3071 1447 3145 mortifera
1478 3072 1680 3144 nobis
1700 3129 1719 3163 ,
1755 3070 1965 3146 etiam
1995 3071 2068 3143 in
2100 3098 2315 3144 reme-

225 3192 429 3264 dium
470 3190 941 3291 quorumdam
984 3188 1402 3261 animalium
1442 3186 1738 3259 cedunt:
1772 3186 2130 3285 quaedam,
2160 3213 2313 3285 quae

297 3358 344 3393 1.
387 3338 459 3391 Ut
491 3340 562 3391 ad
601 3356 756 3391 omne
785 3358 950 3413 gertus
982 3340 1228 3413 nequitie
1377 3338 1429 3405 4.
1449 3340 1535 3390 Ex
1552 3337 1869 3391 animalibus
1884 3336 2312 3409 mortiferis.Vid.

223 3431 476 3471 occurrat.
490 3418 690 3490 Regula
705 3418 956 3491 loquendi
972 3421 1228 3492 praecipit,
1306 3419 1464 3470 Corn.
1499 3416 1742 3483 Celsum,
1776 3416 1866 3468 lib.
1889 3420 1955 3483 V,
1983 3432 2066 3485 17,
2096 3414 2128 3468 5
2162 3432 2313 3485 seqq.

221 3498 513 3550 occurrerit.
537 3496 706 3549 Giton.
1307 3499 1400 3551 ubi
1423 3502 1531 3571 agit
1554 3498 1621 3551 de
1644 3516 1824 3551 morsu
1850 3510 2155 3569 serpentum
2182 3495 2315 3548 mul·-

295 3594 346 3629 2.
371 3577 440 3628 In
465 3575 701 3630 latrones.
733 3575 815 3628 Al.
843 3576 1094 3638 lav-inan
1115 3575 1229 3627 for·
1308 3594 1504 3633 torum.
1520 3580 1612 3632 Eu.
1742 3630 1749 3638 ,

225 3672 364 3712 tasse
395 3658 624 3722 rectius,
651 3656 737 3709 vel
767 3656 1052 3711 lautumias
1079 3657 1226 3707 Prru.
1375 3659 1425 3712 5.
1438 3655 1959 3731 Friyoresanquinem
1964 3654 2157 3728 yelent.
2169 3652 2315 3707 Idem

225 3740 438 3793 Rectius
451 3736 710 3791 habemus
725 3736 962 3789 inciderit
976 3754 1096 3789 cum
1111 3737 1225 3807 Rip.
1308 3736 1400 3789 lib.
1417 3750 1469 3789 et
1486 3754 1603 3807 cap.
1621 3737 1733 3787 citt.
1750 3734 1795 3805 §-
1808 3735 1841 3787 3
1855 3736 1947 3787 fin.
1962 3744 2315 3806 posteaquam

222 3839 322 3893 pro
349 3820 612 3873 incideret.
648 3816 812 3885 Quod
842 3835 964 3869 mox
991 3818 1230 3888 sequitur
1307 3819 1558 3890 precepit
1583 3813 1823 3869 antidota
1851 3814 2017 3868 calori
2047 3811 2313 3865 movendo

225 3899 506 3953 relativum
529 3898 886 3950 vindicabitur·
913 3898 1006 3949 El>-
1310 3899 1531 3964 idonea,
1548 3896 1661 3951 hae
1684 3895 1862 3949 addit:
1896 3918 1919 3943 ι
1938 3898 2074 3949 Nam
2092 3895 2315 3948 maxima

291 3980 346 4033 3.
384 3978 513 4031 Hoec
550 3988 612 4029 ut
645 3976 921 4029 remittam.
955 3974 1084 4027 Hoec
1118 3969 1232 4025 vult
1317 4000 1340 4025 ι
1357 3996 1482 4049 pars
1526 3992 1851 4029 venenorum
1892 3975 2089 4044 frigore
2132 3976 2317 4027 interi-

225 4060 486 4112 remittam
495 4098 514 4125 ‚
526 4058 608 4111 vel
625 4057 942 4129 pra-mittam
952 4096 973 4126 ,
991 4074 1092 4128 pro
1106 4071 1233 4125 proe·
1317 4079 1340 4104 ι
1359 4058 1470 4109 mit.
1494 4080 1515 4105 n
1540 4055 1713 4121 Quam
1728 4054 2043 4106 sententiam
2060 4070 2171 4105 uon
2190 4070 2317 4105 con-

223 4140 523 4195 tet-mittam.
547 4141 767 4195 Senum.
1311 4134 1518 4187 firmare
1544 4134 1843 4187 sustineam.
1868 4131 1965 4186 En.
