2855 4871
579 388 698 455 150
1072 386 1164 449 Μ.
1209 384 1466 465 FABII
1508 384 2146 467 QUINTILIAM

571 510 838 583 dictum
856 564 875 599 ‚
909 507 1100 607 quod
1135 506 1277 607 ipse
1305 506 1605 598 audivit,
1641 506 1831 604 quod
1860 507 2041 579 intra
2071 507 2276 581 verba
2306 510 2639 583 constitit:

569 624 875 701 maximo
917 642 1126 723 atque
1165 621 1563 695 admirabili
1596 620 1825 721 potius
1863 622 2335 720 experimento
2368 624 2643 722 gravita-

569 759 712 811 tem
757 736 965 839 hujus
1011 736 1254 836 pueri,
1301 734 1865 831 severitatemque
1886 792 1909 827 ,
1950 734 2262 835 judiees,
2305 738 2647 837 diligetis:

571 853 736 953 quia
767 854 822 927 is
843 910 864 943 ,
894 852 1018 950 qui
1045 870 1316 923 tantum
1344 850 1539 923 nefas
1570 848 2051 949 concupierat,
2086 850 2325 949 ipsum
2358 880 2643 950 puerum

569 968 916 1069 appellare
962 992 1108 1039 non
1155 990 1366 1039 ausus
1411 984 1533 1037 est.
1583 963 1881 1037 Facilius
1925 963 2029 1036 illi
2078 965 2211 1039 fuit
2252 965 2450 1065 loqui
2493 992 2645 1039 cum

569 1085 700 1159 hoc
729 1106 951 1185 patre,
974 1084 1107 1155 hoc
1134 1108 1404 1173 severo;
1430 1102 1501 1153 et
1526 1080 1723 1183 loqui
1749 1108 1894 1153 non
1920 1081 2171 1173 semel,
2198 1102 2265 1154 et
2286 1081 2649 1181 pecuniam

452 1273 456 1277 ,
571 1200 913 1300 polliceri,
941 1220 1012 1272 et
1033 1198 1326 1300 adjicere
1354 1197 1685 1299 pretium.
1702 1200 1893 1271 Tum
1922 1198 2047 1271 iste
2066 1218 2304 1271 tamen
2328 1226 2471 1270 non
2492 1199 2651 1271 adiit

569 1316 1003 1414 magistratus
1033 1341 1049 1389 :
1085 1340 1231 1387 non
1260 1312 1751 1388 vociferatione
1788 1312 2035 1385 saltem
2066 1312 2405 1386 invidiam
2441 1313 2651 1385 facere

569 1432 756 1532 apud
796 1430 1142 1531 populum
1175 1452 1463 1517 conatus
1497 1452 1641 1504 est:
1674 1451 1865 1503 tanto
1902 1430 2168 1505 facilius
2200 1431 2471 1529 exigere
2502 1458 2648 1503 ma-

571 1573 796 1645 gnum
829 1546 1191 1639 animum,
1227 1574 1444 1646 quam
1478 1566 1812 1647 praestare.
1848 1546 1919 1619 Si
1956 1546 2323 1619 hominem
2352 1546 2651 1620 occidere

569 1661 768 1737 facile
805 1684 940 1753 est,
968 1683 1122 1736 tum
1149 1662 1340 1735 feriri
1373 1662 1707 1762 oportuit,
1738 1689 1962 1763 quum
2007 1663 2092 1736 de
2134 1683 2373 1760 stupro
2404 1662 2529 1734 filii
2555 1662 2649 1733 tui

573 1777 1020 1877 loquebatur3
1051 1805 1275 1881 quum
1305 1800 1585 1853 tuarum
1612 1779 1685 1851 id
1716 1779 2026 1879 partium
2044 1836 2065 1871 ,
2090 1778 2195 1850 tui
2222 1778 2481 1868 animi,
2513 1800 2654 1849 tua-

573 1920 735 1967 rum
765 1894 976 1967 etiam
1007 1894 1262 1967 virium
1296 1893 1430 1967 fuit
1460 1922 1476 1967 ε
1510 1920 1677 1967 nam
1713 1894 2066 1993 fingamus
2098 1918 2265 1965 sane
2296 1892 2481 1967 istud
2514 1918 2656 1963 ma-

574 2008 987 2083 trimonium
1011 2009 1218 2083 fuisse
1235 2065 1256 2099 ,
1289 2008 1449 2109 quis
1474 2028 1712 2081 tamen
1748 2008 2072 2081 omnium
2102 2006 2512 2079 mortalium
2534 2006 2657 2078 hoc

575 2124 830 2224 exigat,
861 2146 942 2198 ut
962 2125 1207 2199 fortius
1230 2150 1421 2216 uxor,
1453 2152 1668 2224 quam
1698 2123 1917 2215 filius,
1946 2123 2371 2196 vindicetur?
2396 2124 2513 2197 Sic
2537 2148 2655 2221 ego

578 2240 768 2313 hunc
802 2239 1287 2332 defenderem,
1315 2239 1627 2341 judiceS,
1660 2240 1717 2312 si
1752 2240 2065 2313 occidere
2102 2237 2469 2311 noluisset:
2512 2264 2658 2311 rur-

578 2384 692 2429 sus
737 2355 913 2430 mihi
961 2357 1053 2429 ad
1097 2356 1170 2429 id
1211 2358 1655 2442 redeundum
1698 2376 1831 2447 est,
1880 2384 1960 2429 ex
2001 2382 2143 2457 quo
2184 2356 2656 2457 defensionem

577 2472 789 2575 hujus
809 2473 1152 2573 ingressus
1167 2501 1346 2546 sum.
1359 2472 1631 2572 Ecquid
1644 2499 1761 2546 vos
1777 2471 2088 2570 cogitatis
2104 2491 2401 2563 aetatem,
2417 2471 2659 2572 ecquid

577 2587 820 2660 videtis
862 2615 1122 2678 annos,
1165 2587 1419 2685 ecquid
1460 2607 1724 2660 semoto
1764 2585 1885 2658 illo
1919 2585 2322 2686 nuptiarum
2366 2601 2383 2631 ¹
2408 2588 2656 2672 mimo,

579 2723 782 2803 atque
805 2702 1002 2774 inani
1032 2701 1525 2776 tantummodo
1549 2701 1875 2792 nomine,
1894 2701 2126 2774 virum
2152 2726 2296 2774 esse
2320 2700 2657 2800 cogitatis;

580 2838 648 2890 et
677 2817 974 2917 dignum
991 2876 1012 2910 ,
1041 2818 1167 2918 qui
1197 2818 1581 2909 abdicetur,
1611 2816 1802 2917 quod
1831 2815 2199 2888 hominem
2228 2840 2375 2886 non
2404 2814 2663 2888 occide-

659 3001 703 3036 1.
743 2985 1071 3058 Nuptiarum
1107 2987 1290 3040 mimo.
1332 2987 1582 3040 Diversus
1661 2999 1846 3039 natus:
1872 2986 1948 3040 sie
1970 2985 2145 3036 Livius
2167 2981 2369 3050 XXXI,
2399 2983 2497 3036 16:
2522 2981 2663 3034 «Phi-

581 3063 650 3116 ab
671 3064 777 3118 hoc
801 3069 1104 3138 nuptiarum
1125 3069 1214 3122 ille
1233 3069 1422 3122 mimus
1438 3067 1585 3140 apud
1670 3090 1693 3115 ιι
1710 3066 1890 3139 lippus
1936 3067 2102 3140 magis
2156 3066 2304 3136 regio
2362 3067 2543 3119 animo
2592 3077 2661 3117 eut

581 3144 723 3197 Suet.
743 3145 868 3200 Odi.
892 3145 1068 3211 12‚de
1087 3165 1190 3216 qua
1209 3165 1340 3200 voce
1358 3147 1588 3219 plurima
1671 3168 1693 3193 ιι
1713 3163 1868 3208 usum
1888 3169 1913 3195 n
1952 3144 2071 3198 Val.
2108 3144 2251 3198 Mu.
2280 3147 2347 3210 V,
2388 3162 2408 3196 ι
2452 3159 2557 3200 ext.
2596 3143 2657 3209 4:

579 3226 815 3280 Gronov.
851 3227 1075 3280 Observ.
1113 3227 1312 3282 Eccles.
1355 3228 1422 3282 25
1438 3251 1452 3280 ε
1485 3247 1586 3282 nec

583 3319 760 3358 tamen
802 3307 926 3360 viris
972 3299 1178 3378 magnis
1219 3306 1489 3359 Gronovio
1534 3321 1587 3362 et

581 3387 783 3440 Graevio
803 3385 1056 3442 accedere
1076 3407 1324 3458 possum,
1339 3389 1432 3460 qui
1446 3388 1587 3444 hauc

583 3487 800 3540 quoqne
829 3487 1016 3524 vocem
1045 3469 1231 3536 Flom,
1261 3469 1353 3522 lib.
1382 3472 1461 3536 11,
1490 3471 1587 3538 14,

583 3549 808 3604 reddere
842 3565 1133 3616 conantur,
1171 3564 1226 3604 et
1255 3550 1323 3605 de
1353 3550 1587 3606 Pseudo-

581 3627 830 3701 philippo
853 3629 1069 3700 legunt‚
1099 3631 1292 3706 regiam
1310 3631 1583 3703 sonum,

583 3711 782 3783 regium
812 3730 1006 3764 nomen
1031 3713 1194 3764 mimo
1217 3731 1429 3786 quoque
1448 3716 1588 3787 regio

585 3793 858 3864 impleuit:
901 3811 1026 3847 nam
1057 3811 1244 3846 sensus
1279 3797 1589 3849 manifestus

585 3889 694 3943 ost,
731 3878 776 3930 si
803 3877 984 3929 animo
1009 3877 1246 3948 legatur-3
1275 3875 1424 3928 illum
1464 3876 1587 3930 lieet

586 3955 778 4010 ultime
797 3959 952 4010 sortia
973 3971 1138 4025 essa,
1159 3959 1306 4012 etita
1329 3956 1589 4014 educatus

587 4036 642 4084 in
677 4035 954 4104 sordibus,
991 4051 1172 4091 tamen
1209 4055 1384 4092 mores
1415 4040 1589 4108 regios

587 4111 864 4181 habuisse,
903 4135 968 4169 ae
1005 4120 1050 4170 si
1089 4119 1144 4170 in
1177 4136 1413 4191 purpura
1452 4131 1591 4172 esset

1668 3247 1693 3276 a
1712 3227 1777 3278 Et
1794 3223 2025 3290 cultum,
2048 3237 2099 3276 et
2124 3224 2359 3276 animum
2382 3241 2569 3294 gem-e
2588 3239 2661 3273 re-

1668 3308 1855 3378 ·gium
1878 3308 2057 3376 jussit:
2080 3328 2103 3352 n·
2134 3319 2186 3356 et
2212 3309 2290 3357 ita
2314 3305 2661 3377 rectefonnoe

1663 3403 1717 3442 et
1736 3387 1941 3442 nomini
1962 3389 2169 3442 animus
2185 3425 2204 3452 ,
2232 3404 2343 3439 non
2366 3386 2563 3440 misniae
2578 3383 2661 3438 ad·

1657 3471 1859 3543 jicitur:
1882 3483 1934 3522 et
1950 3469 2057 3522 hoe
2076 3468 2293 3540 implere
2306 3467 2471 3520 etiam
2486 3469 2658 3538 exigit,

1664 3549 1812 3621 quod
1832 3547 2006 3602 laudis
2028 3560 2135 3612 est3
2156 3560 2217 3599 ut
2238 3545 2495 3614 Ovidius,
2520 3549 2657 3598 Pom.

1664 3631 1719 3698 1,
1746 3649 1809 3698 a,
1842 3649 1899 3684 ιε
1931 3631 2227 3694 «Munna,
2252 3631 2343 3700 qni
2366 3631 2505 3681 tami
2528 3645 2664 3681 meu-

1673 3734 1697 3761 ·
1716 3731 1895 3766 suram
1922 3712 2151 3764 nominis
2170 3710 2378 3782 imples.
2396 3733 2420 3758 n
2456 3713 2538 3764 De
2564 3727 2662 3780 qno

1664 3795 1829 3850 verbo
1854 3795 2009 3868 plura
2038 3793 2163 3858 alibi
2192 3795 2249 3844 in
2284 3791 2364 3845 his
2398 3793 2663 3846 Declam-

1668 3875 1929 3928 tionibus:
1956 3872 2059 3926 vid.
2085 3871 2319 3924 Declam.
2342 3869 2469 3922 xlv
2480 3893 2495 3934 ς
2526 3885 2579 3923 et
2602 3867 2665 3921 ad

1662 3960 1801 4010 Petr.
1834 3957 2015 4010 XOEV.
2038 3983 2113 4000 «—
2136 3953 2407 4008 Occiderit.
2448 3953 2535 4005 sie
2566 3969 2663 4003 nn·

1666 4036 1859 4089 luimus
1872 4055 1993 4088 cum
2010 4037 2123 4107 Rip.
2140 4053 2203 4087 ex
2222 4030 2405 4085 AErod.
2425 4051 2529 4104 pro
2544 4028 2665 4085 ocei-

1668 4117 1827 4178 deret,-
1836 4130 1889 4168 οι
1894 4115 1967 4183 τῷ·
1978 4117 2153 4179 bonus,
2164 4131 2217 4168 es
2228 4111 2571 4183 subjecimus.
2582 4111 2664 4164 Ru.
