<?xml version="1.0" encoding="UTF-8"?>
<!DOCTYPE html PUBLIC "-//W3C//DTD XHTML 1.0 Transitional//EN"
    "http://www.w3.org/TR/xhtml1/DTD/xhtml1-transitional.dtd">
<html xmlns="http://www.w3.org/1999/xhtml" xml:lang="en" lang="en">
 <head>
  <title>
</title>
<meta http-equiv="Content-Type" content="text/html;charset=utf-8" />
  <meta name='ocr-system' content='tesseract 3.04.00' />
  <meta name='ocr-capabilities' content='ocr_page ocr_carea ocr_par ocr_line ocrx_word'/>
</head>
<body>
  <div class='ocr_page' id='page_1' title='image "./marcusfabiusqui06spalgoog_0502.png"; bbox 0 0 2855 4871; ppageno 0'>
   <div class='ocr_carea' id='block_1_1' title="bbox 498 433 2230 529">
    <p class='ocr_par' dir='ltr' id='par_1_1' title="bbox 498 433 2230 529">
     <span class='ocr_line' id='line_1_1' title="bbox 498 433 2230 529; baseline 0.001 -29"><span class='ocrx_word' id='word_1_1' title='bbox 498 433 1330 500; x_wconf 75' lang='lat' dir='ltr'><strong>DECLAMATmNEs.</strong></span> <span class='ocrx_word' id='word_1_2' title='bbox 1379 434 1890 504; x_wconf 78' lang='lat' dir='ltr'><strong>cchxxlx.</strong></span> <span class='ocrx_word' id='word_1_3' title='bbox 2106 443 2230 529; x_wconf 75' lang='lat'><strong>497</strong></span> 
     </span>
    </p>
   </div>
   <div class='ocr_carea' id='block_1_2' title="bbox 133 556 2297 3307">
    <p class='ocr_par' dir='ltr' id='par_1_2' title="bbox 133 556 2297 3307">
     <span class='ocr_line' id='line_1_2' title="bbox 133 556 2239 664; baseline 0.002 -31"><span class='ocrx_word' id='word_1_4' title='bbox 133 558 632 658; x_wconf 82' lang='lat' dir='ltr'>cumscriptio?</span> <span class='ocrx_word' id='word_1_5' title='bbox 657 558 782 630; x_wconf 88' lang='lat' dir='ltr'><strong>ista</strong></span> <span class='ocrx_word' id='word_1_6' title='bbox 805 584 894 630; x_wconf 91' lang='lat' dir='ltr'><strong>ne</strong></span> <span class='ocrx_word' id='word_1_7' title='bbox 925 583 1190 658; x_wconf 83' lang='lat' dir='ltr'><strong>pauper</strong></span> <span class='ocrx_word' id='word_1_8' title='bbox 1216 556 1506 656; x_wconf 88' lang='lat' dir='ltr'><strong>quidem</strong></span> <span class='ocrx_word' id='word_1_9' title='bbox 1536 559 1785 659; x_wconf 87' lang='lat' dir='ltr'><strong>objecit</strong></span> <span class='ocrx_word' id='word_1_10' title='bbox 1813 591 1825 632; x_wconf 93' lang='lat'>:</span> <span class='ocrx_word' id='word_1_11' title='bbox 1860 589 1989 636; x_wconf 87' lang='lat' dir='ltr'><strong>nec</strong></span> <span class='ocrx_word' id='word_1_12' title='bbox 2015 566 2239 664; x_wconf 88' lang='lat' dir='ltr'><strong>potuit</strong></span> 
     </span>
     <span class='ocr_line' id='line_1_3' title="bbox 134 671 2237 777; baseline 0.003 -31"><span class='ocrx_word' id='word_1_13' title='bbox 134 675 348 748; x_wconf 87' lang='lat' dir='ltr'><strong>latere</strong></span> <span class='ocrx_word' id='word_1_14' title='bbox 381 694 692 746; x_wconf 87' lang='lat' dir='ltr'><strong>anteacta</strong></span> <span class='ocrx_word' id='word_1_15' title='bbox 721 672 858 744; x_wconf 84' lang='lat' dir='ltr'><strong>vita</strong></span> <span class='ocrx_word' id='word_1_16' title='bbox 881 671 1012 743; x_wconf 88' lang='lat' dir='ltr'><strong>sub</strong></span> <span class='ocrx_word' id='word_1_17' title='bbox 1043 672 1386 771; x_wconf 86' lang='lat' dir='ltr'><strong>ejusmodi</strong></span> <span class='ocrx_word' id='word_1_18' title='bbox 1419 673 1744 765; x_wconf 86' lang='lat' dir='ltr'><strong>inimico,</strong></span> <span class='ocrx_word' id='word_1_19' title='bbox 1776 703 1989 775; x_wconf 90' lang='lat' dir='ltr'><strong>quem</strong></span> <span class='ocrx_word' id='word_1_20' title='bbox 2018 706 2237 777; x_wconf 90' lang='lat' dir='ltr'><strong>usque</strong></span> 
     </span>
     <span class='ocr_line' id='line_1_4' title="bbox 136 786 2233 890; baseline 0.002 -29"><span class='ocrx_word' id='word_1_21' title='bbox 136 817 220 862; x_wconf 87' lang='lat' dir='ltr'><strong>eo</strong></span> <span class='ocrx_word' id='word_1_22' title='bbox 244 789 746 861; x_wconf 86' lang='lat' dir='ltr'><strong>vehementem</strong></span> <span class='ocrx_word' id='word_1_23' title='bbox 772 786 1024 874; x_wconf 88' lang='lat' dir='ltr'><strong>dicitis,</strong></span> <span class='ocrx_word' id='word_1_24' title='bbox 1055 807 1134 858; x_wconf 91' lang='lat' dir='ltr'><strong>ut</strong></span> <span class='ocrx_word' id='word_1_25' title='bbox 1163 811 1320 858; x_wconf 88' lang='lat' dir='ltr'><strong>mea</strong></span> <span class='ocrx_word' id='word_1_26' title='bbox 1352 812 1569 858; x_wconf 87' lang='lat' dir='ltr'><strong>manu</strong></span> <span class='ocrx_word' id='word_1_27' title='bbox 1594 809 1765 860; x_wconf 79' lang='lat' dir='ltr'><strong>esset</strong></span> <span class='ocrx_word' id='word_1_28' title='bbox 1778 791 2233 890; x_wconf 85' lang='lat' dir='ltr'><strong>jugulandus.</strong></span> 
     </span>
     <span class='ocr_line' id='line_1_5' title="bbox 141 901 2239 1004; baseline 0.002 -27"><span class='ocrx_word' id='word_1_29' title='bbox 141 907 276 978; x_wconf 88' lang='lat' dir='ltr'><strong>Sed</strong></span> <span class='ocrx_word' id='word_1_30' title='bbox 313 904 692 976; x_wconf 89' lang='lat' dir='ltr'><strong>inimicum</strong></span> <span class='ocrx_word' id='word_1_31' title='bbox 720 903 977 976; x_wconf 90' lang='lat' dir='ltr'><strong>occidi:</strong></span> <span class='ocrx_word' id='word_1_32' title='bbox 1024 901 1279 1002; x_wconf 87' lang='lat' dir='ltr'><strong>quem?</strong></span> <span class='ocrx_word' id='word_1_33' title='bbox 1318 929 1733 1002; x_wconf 81' lang='lat' dir='ltr'><strong>pauperem,</strong></span> <span class='ocrx_word' id='word_1_34' title='bbox 1776 907 1897 1004; x_wconf 92' lang='lat' dir='ltr'><strong>qui</strong></span> <span class='ocrx_word' id='word_1_35' title='bbox 1940 909 2118 980; x_wconf 89' lang='lat' dir='ltr'><strong>nihil</strong></span> <span class='ocrx_word' id='word_1_36' title='bbox 2163 911 2239 982; x_wconf 89' lang='lat' dir='ltr'><strong>in</strong></span> 
     </span>
     <span class='ocr_line' id='line_1_6' title="bbox 143 1021 2233 1124; baseline 0.001 -30"><span class='ocrx_word' id='word_1_37' title='bbox 143 1021 333 1095; x_wconf 88' lang='lat' dir='ltr'><strong>curia</strong></span> <span class='ocrx_word' id='word_1_38' title='bbox 353 1079 372 1112; x_wconf 91' lang='lat'>‚</span> <span class='ocrx_word' id='word_1_39' title='bbox 409 1022 588 1093; x_wconf 87' lang='lat' dir='ltr'><strong>nihil</strong></span> <span class='ocrx_word' id='word_1_40' title='bbox 616 1021 690 1092; x_wconf 92' lang='lat' dir='ltr'><strong>in</strong></span> <span class='ocrx_word' id='word_1_41' title='bbox 716 1021 1046 1092; x_wconf 87' lang='lat' dir='ltr'><strong>concione</strong></span> <span class='ocrx_word' id='word_1_42' title='bbox 1077 1039 1362 1119; x_wconf 90' lang='lat' dir='ltr'><strong>poterat.</strong></span> <span class='ocrx_word' id='word_1_43' title='bbox 1401 1021 1677 1094; x_wconf 87' lang='lat' dir='ltr'>Inimici</span> <span class='ocrx_word' id='word_1_44' title='bbox 1713 1046 1875 1096; x_wconf 87' lang='lat' dir='ltr'><strong>sunt</strong></span> <span class='ocrx_word' id='word_1_45' title='bbox 1904 1051 1983 1096; x_wconf 89' lang='lat' dir='ltr'><strong>ex</strong></span> <span class='ocrx_word' id='word_1_46' title='bbox 2012 1040 2029 1070; x_wconf 88' lang='lat'>¹</span> <span class='ocrx_word' id='word_1_47' title='bbox 2053 1025 2233 1124; x_wconf 88' lang='lat' dir='ltr'><strong>pari:</strong></span> 
     </span>
     <span class='ocr_line' id='line_1_7' title="bbox 144 1135 2240 1239; baseline 0.003 -32"><span class='ocrx_word' id='word_1_48' title='bbox 144 1137 263 1208; x_wconf 89' lang='lat' dir='ltr'><strong>sed</strong></span> <span class='ocrx_word' id='word_1_49' title='bbox 293 1157 475 1236; x_wconf 90' lang='lat' dir='ltr'><strong>puta</strong></span> <span class='ocrx_word' id='word_1_50' title='bbox 505 1136 873 1208; x_wconf 88' lang='lat' dir='ltr'><strong>inimicum</strong></span> <span class='ocrx_word' id='word_1_51' title='bbox 900 1135 1112 1207; x_wconf 86' lang='lat' dir='ltr'><strong>fuisse</strong></span> <span class='ocrx_word' id='word_1_52' title='bbox 1130 1191 1149 1224; x_wconf 91' lang='lat'><strong>,</strong></span> <span class='ocrx_word' id='word_1_53' title='bbox 1177 1135 1405 1206; x_wconf 89' lang='lat' dir='ltr'><strong>statim</strong></span> <span class='ocrx_word' id='word_1_54' title='bbox 1435 1136 1524 1207; x_wconf 89' lang='lat' dir='ltr'><strong>ad</strong></span> <span class='ocrx_word' id='word_1_55' title='bbox 1554 1137 1815 1210; x_wconf 85' lang='lat' dir='ltr'><strong>caedem</strong></span> <span class='ocrx_word' id='word_1_56' title='bbox 1840 1140 2240 1239; x_wconf 85' lang='lat' dir='ltr'><strong>confugien-</strong></span> 
     </span>
     <span class='ocr_line' id='line_1_8' title="bbox 146 1250 2235 1328; baseline 0.002 -6"><span class='ocrx_word' id='word_1_57' title='bbox 146 1251 320 1323; x_wconf 88' lang='lat' dir='ltr'><strong>dum</strong></span> <span class='ocrx_word' id='word_1_58' title='bbox 343 1251 492 1324; x_wconf 88' lang='lat' dir='ltr'><strong>est?</strong></span> <span class='ocrx_word' id='word_1_59' title='bbox 510 1250 880 1322; x_wconf 88' lang='lat' dir='ltr'><strong>verborum</strong></span> <span class='ocrx_word' id='word_1_60' title='bbox 903 1251 1376 1322; x_wconf 80' lang='lat' dir='ltr'><strong>contentiones</strong></span> <span class='ocrx_word' id='word_1_61' title='bbox 1395 1251 1606 1324; x_wconf 87' lang='lat' dir='ltr'><strong>armis</strong></span> <span class='ocrx_word' id='word_1_62' title='bbox 1629 1253 2007 1326; x_wconf 84' lang='lat' dir='ltr'><strong>finiuntur?</strong></span> <span class='ocrx_word' id='word_1_63' title='bbox 2026 1255 2235 1328; x_wconf 89' lang='lat' dir='ltr'><strong>etiam</strong></span> 
     </span>
     <span class='ocr_line' id='line_1_9' title="bbox 143 1365 2236 1465; baseline 0 -26"><span class='ocrx_word' id='word_1_64' title='bbox 143 1367 464 1439; x_wconf 82' lang='lat' dir='ltr'><strong>hostibus</strong></span> <span class='ocrx_word' id='word_1_65' title='bbox 481 1367 814 1465; x_wconf 88' lang='lat' dir='ltr'><strong>parcitur:</strong></span> <span class='ocrx_word' id='word_1_66' title='bbox 835 1368 1060 1438; x_wconf 86' lang='lat' dir='ltr'><strong>Caesar</strong></span> <span class='ocrx_word' id='word_1_67' title='bbox 1074 1365 1320 1437; x_wconf 90' lang='lat' dir='ltr'><strong>Catoni</strong></span> <span class='ocrx_word' id='word_1_68' title='bbox 1331 1366 1518 1437; x_wconf 87' lang='lat' dir='ltr'><strong>volui</strong></span> <span class='ocrx_word' id='word_1_69' title='bbox 1529 1385 1557 1436; x_wconf 94' lang='lat' dir='ltr'><strong>t</strong></span> <span class='ocrx_word' id='word_1_70' title='bbox 1571 1366 1944 1463; x_wconf 76' lang='lat' dir='ltr'><strong>ignoscere.</strong></span> <span class='ocrx_word' id='word_1_71' title='bbox 1962 1368 2236 1441; x_wconf 90' lang='lat' dir='ltr'><strong>Deinde</strong></span> 
     </span>
     <span class='ocr_line' id='line_1_10' title="bbox 146 1479 2238 1556; baseline 0.001 -2"><span class='ocrx_word' id='word_1_72' title='bbox 146 1508 304 1554; x_wconf 90' lang='lat' dir='ltr'><strong>mea</strong></span> <span class='ocrx_word' id='word_1_73' title='bbox 333 1507 564 1553; x_wconf 87' lang='lat' dir='ltr'><strong>manu</strong></span> <span class='ocrx_word' id='word_1_74' title='bbox 595 1479 837 1552; x_wconf 90' lang='lat' dir='ltr'><strong>occido</strong></span> <span class='ocrx_word' id='word_1_75' title='bbox 867 1507 881 1550; x_wconf 90' lang='lat'><strong>:</strong></span> <span class='ocrx_word' id='word_1_76' title='bbox 918 1499 1060 1551; x_wconf 88' lang='lat' dir='ltr'><strong>tam</strong></span> <span class='ocrx_word' id='word_1_77' title='bbox 1091 1479 1358 1551; x_wconf 83' lang='lat' dir='ltr'><strong>efferati</strong></span> <span class='ocrx_word' id='word_1_78' title='bbox 1383 1479 1598 1551; x_wconf 86' lang='lat' dir='ltr'><strong>animi</strong></span> <span class='ocrx_word' id='word_1_79' title='bbox 1627 1481 1829 1553; x_wconf 85' lang='lat' dir='ltr'><strong>sum?</strong></span> <span class='ocrx_word' id='word_1_80' title='bbox 1857 1509 2001 1556; x_wconf 88' lang='lat' dir='ltr'><strong>non</strong></span> <span class='ocrx_word' id='word_1_81' title='bbox 2024 1510 2238 1556; x_wconf 85' lang='lat' dir='ltr'><strong>vene-</strong></span> 
     </span>
     <span class='ocr_line' id='line_1_11' title="bbox 145 1593 2237 1696; baseline 0 -26"><span class='ocrx_word' id='word_1_82' title='bbox 145 1624 318 1670; x_wconf 88' lang='lat' dir='ltr'><strong>num</strong></span> <span class='ocrx_word' id='word_1_83' title='bbox 365 1617 512 1685; x_wconf 89' lang='lat' dir='ltr'><strong>est,</strong></span> <span class='ocrx_word' id='word_1_84' title='bbox 561 1624 703 1668; x_wconf 91' lang='lat' dir='ltr'><strong>non</strong></span> <span class='ocrx_word' id='word_1_85' title='bbox 748 1622 1126 1696; x_wconf 86' lang='lat' dir='ltr'><strong>percussor,</strong></span> <span class='ocrx_word' id='word_1_86' title='bbox 1174 1617 1238 1666; x_wconf 92' lang='lat' dir='ltr'><strong>et</strong></span> <span class='ocrx_word' id='word_1_87' title='bbox 1279 1593 1464 1667; x_wconf 87' lang='lat' dir='ltr'><strong>dives</strong></span> <span class='ocrx_word' id='word_1_88' title='bbox 1509 1597 1711 1667; x_wconf 86' lang='lat' dir='ltr'><strong>sum?</strong></span> <span class='ocrx_word' id='word_1_89' title='bbox 1754 1598 2026 1670; x_wconf 88' lang='lat' dir='ltr'><strong>Deinde</strong></span> <span class='ocrx_word' id='word_1_90' title='bbox 2074 1627 2237 1672; x_wconf 88' lang='lat' dir='ltr'><strong>cum</strong></span> 
     </span>
     <span class='ocr_line' id='line_1_12' title="bbox 145 1709 2297 1810; baseline 0.002 -27"><span class='ocrx_word' id='word_1_91' title='bbox 145 1711 397 1786; x_wconf 85' lang='lat' dir='ltr'><strong>uxore?</strong></span> <span class='ocrx_word' id='word_1_92' title='bbox 445 1737 539 1783; x_wconf 89' lang='lat' dir='ltr'><strong>ne</strong></span> <span class='ocrx_word' id='word_1_93' title='bbox 583 1711 685 1782; x_wconf 89' lang='lat' dir='ltr'><strong>illi</strong></span> <span class='ocrx_word' id='word_1_94' title='bbox 729 1709 1013 1809; x_wconf 89' lang='lat' dir='ltr'><strong>quidem</strong></span> <span class='ocrx_word' id='word_1_95' title='bbox 1061 1738 1284 1810; x_wconf 89' lang='lat' dir='ltr'><strong>parco.</strong></span> <span class='ocrx_word' id='word_1_96' title='bbox 1330 1711 1603 1783; x_wconf 90' lang='lat' dir='ltr'><strong>Deinde</strong></span> <span class='ocrx_word' id='word_1_97' title='bbox 1637 1713 2239 1810; x_wconf 86' lang='lat' dir='ltr'><strong>quemadmodum</strong></span> <span class='ocrx_word' id='word_1_98' title='bbox 2278 1755 2297 1768; x_wconf 78' lang='lat'><em>-</em></span> 
     </span>
     <span class='ocr_line' id='line_1_13' title="bbox 147 1826 2239 1927; baseline 0.002 -29"><span class='ocrx_word' id='word_1_99' title='bbox 147 1826 424 1927; x_wconf 79' lang='lat' dir='ltr'><strong>rapio2?</strong></span> <span class='ocrx_word' id='word_1_100' title='bbox 469 1827 555 1899; x_wconf 90' lang='lat' dir='ltr'><strong>de</strong></span> <span class='ocrx_word' id='word_1_101' title='bbox 589 1827 872 1926; x_wconf 89' lang='lat' dir='ltr'><strong>publico</strong></span> <span class='ocrx_word' id='word_1_102' title='bbox 902 1855 917 1897; x_wconf 92' lang='lat'>:</span> <span class='ocrx_word' id='word_1_103' title='bbox 951 1853 1096 1898; x_wconf 88' lang='lat' dir='ltr'><strong>non</strong></span> <span class='ocrx_word' id='word_1_104' title='bbox 1125 1827 1418 1898; x_wconf 86' lang='lat' dir='ltr'><strong>clamat:</strong></span> <span class='ocrx_word' id='word_1_105' title='bbox 1456 1853 1600 1899; x_wconf 89' lang='lat' dir='ltr'><strong>non</strong></span> <span class='ocrx_word' id='word_1_106' title='bbox 1627 1827 1990 1918; x_wconf 90' lang='lat' dir='ltr'><strong>Quiritum</strong></span> <span class='ocrx_word' id='word_1_107' title='bbox 2028 1828 2239 1902; x_wconf 86' lang='lat' dir='ltr'><strong>fidem</strong></span> 
     </span>
     <span class='ocr_line' id='line_1_14' title="bbox 147 1943 2236 2042; baseline 0 -28"><span class='ocrx_word' id='word_1_108' title='bbox 147 1943 414 2017; x_wconf 86' lang='lat' dir='ltr'><strong>invocat</strong></span> <span class='ocrx_word' id='word_1_109' title='bbox 437 1971 459 2014; x_wconf 90' lang='lat'>:</span> <span class='ocrx_word' id='word_1_110' title='bbox 497 1964 562 2015; x_wconf 88' lang='lat' dir='ltr'><strong>et</strong></span> <span class='ocrx_word' id='word_1_111' title='bbox 591 1945 762 2015; x_wconf 91' lang='lat' dir='ltr'><strong>tanti</strong></span> <span class='ocrx_word' id='word_1_112' title='bbox 791 1943 1112 2014; x_wconf 85' lang='lat' dir='ltr'><strong>facinoris</strong></span> <span class='ocrx_word' id='word_1_113' title='bbox 1142 1943 1525 2042; x_wconf 86' lang='lat' dir='ltr'><strong>parasitum</strong></span> <span class='ocrx_word' id='word_1_114' title='bbox 1560 1945 1917 2016; x_wconf 88' lang='lat' dir='ltr'><strong>conscium</strong></span> <span class='ocrx_word' id='word_1_115' title='bbox 1942 1945 2236 2018; x_wconf 85' lang='lat' dir='ltr'><strong>advoco:</strong></span> 
     </span>
     <span class='ocr_line' id='line_1_15' title="bbox 148 2058 2243 2158; baseline 0 -26"><span class='ocrx_word' id='word_1_116' title='bbox 148 2081 209 2132; x_wconf 88' lang='lat' dir='ltr'><strong>et</strong></span> <span class='ocrx_word' id='word_1_117' title='bbox 237 2061 580 2133; x_wconf 82' lang='lat' dir='ltr'><strong>eumdem</strong></span> <span class='ocrx_word' id='word_1_118' title='bbox 614 2081 845 2158; x_wconf 86' lang='lat' dir='ltr'><strong>postea</strong></span> <span class='ocrx_word' id='word_1_119' title='bbox 884 2058 1125 2158; x_wconf 83' lang='lat' dir='ltr'><strong>ejicio:</strong></span> <span class='ocrx_word' id='word_1_120' title='bbox 1167 2085 1310 2130; x_wconf 90' lang='lat' dir='ltr'><strong>non</strong></span> <span class='ocrx_word' id='word_1_121' title='bbox 1340 2059 1554 2131; x_wconf 86' lang='lat' dir='ltr'><strong>timeo</strong></span> <span class='ocrx_word' id='word_1_122' title='bbox 1593 2059 1921 2132; x_wconf 88' lang='lat' dir='ltr'><strong>indicem.</strong></span> <span class='ocrx_word' id='word_1_123' title='bbox 1971 2062 2243 2151; x_wconf 88' lang='lat' dir='ltr'><strong>Quem-</strong></span> 
     </span>
     <span class='ocr_line' id='line_1_16' title="bbox 151 2173 2240 2273; baseline 0.001 -28"><span class='ocrx_word' id='word_1_124' title='bbox 151 2175 540 2248; x_wconf 88' lang='lat' dir='ltr'><strong>admodum</strong></span> <span class='ocrx_word' id='word_1_125' title='bbox 573 2201 770 2271; x_wconf 85' lang='lat' dir='ltr'><strong>ergo,</strong></span> <span class='ocrx_word' id='word_1_126' title='bbox 811 2173 1078 2272; x_wconf 88' lang='lat' dir='ltr'><strong>inquit,</strong></span> <span class='ocrx_word' id='word_1_127' title='bbox 1123 2201 1410 2246; x_wconf 82' lang='lat' dir='ltr'><strong>uxorem</strong></span> <span class='ocrx_word' id='word_1_128' title='bbox 1455 2175 1807 2273; x_wconf 86' lang='lat' dir='ltr'><strong>corrupit?</strong></span> <span class='ocrx_word' id='word_1_129' title='bbox 1838 2175 2047 2248; x_wconf 88' lang='lat' dir='ltr'><strong>alieni</strong></span> <span class='ocrx_word' id='word_1_130' title='bbox 2080 2176 2240 2247; x_wconf 86' lang='lat' dir='ltr'><strong>facti</strong></span> 
     </span>
     <span class='ocr_line' id='line_1_17' title="bbox 153 2290 2239 2389; baseline 0.001 -29"><span class='ocrx_word' id='word_1_131' title='bbox 153 2291 498 2364; x_wconf 86' lang='lat' dir='ltr'><strong>rationem</strong></span> <span class='ocrx_word' id='word_1_132' title='bbox 525 2317 564 2360; x_wconf 91' lang='lat' dir='ltr'><strong>a</strong></span> <span class='ocrx_word' id='word_1_133' title='bbox 591 2317 702 2361; x_wconf 90' lang='lat' dir='ltr'><strong>me</strong></span> <span class='ocrx_word' id='word_1_134' title='bbox 728 2290 937 2389; x_wconf 78' lang='lat' dir='ltr'><strong>exigis</strong></span> <span class='ocrx_word' id='word_1_135' title='bbox 960 2317 974 2362; x_wconf 73' lang='grc' dir='ltr'>ε</span> <span class='ocrx_word' id='word_1_136' title='bbox 997 2295 1121 2388; x_wconf 69' lang='lat' dir='ltr'><strong>qui*</strong></span> <span class='ocrx_word' id='word_1_137' title='bbox 1147 2290 1322 2380; x_wconf 87' lang='lat' dir='ltr'><strong>scio,</strong></span> <span class='ocrx_word' id='word_1_138' title='bbox 1349 2317 1440 2362; x_wconf 89' lang='lat' dir='ltr'><strong>an</strong></span> <span class='ocrx_word' id='word_1_139' title='bbox 1465 2290 1597 2361; x_wconf 90' lang='lat' dir='ltr'><strong>hoc</strong></span> <span class='ocrx_word' id='word_1_140' title='bbox 1616 2315 1865 2389; x_wconf 79' lang='lat' dir='ltr'><strong>genere</strong></span> <span class='ocrx_word' id='word_1_141' title='bbox 1886 2290 2239 2362; x_wconf 87' lang='lat' dir='ltr'><strong>vindicare</strong></span> 
     </span>
     <span class='ocr_line' id='line_1_18' title="bbox 152 2406 2235 2509; baseline 0.001 -31"><span class='ocrx_word' id='word_1_142' title='bbox 152 2433 214 2479; x_wconf 86' lang='lat' dir='ltr'><strong>se</strong></span> <span class='ocrx_word' id='word_1_143' title='bbox 237 2407 568 2495; x_wconf 86' lang='lat' dir='ltr'><strong>voluerit,</strong></span> <span class='ocrx_word' id='word_1_144' title='bbox 599 2408 719 2507; x_wconf 91' lang='lat' dir='ltr'><strong>qui</strong></span> <span class='ocrx_word' id='word_1_145' title='bbox 744 2408 940 2480; x_wconf 87' lang='lat' dir='ltr'><strong>aliter</strong></span> <span class='ocrx_word' id='word_1_146' title='bbox 961 2433 1104 2479; x_wconf 88' lang='lat' dir='ltr'><strong>non</strong></span> <span class='ocrx_word' id='word_1_147' title='bbox 1129 2406 1426 2507; x_wconf 82' lang='lat' dir='ltr'><strong>poterat?</strong></span> <span class='ocrx_word' id='word_1_148' title='bbox 1454 2411 1749 2508; x_wconf 82' lang='lat' dir='ltr'><strong>Pauper,</strong></span> <span class='ocrx_word' id='word_1_149' title='bbox 1782 2409 2040 2509; x_wconf 87' lang='lat' dir='ltr'><strong>inquit,</strong></span> <span class='ocrx_word' id='word_1_150' title='bbox 2070 2409 2235 2481; x_wconf 84' lang='lat' dir='ltr'><strong>fuit:</strong></span> 
     </span>
     <span class='ocr_line' id='line_1_19' title="bbox 155 2520 2235 2620; baseline 0 -29"><span class='ocrx_word' id='word_1_151' title='bbox 155 2524 340 2617; x_wconf 85' lang='lat' dir='ltr'><strong>quasi</strong></span> <span class='ocrx_word' id='word_1_152' title='bbox 365 2543 649 2594; x_wconf 86' lang='lat' dir='ltr'><strong>tantum</strong></span> <span class='ocrx_word' id='word_1_153' title='bbox 671 2522 904 2620; x_wconf 87' lang='lat' dir='ltr'><strong>pretiis</strong></span> <span class='ocrx_word' id='word_1_154' title='bbox 926 2520 1250 2592; x_wconf 79' lang='lat' dir='ltr'><strong>mulieres</strong></span> <span class='ocrx_word' id='word_1_155' title='bbox 1270 2543 1832 2619; x_wconf 86' lang='lat' dir='ltr'><strong>corrumpantur,</strong></span> <span class='ocrx_word' id='word_1_156' title='bbox 1858 2523 2235 2618; x_wconf 87' lang='lat' dir='ltr'><strong>praesertim</strong></span> 
     </span>
     <span class='ocr_line' id='line_1_20' title="bbox 157 2635 2235 2732; baseline 0 -26"><span class='ocrx_word' id='word_1_157' title='bbox 157 2636 388 2710; x_wconf 82' lang='lat' dir='ltr'><strong>divites</strong></span> <span class='ocrx_word' id='word_1_158' title='bbox 424 2665 440 2707; x_wconf 76' lang='grc' dir='ltr'>ε</span> <span class='ocrx_word' id='word_1_159' title='bbox 485 2637 708 2708; x_wconf 90' lang='lat' dir='ltr'><strong>immo</strong></span> <span class='ocrx_word' id='word_1_160' title='bbox 741 2635 1076 2707; x_wconf 86' lang='lat' dir='ltr'><strong>illecebris</strong></span> <span class='ocrx_word' id='word_1_161' title='bbox 1111 2655 1177 2706; x_wconf 86' lang='lat' dir='ltr'><strong>et</strong></span> <span class='ocrx_word' id='word_1_162' title='bbox 1208 2635 1566 2706; x_wconf 86' lang='lat' dir='ltr'><strong>blanditiis</strong></span> <span class='ocrx_word' id='word_1_163' title='bbox 1600 2636 1819 2731; x_wconf 80' lang='lat' dir='ltr'><strong>magis</strong></span> <span class='ocrx_word' id='word_1_164' title='bbox 1848 2635 2235 2732; x_wconf 83' lang='lat' dir='ltr'><strong>capiuntur.</strong></span> 
     </span>
     <span class='ocr_line' id='line_1_21' title="bbox 157 2748 2239 2851; baseline -0 -30"><span class='ocrx_word' id='word_1_165' title='bbox 157 2752 408 2851; x_wconf 85' lang='lat' dir='ltr'><strong>Utique</strong></span> <span class='ocrx_word' id='word_1_166' title='bbox 459 2752 514 2822; x_wconf 89' lang='lat' dir='ltr'><strong>si</strong></span> <span class='ocrx_word' id='word_1_167' title='bbox 562 2752 717 2850; x_wconf 91' lang='lat' dir='ltr'><strong>quis</strong></span> <span class='ocrx_word' id='word_1_168' title='bbox 757 2750 1294 2822; x_wconf 89' lang='lat' dir='ltr'><strong>domesticorum</strong></span> <span class='ocrx_word' id='word_1_169' title='bbox 1340 2749 1605 2851; x_wconf 88' lang='lat' dir='ltr'><strong>adjuvit</strong></span> <span class='ocrx_word' id='word_1_170' title='bbox 1626 2806 1643 2837; x_wconf 90' lang='lat'><strong>,</strong></span> <span class='ocrx_word' id='word_1_171' title='bbox 1694 2774 1816 2846; x_wconf 90' lang='lat' dir='ltr'><strong>per</strong></span> <span class='ocrx_word' id='word_1_172' title='bbox 1858 2748 2239 2847; x_wconf 84' lang='lat' dir='ltr'><strong>parasitum</strong></span> 
     </span>
     <span class='ocr_line' id='line_1_22' title="bbox 157 2862 2239 2968; baseline -0.001 -31"><span class='ocrx_word' id='word_1_173' title='bbox 157 2867 412 2941; x_wconf 80' lang='lat' dir='ltr'><strong>factum</strong></span> <span class='ocrx_word' id='word_1_174' title='bbox 449 2895 463 2938; x_wconf 75' lang='grc' dir='ltr'>ε</span> <span class='ocrx_word' id='word_1_175' title='bbox 510 2888 577 2939; x_wconf 84' lang='lat' dir='ltr'><strong>et</strong></span> <span class='ocrx_word' id='word_1_176' title='bbox 617 2866 770 2938; x_wconf 90' lang='lat' dir='ltr'><strong>ideo</strong></span> <span class='ocrx_word' id='word_1_177' title='bbox 817 2866 1106 2968; x_wconf 89' lang='lat' dir='ltr'><strong>ejectus,</strong></span> <span class='ocrx_word' id='word_1_178' title='bbox 1149 2864 1304 2936; x_wconf 88' lang='lat' dir='ltr'><strong>ideo</strong></span> <span class='ocrx_word' id='word_1_179' title='bbox 1346 2892 1387 2935; x_wconf 92' lang='lat' dir='ltr'><strong>a</strong></span> <span class='ocrx_word' id='word_1_180' title='bbox 1423 2862 1620 2935; x_wconf 92' lang='lat' dir='ltr'><strong>nullo</strong></span> <span class='ocrx_word' id='word_1_181' title='bbox 1664 2884 2010 2961; x_wconf 69' lang='lat' dir='ltr'><strong>receptus»,</strong></span> <span class='ocrx_word' id='word_1_182' title='bbox 2051 2862 2239 2961; x_wconf 88' lang='lat' dir='ltr'><strong>quod</strong></span> 
     </span>
     <span class='ocr_line' id='line_1_23' title="bbox 163 2978 2239 3079; baseline -0 -28"><span class='ocrx_word' id='word_1_183' title='bbox 163 3006 312 3055; x_wconf 89' lang='lat' dir='ltr'><strong>eum</strong></span> <span class='ocrx_word' id='word_1_184' title='bbox 346 2982 662 3070; x_wconf 69' lang='lat' dir='ltr'><strong>laesisset,</strong></span> <span class='ocrx_word' id='word_1_185' title='bbox 691 3008 730 3054; x_wconf 89' lang='lat' dir='ltr'><strong>a</strong></span> <span class='ocrx_word' id='word_1_186' title='bbox 760 3008 899 3079; x_wconf 93' lang='lat' dir='ltr'><strong>quo</strong></span> <span class='ocrx_word' id='word_1_187' title='bbox 928 2979 1400 3051; x_wconf 88' lang='lat' dir='ltr'><strong>liberalissime</strong></span> <span class='ocrx_word' id='word_1_188' title='bbox 1434 2999 1751 3077; x_wconf 86' lang='lat' dir='ltr'><strong>exceptus</strong></span> <span class='ocrx_word' id='word_1_189' title='bbox 1778 3000 1895 3049; x_wconf 90' lang='lat' dir='ltr'><strong>est.</strong></span> <span class='ocrx_word' id='word_1_190' title='bbox 1931 2981 2020 3050; x_wconf 91' lang='lat' dir='ltr'><strong>At</strong></span> <span class='ocrx_word' id='word_1_191' title='bbox 2045 2978 2239 3050; x_wconf 91' lang='lat' dir='ltr'><strong>enim</strong></span> 
     </span>
     <span class='ocr_line' id='line_1_24' title="bbox 163 3094 2241 3200; baseline -0.002 -31"><span class='ocrx_word' id='word_1_192' title='bbox 163 3096 318 3171; x_wconf 87' lang='lat' dir='ltr'><strong>dixit</strong></span> <span class='ocrx_word' id='word_1_193' title='bbox 353 3098 708 3200; x_wconf 88' lang='lat' dir='ltr'><strong>parasitus.</strong></span> <span class='ocrx_word' id='word_1_194' title='bbox 751 3098 1064 3169; x_wconf 89' lang='lat' dir='ltr'><strong>Primum</strong></span> <span class='ocrx_word' id='word_1_195' title='bbox 1101 3122 1282 3167; x_wconf 90' lang='lat' dir='ltr'><strong>unus</strong></span> <span class='ocrx_word' id='word_1_196' title='bbox 1315 3094 1499 3166; x_wconf 86' lang='lat' dir='ltr'><strong>testis</strong></span> <span class='ocrx_word' id='word_1_197' title='bbox 1529 3114 1662 3181; x_wconf 82' lang='lat' dir='ltr'><strong>est3</strong></span> <span class='ocrx_word' id='word_1_198' title='bbox 1700 3094 1951 3166; x_wconf 86' lang='lat' dir='ltr'><strong>deinde</strong></span> <span class='ocrx_word' id='word_1_199' title='bbox 1988 3094 2241 3192; x_wconf 87' lang='lat' dir='ltr'><strong>parasi-</strong></span> 
     </span>
     <span class='ocr_line' id='line_1_25' title="bbox 160 3208 2239 3307; baseline -0.002 -26"><span class='ocrx_word' id='word_1_200' title='bbox 160 3228 278 3285; x_wconf 87' lang='lat' dir='ltr'><strong>tus.</strong></span> <span class='ocrx_word' id='word_1_201' title='bbox 303 3216 564 3286; x_wconf 88' lang='lat' dir='ltr'><strong>Tortus</strong></span> <span class='ocrx_word' id='word_1_202' title='bbox 591 3212 760 3285; x_wconf 82' lang='lat' dir='ltr'><strong>dixit</strong></span> <span class='ocrx_word' id='word_1_203' title='bbox 787 3240 800 3283; x_wconf 77' lang='grc' dir='ltr'>ε</span> <span class='ocrx_word' id='word_1_204' title='bbox 830 3239 910 3284; x_wconf 88' lang='lat' dir='ltr'><strong>eo</strong></span> <span class='ocrx_word' id='word_1_205' title='bbox 935 3211 1172 3285; x_wconf 86' lang='lat' dir='ltr'><strong>minus</strong></span> <span class='ocrx_word' id='word_1_206' title='bbox 1199 3210 1438 3299; x_wconf 83' lang='lat' dir='ltr'><strong>cred03</strong></span> <span class='ocrx_word' id='word_1_207' title='bbox 1473 3209 1907 3282; x_wconf 87' lang='lat' dir='ltr'><strong>mentiuntur</strong></span> <span class='ocrx_word' id='word_1_208' title='bbox 1930 3208 2239 3307; x_wconf 72' lang='lat' dir='ltr'><strong>plerum-</strong></span> 
     </span>
    </p>
   </div>
   <div class='ocr_carea' id='block_1_3' title="bbox 161 3422 2236 4219">
    <p class='ocr_par' dir='ltr' id='par_1_3' title="bbox 161 3422 2236 4219">
     <span class='ocr_line' id='line_1_26' title="bbox 161 3422 2235 3500; baseline -0.005 -18"><span class='ocrx_word' id='word_1_209' title='bbox 161 3426 244 3493; x_wconf 64' lang='grc' dir='ltr'><strong>θὶῑ,</strong></span> <span class='ocrx_word' id='word_1_210' title='bbox 262 3449 284 3472; x_wconf 75' lang='lat'><strong>⁴¹</strong></span> <span class='ocrx_word' id='word_1_211' title='bbox 303 3428 630 3500; x_wconf 81' lang='lat' dir='ltr'><strong>Semperque</strong></span> <span class='ocrx_word' id='word_1_212' title='bbox 650 3428 804 3492; x_wconf 86' lang='lat' dir='ltr'><strong>odiis,</strong></span> <span class='ocrx_word' id='word_1_213' title='bbox 825 3428 918 3483; x_wconf 81' lang='lat' dir='ltr'><strong>sed</strong></span> <span class='ocrx_word' id='word_1_214' title='bbox 937 3430 1154 3480; x_wconf 85' lang='lat' dir='ltr'><strong>crimine</strong></span> <span class='ocrx_word' id='word_1_215' title='bbox 1232 3441 1317 3479; x_wconf 83' lang='lat' dir='ltr'><strong>tus</strong></span> <span class='ocrx_word' id='word_1_216' title='bbox 1341 3424 1644 3497; x_wconf 75' lang='lat' dir='ltr'><strong>distinguit,</strong></span> <span class='ocrx_word' id='word_1_217' title='bbox 1666 3422 2141 3498; x_wconf 79' lang='lat' dir='ltr'><strong>quemadmodum?</strong></span> <span class='ocrx_word' id='word_1_218' title='bbox 2162 3440 2235 3473; x_wconf 82' lang='lat' dir='ltr'><strong>ra-</strong></span> 
     </span>
     <span class='ocr_line' id='line_1_27' title="bbox 167 3501 2229 3577; baseline -0.003 -18"><span class='ocrx_word' id='word_1_219' title='bbox 167 3528 186 3551; x_wconf 84' lang='lat'><strong>·</strong></span> <span class='ocrx_word' id='word_1_220' title='bbox 203 3506 434 3563; x_wconf 75' lang='lat' dir='ltr'><strong>Drances</strong></span> <span class='ocrx_word' id='word_1_221' title='bbox 459 3510 721 3573; x_wconf 46' lang='lat' dir='ltr'><strong>infensum</strong></span> <span class='ocrx_word' id='word_1_222' title='bbox 741 3534 763 3557; x_wconf 72' lang='grc' dir='ltr'>ι</span> <span class='ocrx_word' id='word_1_223' title='bbox 788 3512 859 3562; x_wconf 81' lang='lat' dir='ltr'><strong>Ut</strong></span> <span class='ocrx_word' id='word_1_224' title='bbox 881 3523 1019 3562; x_wconf 83' lang='lat' dir='ltr'><strong>esset</strong></span> <span class='ocrx_word' id='word_1_225' title='bbox 1036 3528 1156 3561; x_wconf 75' lang='lat' dir='ltr'><strong>sen-</strong></span> <span class='ocrx_word' id='word_1_226' title='bbox 1229 3506 1319 3577; x_wconf 72' lang='lat' dir='ltr'><strong>pio</strong></span> <span class='ocrx_word' id='word_1_227' title='bbox 1345 3516 1392 3557; x_wconf 79' lang='lat' dir='ltr'><strong>te</strong></span> <span class='ocrx_word' id='word_1_228' title='bbox 1410 3505 1653 3576; x_wconf 74' lang='lat' dir='ltr'><strong>publico?</strong></span> <span class='ocrx_word' id='word_1_229' title='bbox 1672 3522 1775 3553; x_wconf 82' lang='lat' dir='ltr'><strong>non</strong></span> <span class='ocrx_word' id='word_1_230' title='bbox 1794 3501 2022 3553; x_wconf 74' lang='lat' dir='ltr'><strong>clamat?</strong></span> <span class='ocrx_word' id='word_1_231' title='bbox 2042 3519 2147 3552; x_wconf 85' lang='lat' dir='ltr'><strong>non</strong></span> <span class='ocrx_word' id='word_1_232' title='bbox 2170 3502 2229 3571; x_wconf 86' lang='lat' dir='ltr'><strong>Q.</strong></span> 
     </span>
     <span class='ocr_line' id='line_1_28' title="bbox 163 3582 2235 3663; baseline -0.004 -22"><span class='ocrx_word' id='word_1_233' title='bbox 163 3604 268 3655; x_wconf 67' lang='lat' dir='ltr'><strong>sus,</strong></span> <span class='ocrx_word' id='word_1_234' title='bbox 287 3610 499 3663; x_wconf 57' lang='grc' dir='ltr'>πωροι·</span> <span class='ocrx_word' id='word_1_235' title='bbox 514 3590 649 3643; x_wconf 76' lang='lat' dir='ltr'><strong>odiis</strong></span> <span class='ocrx_word' id='word_1_236' title='bbox 667 3590 1042 3656; x_wconf 74' lang='lat' dir='ltr'><strong>infeusus‚sed</strong></span> <span class='ocrx_word' id='word_1_237' title='bbox 1060 3592 1156 3643; x_wconf 81' lang='lat' dir='ltr'><strong>cn&#39;-</strong></span> <span class='ocrx_word' id='word_1_238' title='bbox 1223 3586 1278 3657; x_wconf 91' lang='grc' dir='ltr'><strong>Ι.</strong></span> <span class='ocrx_word' id='word_1_239' title='bbox 1308 3586 1548 3637; x_wconf 80' lang='lat' dir='ltr'><strong>invocat?</strong></span> <span class='ocrx_word' id='word_1_240' title='bbox 1574 3596 1671 3635; x_wconf 80' lang='lat' dir='ltr'><strong>etc.</strong></span> <span class='ocrx_word' id='word_1_241' title='bbox 1697 3612 1769 3623; x_wconf 90' lang='lat'><strong>—-</strong></span> <span class='ocrx_word' id='word_1_242' title='bbox 1796 3582 1987 3635; x_wconf 77' lang='lat' dir='ltr'><strong>Sensus</strong></span> <span class='ocrx_word' id='word_1_243' title='bbox 2014 3582 2125 3635; x_wconf 79' lang='lat' dir='ltr'><strong>haec</strong></span> <span class='ocrx_word' id='word_1_244' title='bbox 2152 3583 2235 3633; x_wconf 87' lang='lat' dir='ltr'><strong>in-</strong></span> 
     </span>
     <span class='ocr_line' id='line_1_29' title="bbox 163 3661 2229 3742; baseline -0.004 -22"><span class='ocrx_word' id='word_1_245' title='bbox 163 3672 324 3736; x_wconf 75' lang='lat' dir='ltr'><strong>mine,</strong></span> <span class='ocrx_word' id='word_1_246' title='bbox 348 3673 404 3725; x_wconf 88' lang='lat' dir='ltr'><strong>id</strong></span> <span class='ocrx_word' id='word_1_247' title='bbox 429 3686 536 3738; x_wconf 76' lang='lat' dir='ltr'><strong>est,</strong></span> <span class='ocrx_word' id='word_1_248' title='bbox 564 3672 698 3725; x_wconf 84' lang='lat' dir='ltr'><strong>falsa</strong></span> <span class='ocrx_word' id='word_1_249' title='bbox 724 3670 844 3724; x_wconf 78' lang='lat' dir='ltr'><strong>odia</strong></span> <span class='ocrx_word' id='word_1_250' title='bbox 871 3672 1074 3742; x_wconf 74' lang='lat' dir='ltr'><strong>fingens</strong></span> <span class='ocrx_word' id='word_1_251' title='bbox 1101 3685 1153 3723; x_wconf 77' lang='lat' dir='ltr'><strong>et</strong></span> <span class='ocrx_word' id='word_1_252' title='bbox 1233 3666 1603 3736; x_wconf 73' lang='lat' dir='ltr'><strong>terrogationis</strong></span> <span class='ocrx_word' id='word_1_253' title='bbox 1642 3664 1790 3733; x_wconf 78' lang='lat' dir='ltr'><strong>signa</strong></span> <span class='ocrx_word' id='word_1_254' title='bbox 1826 3661 1941 3713; x_wconf 85' lang='lat' dir='ltr'><strong>tolli</strong></span> <span class='ocrx_word' id='word_1_255' title='bbox 1978 3664 2195 3733; x_wconf 83' lang='lat' dir='ltr'><strong>requirit</strong></span> <span class='ocrx_word' id='word_1_256' title='bbox 2218 3683 2229 3711; x_wconf 75' lang='grc' dir='ltr'><strong>ε</strong></span> 
     </span>
     <span class='ocr_line' id='line_1_30' title="bbox 162 3742 2234 3817; baseline -0.002 -18"><span class='ocrx_word' id='word_1_257' title='bbox 162 3762 473 3817; x_wconf 65' lang='lat' dir='ltr'><strong>pantenus,</strong></span> <span class='ocrx_word' id='word_1_258' title='bbox 505 3766 562 3803; x_wconf 86' lang='lat' dir='ltr'><strong>ut</strong></span> <span class='ocrx_word' id='word_1_259' title='bbox 599 3751 758 3803; x_wconf 79' lang='lat' dir='ltr'><strong>falsas</strong></span> <span class='ocrx_word' id='word_1_260' title='bbox 793 3768 996 3802; x_wconf 78' lang='lat' dir='ltr'><strong>causas.</strong></span> <span class='ocrx_word' id='word_1_261' title='bbox 1023 3750 1154 3803; x_wconf 79' lang='lat' dir='ltr'><strong>Vide</strong></span> <span class='ocrx_word' id='word_1_262' title='bbox 1231 3742 1342 3795; x_wconf 61' lang='lat' dir='ltr'><strong>hec</strong></span> <span class='ocrx_word' id='word_1_263' title='bbox 1365 3743 1733 3811; x_wconf 70' lang='lat' dir='ltr'><strong>intelligimus,</strong></span> <span class='ocrx_word' id='word_1_264' title='bbox 1758 3755 1817 3793; x_wconf 80' lang='lat' dir='ltr'><strong>ut</strong></span> <span class='ocrx_word' id='word_1_265' title='bbox 1842 3742 2045 3792; x_wconf 76' lang='lat' dir='ltr'><strong>sibimet</strong></span> <span class='ocrx_word' id='word_1_266' title='bbox 2070 3743 2234 3791; x_wconf 82' lang='lat' dir='ltr'><strong>inter-</strong></span> 
     </span>
     <span class='ocr_line' id='line_1_31' title="bbox 161 3822 2234 3903; baseline -0.004 -23"><span class='ocrx_word' id='word_1_267' title='bbox 161 3822 395 3882; x_wconf 77' lang='lat' dir='ltr'><strong>Munker.</strong></span> <span class='ocrx_word' id='word_1_268' title='bbox 412 3829 481 3882; x_wconf 84' lang='lat' dir='ltr'><strong>ad</strong></span> <span class='ocrx_word' id='word_1_269' title='bbox 499 3831 683 3903; x_wconf 74' lang='lat' dir='ltr'><strong>Hygia.</strong></span> <span class='ocrx_word' id='word_1_270' title='bbox 698 3828 804 3881; x_wconf 74' lang='lat' dir='ltr'><strong>fab.</strong></span> <span class='ocrx_word' id='word_1_271' title='bbox 827 3828 962 3880; x_wconf 82' lang='lat' dir='ltr'><strong>xlx.</strong></span> <span class='ocrx_word' id='word_1_272' title='bbox 987 3830 1152 3880; x_wconf 67' lang='lat' dir='ltr'><strong>Burin.</strong></span> <span class='ocrx_word' id='word_1_273' title='bbox 1233 3826 1443 3895; x_wconf 68' lang='lat' dir='ltr'><strong>roganti</strong></span> <span class='ocrx_word' id='word_1_274' title='bbox 1464 3824 1899 3895; x_wconf 78' lang='lat' dir='ltr'><strong>quemadmodum</strong></span> <span class='ocrx_word' id='word_1_275' title='bbox 1926 3824 2111 3891; x_wconf 78' lang='lat' dir='ltr'><strong>rapio?</strong></span> <span class='ocrx_word' id='word_1_276' title='bbox 2132 3839 2234 3872; x_wconf 78' lang='lat' dir='ltr'><strong>res-</strong></span> 
     </span>
     <span class='ocr_line' id='line_1_32' title="bbox 232 3900 2234 3980; baseline -0.002 -24"><span class='ocrx_word' id='word_1_277' title='bbox 232 3922 274 3957; x_wconf 85' lang='lat'><strong>1.</strong></span> <span class='ocrx_word' id='word_1_278' title='bbox 299 3908 384 3959; x_wconf 76' lang='lat' dir='ltr'><strong>Ex</strong></span> <span class='ocrx_word' id='word_1_279' title='bbox 404 3910 538 3980; x_wconf 75' lang='lat' dir='ltr'><strong>pari.</strong></span> <span class='ocrx_word' id='word_1_280' title='bbox 565 3910 800 3972; x_wconf 86' lang='lat' dir='ltr'><strong>Dictum,</strong></span> <span class='ocrx_word' id='word_1_281' title='bbox 822 3921 880 3958; x_wconf 86' lang='lat' dir='ltr'><strong>ut</strong></span> <span class='ocrx_word' id='word_1_282' title='bbox 898 3924 960 3958; x_wconf 79' lang='lat' dir='ltr'><strong>ex</strong></span> <span class='ocrx_word' id='word_1_283' title='bbox 976 3922 1152 3978; x_wconf 81' lang='lat' dir='ltr'><strong>oequo,·</strong></span> <span class='ocrx_word' id='word_1_284' title='bbox 1236 3902 1471 3976; x_wconf 84' lang='lat' dir='ltr'><strong>pondeat</strong></span> <span class='ocrx_word' id='word_1_285' title='bbox 1486 3920 1601 3973; x_wconf 86' lang='lat' dir='ltr'><strong>sqq.</strong></span> <span class='ocrx_word' id='word_1_286' title='bbox 1623 3900 1929 3973; x_wconf 77' lang='lat' dir='ltr'><strong>depublico:</strong></span> <span class='ocrx_word' id='word_1_287' title='bbox 1948 3914 2046 3951; x_wconf 84' lang='lat' dir='ltr'><strong>etc.</strong></span> <span class='ocrx_word' id='word_1_288' title='bbox 2066 3916 2234 3970; x_wconf 79' lang='lat' dir='ltr'><strong>usque</strong></span> 
     </span>
     <span class='ocr_line' id='line_1_33' title="bbox 165 3980 2233 4065; baseline -0.003 -25"><span class='ocrx_word' id='word_1_289' title='bbox 165 3980 226 4035; x_wconf 74' lang='lat' dir='ltr'><strong>de</strong></span> <span class='ocrx_word' id='word_1_290' title='bbox 260 4004 366 4056; x_wconf 86' lang='lat' dir='ltr'><strong>quo</strong></span> <span class='ocrx_word' id='word_1_291' title='bbox 402 3988 471 4041; x_wconf 84' lang='lat' dir='ltr'><strong>ad</strong></span> <span class='ocrx_word' id='word_1_292' title='bbox 498 3989 646 4042; x_wconf 85' lang='lat' dir='ltr'><strong>Decl.</strong></span> <span class='ocrx_word' id='word_1_293' title='bbox 682 3988 847 4042; x_wconf 77' lang='lat' dir='ltr'><strong>ceu.</strong></span> <span class='ocrx_word' id='word_1_294' title='bbox 879 4016 944 4027; x_wconf 90' lang='lat'>-</span> <span class='ocrx_word' id='word_1_295' title='bbox 967 3988 1154 4039; x_wconf 71' lang='lat' dir='ltr'><strong>Statim</strong></span> <span class='ocrx_word' id='word_1_296' title='bbox 1235 3984 1304 4037; x_wconf 86' lang='lat' dir='ltr'><strong>ad</strong></span> <span class='ocrx_word' id='word_1_297' title='bbox 1319 3982 1563 4043; x_wconf 79' lang='lat' dir='ltr'><strong>indicem3</strong></span> <span class='ocrx_word' id='word_1_298' title='bbox 1575 3995 1796 4065; x_wconf 54' lang='lat' dir='ltr'><strong>etsuurn</strong></span> <span class='ocrx_word' id='word_1_299' title='bbox 1800 3980 2233 4049; x_wconf 72' lang='lat' dir='ltr'><strong>agenditenorem</strong></span> 
     </span>
     <span class='ocr_line' id='line_1_34' title="bbox 165 4060 2236 4135; baseline -0.002 -17"><span class='ocrx_word' id='word_1_300' title='bbox 165 4062 229 4113; x_wconf 69' lang='lat' dir='ltr'><strong>ad</strong></span> <span class='ocrx_word' id='word_1_301' title='bbox 246 4066 454 4119; x_wconf 61' lang='lat' dir='ltr'><strong>adem.</strong></span> <span class='ocrx_word' id='word_1_302' title='bbox 475 4069 733 4121; x_wconf 71' lang='lat' dir='ltr'><strong>statimne</strong></span> <span class='ocrx_word' id='word_1_303' title='bbox 754 4088 803 4120; x_wconf 88' lang='lat' dir='ltr'><strong>a.</strong></span> <span class='ocrx_word' id='word_1_304' title='bbox 829 4087 874 4119; x_wconf 89' lang='lat' dir='ltr'><strong>c.</strong></span> <span class='ocrx_word' id='word_1_305' title='bbox 903 4066 1078 4118; x_wconf 81' lang='lat' dir='ltr'><strong>AErod.</strong></span> <span class='ocrx_word' id='word_1_306' title='bbox 1234 4068 1598 4135; x_wconf 79' lang='lat' dir='ltr'><strong>rationemque</strong></span> <span class='ocrx_word' id='word_1_307' title='bbox 1610 4062 1691 4115; x_wconf 72' lang='lat' dir='ltr'><strong>his</strong></span> <span class='ocrx_word' id='word_1_308' title='bbox 1700 4063 2001 4114; x_wconf 81' lang='lat' dir='ltr'><strong>denunciet.</strong></span> <span class='ocrx_word' id='word_1_309' title='bbox 2016 4060 2236 4121; x_wconf 71' lang='lat' dir='ltr'><strong>Nonhe-</strong></span> 
     </span>
     <span class='ocr_line' id='line_1_35' title="bbox 233 4141 2007 4219; baseline -0.005 -19"><span class='ocrx_word' id='word_1_310' title='bbox 233 4146 732 4215; x_wconf 74' lang='lat' dir='ltr'><strong>2.Quaemadmodum</strong></span> <span class='ocrx_word' id='word_1_311' title='bbox 743 4147 888 4219; x_wconf 75' lang='lat' dir='ltr'><strong>rapio</strong></span> <span class='ocrx_word' id='word_1_312' title='bbox 897 4143 1159 4200; x_wconf 76' lang='lat' dir='ltr'><strong>?0brech-</strong></span> <span class='ocrx_word' id='word_1_313' title='bbox 1233 4144 1328 4199; x_wconf 81' lang='lat' dir='ltr'><strong>bes</strong></span> <span class='ocrx_word' id='word_1_314' title='bbox 1347 4157 1525 4199; x_wconf 81' lang='lat' dir='ltr'><strong>tamen</strong></span> <span class='ocrx_word' id='word_1_315' title='bbox 1544 4142 1675 4197; x_wconf 83' lang='lat' dir='ltr'><strong>alter</strong></span> <span class='ocrx_word' id='word_1_316' title='bbox 1694 4159 1891 4195; x_wconf 81' lang='lat' dir='ltr'><strong>sensus.</strong></span> <span class='ocrx_word' id='word_1_317' title='bbox 1916 4141 2007 4192; x_wconf 83' lang='lat' dir='ltr'><strong>En.</strong></span> 
     </span>
    </p>
   </div>
   <div class='ocr_carea' id='block_1_4' title="bbox 331 4230 1983 4289">
    <p class='ocr_par' dir='ltr' id='par_1_4' title="bbox 331 4230 1983 4289">
     <span class='ocr_line' id='line_1_36' title="bbox 331 4230 1983 4289; baseline -0.004 -1"><span class='ocrx_word' id='word_1_318' title='bbox 331 4236 386 4289; x_wconf 78' lang='lat'><strong>6.</strong></span> <span class='ocrx_word' id='word_1_319' title='bbox 1920 4230 1983 4283; x_wconf 77' lang='lat'><strong>32</strong></span> 
     </span>
    </p>
   </div>
  </div>
 </body>
</html>
