2855 4871
585 452 670 519 92
1093 433 1188 497 Μ.
1235 433 1487 497 FABll
1536 433 2171 517 QUINTILIANI

585 550 1136 651 ignominiosum
1169 552 1482 645 licuisse,
1532 554 1651 626 sed
1696 555 2167 653 ignominioso
2210 556 2388 629 nihil
2433 584 2559 656 pro
2602 584 2661 629 se

583 667 818 741 licere:
839 670 1068 769 itaque
1085 670 1599 769 ignominiosus
1620 698 1763 744 non
1783 674 1923 771 agit
1940 693 2170 745 tecum
2190 674 2602 777 injuriarum
2618 690 2656 745 ¹:

587 806 662 857 tu
693 805 927 859 tamen
958 786 1289 889 injuriam
1321 787 1601 878 feceris3
1644 807 1712 859 et
1750 787 1883 860 hoc
1917 789 2008 861 ad
2040 791 2315 889 poenain
2350 791 2409 893 ej
2422 818 2499 863 us
2526 790 2661 863 vitae

585 928 664 973 ac
710 903 1159 1002 turpitudinis
1205 902 1616 1002 pertinebit,
1664 904 1855 1006 quod
1896 925 1971 976 tu
2017 932 2161 978 non
2207 905 2403 978 dabis
2446 930 2662 1005 poenas

584 1018 864 1117 peccati.
897 1021 1061 1090 Haec
1094 1018 1393 1091 dicerem
1418 1076 1438 1110 ,
1472 1018 1525 1091 si
1564 1020 1970 1121 ubicunque
2004 1024 2345 1122 pulsasses
2377 1022 2665 1121 ignomi-

585 1134 862 1205 niosum
893 1161 908 1203 ε
945 1160 1136 1205 nunc
1183 1152 1263 1205 ut
1305 1132 1563 1234 injuria
1602 1160 1748 1205 non
1790 1134 1880 1209 sit
1919 1135 2153 1236 aliquo
2192 1136 2346 1209 loco
2381 1136 2664 1236 pulsasse

583 1248 1174 1349 ignominiosum,
1226 1247 1485 1348 injuria
1528 1270 1763 1321 tamen
1814 1270 1915 1322 est
1962 1250 2035 1321 in
2078 1251 2341 1351 templo
2383 1252 2661 1351 pulsare.

581 1367 764 1437 Nam
807 1364 865 1435 si
908 1362 980 1435 id
1023 1384 1121 1435 est
1163 1363 1522 1463 utriusque
1560 1384 1877 1437 nostrum
1916 1365 2349 1438 confessione
2383 1364 2664 1466 injuria,

582 1482 774 1582 quod
803 1480 1260 1554 manifestum
1287 1502 1386 1554 est
1405 1537 1423 1570 ‚
1462 1490 1604 1554 non
1631 1509 1776 1554 esse
1797 1482 1955 1583 jure
1979 1485 2278 1573 factum3
2315 1502 2393 1554 ut
2420 1483 2546 1554 tibi
2560 1480 2667 1583 jus

579 1596 790 1669 fuerit
811 1596 974 1668 alibi
1005 1596 1328 1697 pulsandi
1360 1595 1946 1697 ignominiosum,
1972 1597 2163 1697 quod
2188 1624 2333 1671 non
2360 1624 2509 1670 esse
2528 1596 2667 1697 jam

583 1711 828 1800 docui,
868 1711 941 1783 in
983 1711 1246 1812 templo
1291 1711 1613 1811 pulsandi
1650 1713 1771 1815 jus
1819 1740 1961 1785 non
2005 1712 2161 1785 fuit.
2204 1711 2375 1785 Haec
2416 1739 2543 1811 ego
2583 1711 2669 1782 ita

584 1825 925 1916 dicerem,
965 1827 1234 1901 etiamsi
1281 1828 1509 1900 omnis
1554 1828 1681 1901 ista
1726 1826 1901 1900 ultio
1938 1827 2317 1926 pertineret
2352 1827 2443 1899 ad
2470 1852 2665 1915 eum,

583 1941 706 2038 qui
740 1941 1073 2041 injuriam
1101 1942 1510 2041 accepisset:
1549 1968 1743 2015 nunc
1778 1968 1881 2015 res
1915 1941 2169 2041 duplex
2203 1962 2304 2014 est
2332 1967 2349 2013 t
2386 1939 2670 2013 crimina

583 2055 724 2128 duo
759 2077 922 2129 sunt
951 2058 1137 2159 ejus,
1173 2056 1296 2157 qui
1338 2056 1414 2127 in
1442 2055 1701 2156 templo
1728 2056 2041 2156 pulsatus
2074 2056 2227 2129 sit².
2256 2056 2451 2146 Quid
2492 2055 2668 2129 enim

582 2172 692 2244 lex
722 2171 930 2245 dicit?
956 2172 1080 2272 qui
1108 2172 1182 2245 in
1219 2172 1484 2272 templo
1515 2172 1853 2273 injuriam
1879 2173 2124 2246 fecerit
2141 2231 2160 2264 ‚
2187 2172 2433 2245 decem
2462 2168 2671 2243 millia

583 2285 1028 2361 denariorum
1070 2287 1188 2360 det
1223 2287 1322 2378 ei,
1364 2287 1476 2360 cui
1513 2286 1847 2388 injuriam
1878 2288 2151 2379 fecerit3
2188 2288 2431 2359 decem
2460 2280 2669 2358 millia

581 2400 860 2476 civitati.
883 2404 1040 2476 Non
1069 2402 1126 2476 si
1149 2404 1296 2476 haec
1310 2403 1558 2505 juncta
1575 2424 1779 2505 atque
1798 2398 2113 2480 contexta
2130 2424 2324 2494 sunt,
2352 2402 2669 2476 continuo

584 2518 796 2591 unius
829 2519 1002 2619 legis
1036 2518 1302 2592 habent
1321 2520 1466 2592 vim
1498 2541 1563 2592 et
1591 2520 2083 2620 proprietatem
2116 2547 2133 2591 ε
2169 2520 2240 2592 id
2272 2519 2370 2591 sic
2398 2543 2670 2618 cognos-

581 2634 713 2707 cite
743 2663 758 2706 :
800 2635 976 2708 duos
1013 2634 1316 2709 actores³
1352 2635 1649 2726 habent3
1686 2662 1815 2708 nec
1856 2657 2078 2735 potest
2108 2635 2323 2708 videri
2358 2662 2503 2707 una
2534 2634 2667 2721 lex,

581 2754 778 2853 cujus
810 2778 970 2852 pars
995 2752 1084 2825 ad
1107 2753 1457 2854 privatum
1475 2809 1495 2842 ‚
1528 2779 1685 2852 pars
1714 2753 1803 2824 ad
1830 2751 2333 2853 rempublicam
2358 2750 2665 2851 pertinet.

582 2867 763 2963 Ergo
795 2865 851 2936 si
873 2865 1122 2966 juncta
1155 2887 1317 2940 sunt
1346 2866 1512 2957 ista,
1554 2886 1635 2937 ut
1670 2865 1851 2954 dixi,
1896 2866 2067 2938 duas
2100 2891 2337 2938 causas
2374 2863 2667 2937 habent:

584 3007 738 3080 pars
765 3000 866 3052 est
891 2981 1061 3080 legis
1095 2983 1279 3084 ejus,
1317 3011 1471 3081 quae
1498 2981 1805 3056 vindicat
1838 2982 2181 3082 templum
2210 3013 2228 3054 ε
2265 3009 2425 3081 ergo
2461 3001 2538 3052 ut
2569 3005 2671 3052 re-

583 3097 903 3169 mittatur
933 3097 1059 3169 tibi
1090 3125 1202 3189 ea,
1235 3127 1392 3198 quae
1425 3099 1726 3199 pertinet
1755 3099 1843 3172 ad
1875 3098 2220 3200 templum
2240 3096 2297 3189 4,
2334 3119 2543 3170 restat
2568 3123 2671 3184 ea,

586 3237 739 3311 quae
769 3211 1074 3311 pertinet
1109 3212 1200 3284 ad
1236 3213 1580 3286 civitatem
1610 3243 1625 3286 ε
1673 3215 1825 3288 duae
1869 3214 2059 3288 enim
2090 3235 2258 3286 sunt
2299 3213 2571 3314 injuriae
2605 3211 2671 3283 in

657 3373 702 3409 ι.
723 3356 1115 3429 anominiostts
1132 3376 1238 3409 non
1263 3358 1375 3432 aqit
1399 3369 1588 3411 tecuni.
1674 3371 1805 3414 tores
1852 3359 2061 3412 habent.
2110 3359 2239 3412 Hoec
2275 3369 2473 3430 potest,
2514 3373 2670 3426 marg.

581 3436 791 3490 Scribe:
824 3455 930 3489 non
957 3451 1094 3510 aget.
1125 3437 1184 3490 ld
1211 3451 1321 3505 est,
1349 3457 1462 3492 non
1491 3438 1591 3490 ha·
1676 3440 1860 3493 AErod.

581 3513 729 3567 bebit
747 3519 836 3585 jus
861 3515 1070 3586 agendi.
1094 3517 1339 3570 Gnonov.
1745 3519 1793 3585 4.
1823 3520 1891 3572 Ut
1910 3520 2200 3571 remittatur
2218 3517 2313 3570 tibi
2328 3537 2389 3569 ea
2402 3557 2419 3584 ,
2440 3533 2556 3590 quoe
2568 3534 2675 3588 per·

656 3609 703 3646 2.
735 3594 966 3645 Crimina
994 3595 1094 3648 duo
1115 3607 1236 3648 sunt
1257 3599 1394 3669 ejus,
1419 3597 1513 3668 qui
1534 3597 1602 3646 ἐπ’
1676 3599 1806 3649 tinet
1842 3599 1914 3649 ad
1952 3597 2222 3670 templum.
2268 3599 2437 3649 Immo
2474 3615 2533 3649 ea
2572 3611 2675 3647 non

585 3671 779 3744 templo
797 3671 1038 3745 pulsatus
1057 3674 1137 3726 sit.
1162 3673 1304 3745 Lego
1323 3695 1336 3725 z
1355 3673 1596 3746 pulsave-
1674 3677 1983 3744 remittitur,
2003 3695 2127 3728 nam
2148 3695 2262 3746 quae
2280 3675 2512 3746 pertinet
2530 3673 2597 3725 ad
2614 3673 2677 3725 ci-

585 3755 668 3806 rit.
684 3755 850 3806 Gnott.
869 3783 932 3792 —
959 3753 1109 3825 Quod
1123 3755 1283 3806 enim.
1298 3753 1592 3806 Editt.Var.
1674 3757 1919 3821 vitatem,
1942 3753 2125 3806 eadem
2148 3752 2383 3806 vindicat
2408 3751 2671 3824 templum-

585 3847 636 3886 et
663 3837 776 3907 Bip.
802 3834 954 3908 quid,
981 3834 1135 3886 nobis
1166 3834 1591 3887 assentientibus.
1676 3835 1886 3887 Scribe:
1916 3853 2034 3908 quoe
2056 3835 2280 3906 pertinet
2302 3834 2373 3885 ad
2392 3831 2673 3907 pulsatum.

653 3919 704 3970 3.
739 3919 882 3970 Duos
911 3928 1144 3970 auctores
1177 3915 1346 3967 habet.
1379 3913 1588 3967 Malim:
1672 3919 1839 3969 Grion.
1872 3917 1940 3970 Ut
1968 3918 2298 3969 remittantur
2324 3915 2420 3966 tibi
2446 3933 2541 3980 ea,
2570 3929 2677 3986 qua

470 3994 511 4016 “’
583 4010 790 4053 actores.
811 4001 962 4052 Prrn.
983 3999 1065 4050 An
1085 3997 1215 4052 duas
1233 3998 1591 4062 auctoritates,
1674 3995 1745 4046 ad
1768 3995 2029 4067 privatum
2064 3995 2362 4066 pertinent,
2403 4005 2593 4048 restant
2620 4011 2677 4043 ee

587 4083 708 4149 quia
735 4083 1000 4152 sequitur,
1028 4080 1158 4133 duas
1183 4095 1361 4130 causas
1389 4077 1592 4132 habent.
1674 4093 1789 4148 quoe
1814 4077 2075 4145 pertinent
2094 4077 2165 4128 ad
2187 4073 2441 4145 templum
2454 4097 2475 4138 ,-
2500 4081 2681 4128 restant

587 4157 802 4212 senum.
825 4159 892 4210 Id
907 4161 978 4213 sic
997 4159 1286 4231 cognoscite
1299 4195 1315 4220 ,
1334 4157 1461 4208 duos
1480 4175 1597 4208 aue-
1676 4175 1735 4208 οτι
1761 4177 1812 4228 q.
1846 4155 2019 4230 AErod.
