2855 4871
529 407 654 491 492
1041 403 1134 466 M.
1183 401 1431 466 mnu
1477 401 2107 485 QUINTILIAM

527 523 784 599 amicos
823 551 968 598 non
1013 523 1346 624 possum?
1379 524 1682 623 denique
1714 551 2101 624 perseveras
2123 539 2142 571 ¹
2170 583 2192 618 ,
2238 527 2431 600 mori
2482 555 2627 602 non

526 669 838 742 possum.
875 641 1090 740 Finge
1125 641 1354 732 enim,
1387 642 1677 741 qualem
1713 662 1777 713 te
1804 642 1973 714 velis
2006 669 2184 731 essc3
2220 643 2627 716 crudelem?

525 778 594 830 et
637 759 825 829 hunc
865 756 1137 858 judex²
1187 756 1577 830 vindicabit
1621 785 1637 825 ε
1694 777 1766 829 et
1814 777 2093 857 propter
2136 757 2329 829 hunc
2374 759 2625 830 occidit

525 874 776 948 filium.
810 872 944 944 Sed
979 871 1228 945 melius
1260 898 1388 968 ego
1423 871 1510 943 de
1538 892 1602 943 te
1619 870 1906 972 judico:
1942 893 2111 970 puto
2140 892 2205 944 te
2235 873 2489 945 omnia
2518 875 2625 944 in·

527 987 894 1086 dulgenter
927 988 1266 1086 imperare
1297 986 1445 1059 filio
1474 1013 1491 1058 :
1528 986 1728 1059 avida
1756 1007 1857 1060 est
1888 985 2121 1086 gloriae
2154 1008 2453 1086 paterna
2488 987 2621 1086 pie·

524 1125 665 1176 tas:
697 1125 927 1176 nostra
963 1101 1282 1174 tirocinia
1311 1101 1665 1174 timidiora
1694 1122 1895 1174 sunt:
1924 1101 2277 1198 numquid
2306 1102 2623 1174 offende-

525 1218 652 1309 ris,
679 1219 734 1291 si
760 1239 826 1291 te
851 1215 1061 1291 laud'o
1079 1217 1128 1289 ³.
1159 1218 1292 1290 Sed
1317 1245 1406 1290 nc
1434 1218 1551 1291 tali
1576 1217 1869 1316 quidem
1896 1218 2069 1316 patri
2095 1243 2345 1316 parco:
2378 1245 2619 1315 quem-

526 1332 916 1406 admodum
941 1333 1249 1406 occidere
1271 1332 1471 1404 volo?
1500 1332 1886 1406 conducam
1910 1331 2430 1431 percussorem?
2464 1333 2617 1404 insi·

525 1445 769 1519 diabor
813 1445 1323 1546 peregrinanti?
1371 1445 1555 1518 nihil
1604 1446 1861 1519 horum
1912 1464 2009 1517 est
2053 1471 2069 1516 :
2122 1471 2317 1518 meas
2370 1473 2617 1518 manus

525 1561 857 1660 inquino‚
889 1581 956 1633 et
987 1562 1083 1634 sic
1111 1587 1280 1660 paro
1301 1587 1657 1633 venenum
1674 1617 1695 1652 ‚
1720 1581 1801 1632 ut
1824 1558 2349 1659 deprehendar?
2372 1581 2615 1632 secreta

523 1696 688 1749 sunt
712 1677 1218 1776 parricidarum
1249 1676 1525 1750 scelera.
1558 1680 1704 1750 Cur
1734 1703 1929 1776 ergo,
1970 1675 2235 1774 inquit,
2262 1702 2611 1748 venenum

523 1789 873 1862 habuisti?
903 1818 946 1862 o
981 1790 1304 1864 miseram
1339 1789 1719 1864 liberandae
1752 1789 2223 1862 adolescentiae
2262 1817 2443 1863 meae
2476 1818 2613 1862 sor-

524 1924 666 1976 tem
687 1963 705 1996 ,
735 1927 807 1978 et
829 1907 1030 1980 malis
1063 1934 1345 2007 quoque
1379 1908 1548 2007 ipsis
1572 1906 1873 1979 tristiora
1902 1904 2241 1978 remedia!
2274 1909 2615 1978 Excusan-

527 2019 702 2094 dum
731 2044 830 2096 est
847 2082 866 2114 ‚
897 2023 1087 2122 quod
1111 2052 1200 2096 ne
1215 2021 1574 2116 ‚diluerem
1592 2081 1613 2116 ‚
1644 2023 1821 2096 mori
1842 2021 2236 2096 volueram:
2267 2043 2337 2096 et
2360 2023 2613 2094 ultima

526 2139 970 2236 cogitationes
1017 2159 1424 2213 revocantur
1468 2140 1557 2212 ad
1592 2139 1911 2242 judicem
1950 2167 1965 2211 :
2010 2137 2254 2239 paullo
2295 2138 2611 2227 *minum

527 2277 743 2349 quam
777 2273 934 2351 post
961 2253 1137 2342 fata,
1167 2279 1471 2325 arcessor
1494 2279 1669 2326 reus.
1706 2252 1841 2326 Sed
1866 2279 1955 2326 ne
1983 2251 2225 2324 fallam
2250 2273 2318 2324 te
2336 2311 2359 2342 ‚
2394 2275 2609 2352 pater,

527 2365 961 2466 respondebo
987 2366 1214 2442 verbis
1244 2369 1539 2443 fortunoe
1574 2395 1783 2462 meae,
1818 2363 2250 2469 respondebo
2285 2369 2479 2467 quod
2507 2396 2611 2443 so-

525 2481 676 2571 lco,
720 2480 790 2555 id
830 2504 968 2573 est,
1013 2510 1158 2555 non
1194 2484 1368 2556 alius
1402 2512 1598 2574 reuS,
1626 2512 1845 2584 quam
1876 2484 2089 2575 filius,
2126 2485 2309 2557 mori
2343 2484 2523 2559 volo.
2550 2486 2609 2558 Ο

527 2619 789 2698 quanto
824 2600 1095 2672 facilius
1125 2600 1252 2673 tihi
1282 2601 1521 2673 mortis
1550 2628 1789 2675 causas
1807 2657 1826 2690 ,
1850 2628 2065 2702 quam
2094 2601 2440 2700 parricidii
2464 2602 2611 2673 red-

531 2712 733 2785 dam?
755 2714 975 2788 immo
999 2716 1262 2815 passim
1285 2717 1590 2820 objectas
1614 2738 1680 2791 ct
1700 2716 2081 2819 publicatas
2098 2774 2119 2811 ,
2148 2737 2422 2790 tantum
2444 2716 2609 2789 ⁵non

530 2933 638 2967 rere
665 2934 770 2969 non
797 2920 998 2973 advena
1025 2923 1226 2976 iterum.
1255 2922 1530 2977 AErodiust

531 3015 636 3048 non
677 2997 750 3049 ad
781 3018 954 3069 preces
992 3004 1285 3071 decumre,
1325 3023 1431 3057 non
1466 3004 1535 3057 ad

523 3095 717 3150 genua.
739 3076 950 3131 Scribe:
975 3100 1154 3155 rogare
1171 3104 1278 3138 non
1297 3088 1537 3156 possum?

531 3158 603 3210 ad
617 3176 789 3231 preces
809 3159 1074 3214 decurrere
1097 3182 1202 3215 non
1223 3166 1426 3217 audeo?
1448 3167 1536 3217 ite·

531 3256 647 3291 rum
669 3238 896 3315 alleyare
919 3260 1025 3293 non
1044 3261 1267 3315 possum.
1293 3245 1388 3297 Gn.
1403 3249 1533 3299 Hor.

532 3318 762 3386 0d.111,
786 3338 882 3391 29,
908 3320 1000 3393 57:
1033 3325 1194 3375 «Non
1219 3337 1300 3377 est
1325 3345 1533 3393 meum,

538 3418 561 3441 ιι
581 3396 626 3447 si
645 3400 844 3469 mugiat
861 3400 1050 3453 Africis
1069 3400 1241 3454 Malus
1260 3402 1535 3474 procellis,

537 3498 564 3524 ο
581 3474 652 3528 ad
697 3480 909 3532 miseras
953 3500 1138 3553 preces
1176 3482 1482 3537 Decurrere.
1505 3508 1529 3531 η

533 3556 718 3606 Posset
734 3569 784 3607 et
806 3555 906 3627 legi
918 3594 934 3621 ‚
955 3578 1060 3613 non
1079 3560 1150 3612 ad
1166 3580 1340 3634 preces
1358 3562 1535 3613 decur—

536 3653 672 3702 rere,
703 3654 810 3687 non
846 3638 1077 3692 accidere
1107 3642 1179 3691 ad
1205 3660 1378 3715 genua
1399 3663 1414 3693 .-
1452 3656 1535 3708 et,

535 3714 756 3789 denique
793 3719 838 3769 si
875 3736 1190 3789 perseveras,
1228 3724 1362 3776 mon*
1397 3742 1537 3775 nunc

532 3812 753 3862 possum.
775 3800 914 3851 Utin
937 3800 1038 3853 fine
1054 3800 1284 3855 Declam.
1315 3824 1338 3849 α
1357 3805 1402 3856 si
1419 3822 1537 3875 per-

543 3896 566 3917 «
587 3892 814 3945 severas,
831 3898 1092 3933 venenum
1117 3881 1293 3934 redde.
1315 3907 1337 3930 ι
1361 3884 1530 3935 Bou.

615 3968 660 4003 ι.
680 3956 986 4010 Perse-veras.
1009 3958 1072 4011 Sa·
1089 3976 1401 4030 perseveras,
1425 3960 1535 4015 AEr.

539 4044 590 4081 et
617 4032 882 4088 Francius.
912 4068 983 4079 —
1009 4041 1151 4091 Mori
1181 4058 1288 4092 non
1309 4058 1532 4112 possum.

540 4111 682 4161 Mori
701 4130 900 4180 possum
918 4156 936 4183 ,
965 4119 1222 4173 AErodius.
1261 4122 1535 4174 Marianon

1607 2944 1811 2997 posnam
1862 2944 1985 2979 cnm
2033 2922 2471 2993 interrogatione.
2524 2922 2607 2973 En.

1687 3024 1734 3057 2.
1766 3004 2117 3076 Hune-judex.
2142 3002 2303 3054 Hunc
2310 3001 2483 3074 jude-1
2504 3000 2609 3051 υἱι-

1612 3082 1819 3135 dicabis.
1836 3083 2021 3135 Mitem
2032 3083 2058 3132 ?
2072 3092 2121 3133 et
2137 3092 2281 3155 petes
2298 3079 2441 3133 hunc
2456 3076 2611 3133 occidi

1596 3162 1819 3237 filium?
1837 3162 2013 3215 AErod.

1682 3243 1733 3296 3.
1762 3244 1821 3295 Si
1848 3253 1899 3294 te
1926 3240 2102 3293 laudo.
2138 3238 2387 3293 Ostendit
2414 3240 2609 3311 egregie

1613 3339 1669 3374 se
1702 3320 1931 3373 revereri
1965 3334 2203 3391 patrem,
2240 3317 2373 3371 dum
2404 3319 2609 3379 metuit,

1614 3420 1684 3455 ne
1725 3400 1994 3454 laudando
2030 3400 2297 3453 offendat.
2330 3399 2467 3453 vide
2500 3397 2610 3453 enl-

1614 3502 1767 3555 pum.
1794 3482 2026 3534 Declam.
2050 3481 2217 3535 XXX.
2243 3482 2464 3534 Senum-r.

1686 3564 1738 3629 4.
1766 3558 1956 3612 Paullo
1978 3559 2171 3612 minus.
2200 3560 2419 3613 Sueten.
2442 3556 2600 3609 Tihcr.

1620 3666 1643 3691 ι
1666 3639 1989 3707 26‚1=Paul!o
2000 3643 2174 3693 minus
2186 3660 2349 3713 quam
2360 3642 2605 3713 privatum

1621 3746 1644 3769 ι
1664 3723 1785 3792 egit.
1808 3746 1831 3769 ι
1868 3720 2087 3772 Senum.
2114 3718 2253 3772 Vide
2282 3720 2359 3771 ibi
2390 3714 2607 3771 Cnsaub.

1612 3813 1667 3852 et
1689 3816 1837 3869 supr.
1858 3798 1927 3852 ad
1942 3796 2088 3851 Decl.
2112 3798 2235 3861 ΧΠ,
2262 3797 2345 3851 18.
2366 3798 2611 3849 nunu.—

1618 3880 1673 3933 V
1666 3879 1795 3933 erbis
1820 3878 2055 3950 fortune
2086 3896 2231 3931 πιθα.
2264 3878 2382 3929 Hoc
2412 3889 2525 3939 est,
2554 3888 2609 3926 ut

1612 3958 1741 4013 dixit
1756 3962 2017 4013 Eumenes
2030 3958 2177 4031 apud
2186 3960 2325 4012 Just.
2352 3956 2543 4023 X1V,4‚
2560 3954 2605 4021 4:

1618 4064 1644 4088 σι
1664 4042 1785 4095 Non
1810 4042 2028 4095 miseros
2050 4040 2291 4093 convicia
2312 4037 2515 4091 decent.
2534 4060 2559 4083 ι

1686 4120 1737 4175 5.
1772 4120 1999 4174 Tantum
2030 4136 2155 4173 non.
2194 4118 2424 4172 Tantum
2456 4131 2603 4167 nunc.
