2855 4871
632 454 759 524 338
1130 453 1225 518 M.
1275 449 1528 516 FABII
1573 446 2214 532 QUINTlLlAm

630 579 810 669 Quae
854 597 1023 650 tunc
1074 599 1395 673 responsa
1441 570 1720 670 petituri
1769 569 2059 643 sumus?
2098 568 2288 668 quod
2343 583 2363 614 ¹
2387 570 2690 645 auxilium

625 691 983 782 homines,
1012 689 1135 788 qui
1165 689 1345 762 hanc
1380 712 1660 786 quoque
1691 684 1818 758 diis
1847 683 2368 758 immortalibus
2389 683 2692 784 injuriam

626 805 927 881 facimus
944 861 963 896 ,
998 823 1079 878 ut
1104 801 1474 876 videantur
1501 799 1791 874 salutare
1820 799 1994 872 illud
2028 798 2422 898 reipublicae
2449 825 2690 898 respon·

625 949 783 996 sum
813 947 939 1020 pro
971 941 1265 1018 tyranno
1300 915 1609 991 dedisse?

624 1218 1011 1240 mmm
1018 1215 1586 1238 mmmmmm
1595 1211 2562 1236 mmwmmmmmm
2571 1209 2690 1231 §Um

1403 1416 1945 1494 CCCXXX.

916 1648 1361 1722 Abdicandus
1387 1651 1511 1749 qui
1539 1645 1664 1718 alit
1694 1645 2078 1719 adulteram
2111 1607 2421 1717 matrem.

625 1851 901 1912 Crimine
924 1850 1209 1912 adulterii
1230 1849 1582 1932 repudiavit,
1603 1847 1862 1931 quidam
1883 1869 2170 1926 uxorem,
2197 1870 2266 1910 ex
2292 1870 2416 1930 qua
2431 1846 2688 1930 juvenem

703 1949 973 2010 habebat
994 1947 1231 2008 filium:
1262 1947 1616 2008 adolescens
1639 1949 1888 2008 accessit
1915 1947 1992 2008 ad
2011 1959 2252 2030 patrem
2267 1992 2286 2022 ,
2308 1960 2370 2006 et
2395 1949 2506 2030 ait,
2527 1945 2688 2006 amari

704 2069 741 2108 a
786 2068 847 2106 se
887 2047 1285 2106 meretricem.
1328 2045 1514 2106 Dedit
1553 2046 1880 2128 pecuniam
1925 2045 2016 2103 illi
2059 2057 2267 2126 pater:
2319 2043 2424 2104 ille
2465 2059 2688 2103 matrem

706 2155 983 2224 egentem
1008 2143 1171 2204 alere
1192 2142 1409 2224 coepit,
1433 2155 1605 2226 patre
1629 2144 1984 2224 ignorante:
2013 2141 2314 2224 comperit
2339 2156 2532 2226 pater,
2551 2153 2604 2202 et
2623 2138 2686 2200 ob

706 2239 825 2302 hoc
853 2242 1098 2303 abdicat
1121 2239 1341 2302 filium.

1328 2379 2024 2529 nEcLAMA'rm.

726 2590 885 2661 Non
919 2588 1163 2687 ignoro
1186 2646 1205 2681 ‚
1244 2589 1747 2688 exspectatione
1776 2588 2092 2661 criminis
2131 2616 2246 2661 me
2289 2590 2591 2677 onerari,
2628 2614 2692 2659 ex
2797 2664 2799 2669 .

626 2704 761 2776 hoc
792 2704 1175 2803 praecipue,
1201 2704 1390 2804 quod
1425 2702 1753 2777 abdicans
1779 2704 2151 2804 indulgens
2181 2719 2461 2804 pater²:
2496 2706 2689 2803 itaque
2797 2714 2799 2717 ⁴

632 2848 721 2895 ne
753 2822 872 2893 illa
899 2821 1185 2920 quidem
1216 2823 1446 2895 dicere
1466 2878 1484 2911 ‚
1515 2848 1666 2921 quae
1702 2822 1899 2895 initio
1938 2822 2364 2895 defensionis
2391 2820 2690 2895 solemnia

630 2936 855 3009 caeteri
872 2936 1158 3026 habent,
1179 2965 1487 3036 possum.
1500 2938 1774 3037 Ecquid
1794 2939 2068 3037 peccavi
2082 2938 2255 3011 3'?nu
2265 2940 2510 3038 mquid
2530 2938 2689 3011 luxu-

630 3050 845 3123 riatus
873 3052 1073 3121 sum?
1108 3053 1461 3152 numquid
1493 3053 1679 3125 bona
1713 3074 2000 3153 paterna
2033 3054 2478 3155 consumpsi?
2508 3080 2690 3126 num-

631 3165 803 3265 quid
829 3167 1261 3239 meretricem
1286 3168 1562 3241 amavi?
1585 3196 1748 3242 cum
1778 3196 1858 3241 eo
1887 3170 2063 3242 mihi
2091 3191 2280 3271 patre
2313 3198 2419 3244 res
2447 3192 2573 3261 est,
2594 3166 2688 3268 qui

631 3278 1040 3351 remissurus
1080 3280 1222 3350 haec
1264 3280 1418 3353 fuit.
1454 3282 1742 3353 Utinam
1792 3284 2152 3381 profutura
2197 3284 2332 3356 ista
2374 3284 2691 3383 frugalitas

633 3414 808 3465 esset
836 3394 1025 3493 apud
1057 3394 1363 3495 patrem!
1415 3423 1606 3469 nunc
1645 3398 1871 3471 omnis
1903 3399 2152 3503 judicii
2194 3426 2403 3475 scena
2418 3400 2474 3489 4,
2514 3422 2688 3471 omne

630 3506 1022 3607 periculum
1042 3534 1212 3582 meae
1232 3508 1591 3608 dignitatis
1615 3538 1698 3584 ex
1717 3512 1850 3585 hoc
1877 3514 2120 3603 oritur,
2139 3516 2330 3613 quod
2355 3514 2686 3616 pecuniam

714 3699 759 3736 1.
779 3682 928 3755 Quod
938 3684 1212 3738 auxilium.
1229 3686 1411 3741 Potest
1426 3686 1642 3759 quidem
1721 3688 1942 3763 dulqem
1967 3704 2122 3763 pater
2147 3702 2235 3747 est.
2273 3694 2383 3747 Gur
2411 3710 2542 3757 non,
2571 3685 2690 3762 quod
2793 3754 2795 3763 ⁴

634 3766 807 3837 repeti
852 3764 1067 3838 petituri
1089 3788 1105 3818 .-
1155 3766 1251 3819 sed
1288 3782 1421 3841 puto
1467 3781 1642 3825 tamen
1721 3770 1943 3821 abdicat.
1968 3772 2132 3825 Gnou-
2159 3770 2685 3839 An‚abdioavit?8oe.
2794 3776 2795 3827 ἶ

636 3844 967 3899 commodius
994 3846 1138 3914 fore,
1166 3848 1210 3899 si
1236 3848 1454 3901 verbum
1481 3849 1645 3901 inter-
1723 3850 1976 3917 Abdicat,
2013 3851 2269 3907 Obrecht.
2303 3854 2551 3907 Abdicans
2583 3851 2614 3901 ι’.
2641 3867 2686 3919 Ρ·

636 3925 825 3979 cidisse
840 3925 1117 3980 credamus
1129 3964 1147 3993 ,
1162 3940 1215 3981 et
1229 3926 1466 3999 legamus
1478 3950 1491 3981 ε
1503 3928 1646 4003 quod
1721 3939 1812 3983 est.
1835 3930 1922 3981 Ita
1947 3948 2012 3983 ne
2033 3929 2159 3999 illa,
2181 3932 2366 3985 A'Erod.

636 4005 899 4059 auxilium
920 4006 1189 4079 speraturi.
1214 4007 1386 4060 Bunu.
1795 4010 1846 4065 3.
1865 4012 2085 4085 Ecquid.
2106 4016 2176 4067 Et
2193 4014 2341 4089 quid.
2369 4010 2538 4067 AErod.

2793 3828 2795 3876 Ι

712 4103 761 4138 2.
795 4088 947 4157 Quod
972 4088 1214 4143 abdicans
1246 4088 1520 4165 indul-qens
1545 4108 1646 4163 pa-
1795 4093 1844 4159 4.
1873 4094 2059 4147 Scene.
2085 4097 2168 4147 An
2187 4133 2203 4160 ‚
2232 4096 2425 4165 poena?
2449 4092 2682 4145 francias
2791 4158 2793 4175 ζ

640 4171 731 4218 ων.
772 4167 1054 4221 AErodiusz
1096 4172 1241 4243 quod
1276 4170 1519 4227 abdicans
1563 4173 1646 4227 in·
1721 4170 1870 4225 Nihil
1895 4186 2060 4227 muta.
2085 4170 2206 4228 Vid.
2233 4172 2380 4229 Deci.
2406 4170 2504 4237 11,
2531 4186 2602 4223 1⁰»
