2855 4871
1037 410 1128 474 M.
1177 411 1426 473 FABII
1472 410 2101 493 QUINTILIANI

525 538 816 628 primum
869 536 1168 601 omnium
1221 534 1582 601 dicendum
1638 554 1739 602 est
1788 540 1849 603 ei
1902 535 2217 605 adversus
2266 564 2573 609 socerum
2606 570 2621 608 :

530 642 774 711 deinde
817 643 906 708 ita
937 641 1294 708 dicendum
1327 660 1460 723 est,
1502 660 1577 709 ut
1610 645 1889 711 sciamus
1920 646 2055 711 ¹hoc
2092 670 2287 736 agere
2320 673 2487 733 eutq
2500 701 2516 730 ,
2552 669 2629 716 ut

530 773 720 817 socer
745 751 846 815 sit.
879 752 1200 814 Fraeterea
1233 772 1429 815 causa
1466 748 1641 816 illius
1675 750 1841 815 nihil
1870 750 2070 817 habet
2098 753 2385 835 firmius,
2422 780 2631 846 quam

531 858 615 921 sit
658 855 928 921 aliena¹.
971 856 1188 920 Etiam
1235 853 1611 921 sollicitudo
1650 855 2147 947 quodammodo
2192 862 2633 949 temperanda

532 978 658 1041 est,
684 977 759 1026 ut
781 982 1001 1049 neque
1031 957 1412 1047 desperare,
1445 982 1665 1052 neque
1688 984 1961 1027 securus
1988 986 2131 1029 ease
2156 963 2483 1048 videatur,
2510 967 2633 1033 sed

528 1066 770 1134 modus
796 1084 862 1132 et
885 1066 1068 1132 color
1091 1065 1603 1131 Declamationis
1628 1067 1721 1134 sic
1742 1066 2089 1136 ducendus
2105 1089 2127 1113 ²
2156 1089 2286 1137 est:
2324 1075 2637 1162 quaestio-

531 1198 650 1239 nes
685 1174 810 1237 illae
853 1189 1084 1255 erunt,
1110 1196 1194 1239 an
1239 1172 1434 1238 educi
1478 1190 1695 1262 rapta,
1739 1175 1865 1241 nisi
1907 1177 2209 1264 protinus
2251 1179 2499 1267 possit3
2542 1202 2637 1245 an

533 1280 787 1345 etiamsi
834 1296 1137 1367 tempore
1193 1278 1584 1367 interposito
1635 1296 1856 1368 potest
1876 1330 1893 1361 ,
1943 1282 2151 1368 possit
2200 1298 2423 1347 tamen
2478 1303 2636 1372 post

532 1388 824 1476 nuptias;
851 1410 935 1451 an
967 1388 1122 1477 quia
1151 1405 1304 1452 ante
1335 1384 1529 1453 educi
1558 1411 1692 1453 non
1715 1390 1934 1477 potuit
1958 1405 2205 1477 raptor,
2230 1414 2407 1456 nunc
2432 1390 2637 1457 educi

533 1490 804 1571 debeat3
839 1515 974 1581 quo
999 1492 1220 1557 animo
1249 1509 1437 1582 pater
1460 1490 1746 1559 educere
1770 1494 1855 1559 ad
1880 1496 2294 1583 magistratus
2321 1498 2518 1579 velit;
2544 1521 2637 1562 an

531 1599 828 1689 patiente
867 1621 982 1679 eo,
1026 1599 1142 1689 qui
1189 1598 1574 1665 educendus
1613 1618 1744 1679 est,
1786 1599 2237 1668 contradicere
2268 1602 2500 1685 liceat3
2545 1628 2638 1668 an

535 1726 803 1794 aequum
835 1704 948 1782 sit,
980 1727 1116 1794 quo
1151 1704 1372 1770 animo
1409 1704 1520 1771 hic
1558 1704 1813 1771 educat.
1842 1707 1997 1803 ⁸Scio
2030 1730 2225 1796 posse
2265 1711 2505 1799 quaeri,
2545 1734 2637 1774 an

535 1811 648 1877 illa
672 1814 978 1900 quaestio,
1002 1836 1150 1903 quae
1181 1812 1265 1878 ad
1289 1835 1641 1900 personam
1671 1815 1987 1902 pertinet,
2020 1832 2086 1879 et
2114 1815 2181 1879 in
2208 1816 2419 1904 prima
2445 1834 2639 1905 parte

536 1915 851 2006 ponenda
875 1934 1006 2001 est,
1039 1942 1187 2008 quae
1213 1942 1254 1983 a
1280 1942 1389 1984 me
1425 1942 1621 2007 supra
1657 1920 2012 1985 constituta
2049 1936 2167 1986 est.
2208 1923 2349 2009 Ego
2376 1921 2639 2012 aliquid

539 2026 612 2090 in
642 2025 772 2091 hoc
810 2026 1044 2093 ordine
1083 2028 1282 2093 etiam
1318 2025 1611 2092 themate
1652 2030 1976 2115 spectavi,
2016 2051 2151 2118 quo
2183 2028 2331 2095 loco
2360 2031 2645 2119 ponitur

539 2130 739 2211 illud,
790 2132 973 2222 quod
1027 2148 1286 2198 tacente
1336 2149 1602 2219 raptore
1657 2130 1767 2197 hic
1820 2132 2130 2223 loquatur
2147 2131 2204 2213 3,
2262 2134 2426 2224 quid
2470 2135 2645 2201 velit

545 2238 825 2326 spectari
873 2253 941 2302 et
989 2236 1185 2318 illud,
1231 2237 1414 2329 quod
1456 2238 1842 2318 affectibus,
1887 2240 2003 2329 qui
2050 2241 2396 2329 sequuturi
2436 2258 2639 2323 sunt,

543 2344 750 2432 magis
776 2341 920 2410 haec
947 2345 1258 2435 quaestio,
1287 2369 1487 2437 quam
1519 2345 1648 2411 ulla
1676 2346 1801 2411 alia
1830 2346 2183 2439 conjuncta
2208 2362 2324 2413 est.

533 415 654 479 152

1235 2545 1943 2612 DECLAMATIO.

641 2705 716 2777 Si
753 2704 1255 2779 contradiceret
1287 2704 1468 2804 ipse,
1502 2704 1625 2802 qui
1658 2703 1919 2803 rapuit,
1950 2702 2023 2775 id
2052 2724 2186 2795 est,
2222 2703 2281 2776 si
2316 2701 2641 2795 timeret,

547 2821 643 2892 sic
672 2847 797 2918 pro
829 2847 899 2892 se
927 2840 1184 2919 ageret3
1215 2819 1507 2892 educere
1540 2818 1665 2890 tibi
1700 2818 1788 2890 ad
1816 2818 2255 2918 magistratus
2284 2839 2640 2917 raptorem

549 2962 694 3008 non
733 2933 927 3026 licet,
975 2936 1109 3007 nisi
1149 2934 1379 3008 statim
1421 2963 1437 3006 :
1472 2934 1730 3035 quare?
1771 2934 2109 3036 quoniam
2154 2933 2480 3006 omnium
2522 2933 2643 3006 vel

626 3105 670 3140 ι.
705 3087 874 3157 Quam
904 3089 972 3140 sit
997 3086 1189 3140 aliena.
1227 3088 1396 3159 Quam
1421 3089 1466 3140 si
1490 3089 1557 3142 sit
1630 3089 1969 3140 conveniunt.
1984 3089 2188 3160 Raptor
2202 3088 2344 3140 enim
2362 3087 2644 3160 prescrip-

549 3167 741 3221 aliena.
765 3169 985 3221 Senum.
1630 3169 1776 3219 tione
1800 3167 1877 3218 uti
1898 3179 2107 3237 posset,
2130 3165 2191 3218 Se·
2211 3183 2319 3218 non
2342 3165 2481 3216 inm
2504 3175 2644 3217 tern-

623 3264 670 3300 2.
692 3247 778 3299 Sic
796 3246 1072 3299 ducmzdus.
1093 3246 1178 3299 An
1200 3245 1472 3310 dicendus,
1494 3259 1554 3299 ut
1626 3267 1725 3320 pus
1740 3248 1876 3321 agis,
1902 3266 1996 3299 nec
2016 3245 2113 3298 alii
2136 3248 2191 3298 in
2209 3246 2449 3318 presenti
2468 3259 2643 3316 nupta

549 3323 1130 3390 Juvenal.⁸at.V1‚280=
1149 3324 1553 3396 -oic,aliquem,
1632 3347 1697 3382 es.
1736 3325 1838 3380 Sed
1864 3328 2111 3379 maritum
2140 3338 2221 3378 est
2254 3323 2456 3396 aliquid
2488 3325 2643 3398 quod

556 3427 579 3452 α
597 3401 954 3472 Quintiliane,
983 3401 1236 3455 colorem.
1262 3427 1285 3453 a·
1337 3403 1555 3456 Senum.
1636 3408 1704 3461 ab
1740 3407 1841 3461 hac
1876 3405 2297 3460 contradictione
2332 3405 2603 3459 dimoveat
2620 3447 2641 3475 ,

1636 3490 1722 3540 cui
1753 3488 1865 3557 jam
1899 3485 2095 3559 liquet,
2136 3505 2195 3538 ae
2231 3485 2487 3556 virginem
2520 3503 2639 3537 non

1634 3563 1844 3618 duxisse
1860 3586 1874 3616 ι
1895 3577 1954 3616 ut
1971 3583 2115 3617 nnnc
2134 3561 2202 3616 de
2220 3561 2494 3616 retinenda
2512 3581 2645 3615 uxo-

1634 3665 1691 3700 re
1708 3647 1884 3699 minus
1904 3643 2157 3699 sollicitus
2176 3661 2291 3698 ease
2305 3643 2512 3696 debeat.
2528 3643 2643 3697 Sed

1634 3738 1809 3778 tamen
1840 3723 1946 3777 hoc
1965 3724 2049 3776 vel
2076 3723 2347 3796 aliquanto
2372 3723 2539 3793 magia
2568 3722 2643 3774 ad

549 3485 654 3538 Sed
687 3484 868 3538 diceet-e
894 3484 1150 3551 colorem,
1179 3486 1378 3538 centies
1410 3485 1555 3556 apud

549 3565 810 3630 rhetor-en
831 3579 883 3620 et
905 3565 1048 3619 unde
1075 3566 1354 3639 desumpta
1381 3569 1451 3620 sit
1472 3566 1555 3619 lo·—

551 3647 696 3697 cntio
727 3643 848 3698 vide
882 3644 1026 3716 apud
1055 3643 1220 3698 Gron.
1265 3645 1334 3698 ad
1369 3647 1551 3699 Senec.

550 3727 704 3780 Herc.
735 3727 838 3779 fur.
865 3725 985 3796 347.
1012 3728 1180 3778 Banu.

623 3805 672 3858 3.
713 3804 861 3876 Quod
893 3816 1092 3858 tacente
1121 3817 1324 3876 raptore
1359 3805 1446 3857 hic
1482 3805 1557 3858 lo-

551 3898 758 3961 quatur.
787 3887 992 3958 Nempe
1019 3889 1273 3953 maritus,
1297 3888 1393 3958 qui
1425 3905 1554 3938 con-

551 3969 796 4022 tradicit:
824 3987 947 4021 nam
977 3970 1023 4022 ui
1051 3987 1164 4041 quae
1191 3981 1313 4020 sunt
1337 3982 1555 4022 contra-

555 4045 765 4100 dicendi
795 4061 1008 4120 partes,
1040 4047 1120 4100 hae
1151 4049 1329 4118 potius
1355 4050 1558 4120 raptori

551 4123 648 4194 (ut
671 4125 882 4198 quidem
906 4125 1146 4198 videtur)
1173 4144 1333 4197 quam
1371 4128 1557 4179 marito

1634 3806 1881 3856 maritum
1896 3839 1914 3870 ‚
1940 3821 2097 3874 quam
2126 3801 2197 3856 ad
2220 3813 2487 3872 raptorem
2513 3818 2641 3873 per-

1634 3887 1791 3952 tinet,
1810 3899 1910 3938 etc.
1932 3903 2090 3957 quam
2108 3882 2353 3936 lacunam
2368 3881 2439 3934 ita
2464 3881 2643 3954 reple·

1635 3969 1803 4020 vimus
1828 3985 1890 4018 ex
1912 3965 2257 4036 sequentibus
2283 3963 2395 4028 hin,
2424 3964 2644 4033 conjec-

1637 4060 1755 4098 tura
1772 4044 1935 4097 ducti.
1958 4045 2137 4096 AEnon.
2152 4073 2225 4084 —-
2240 4044 2298 4100 V
2288 4043 2383 4096 elit
2398 4043 2639 4116 spectari.

1636 4124 1815 4179 AErod.
1840 4125 1966 4180 velit
1988 4133 2232 4198 spectum.
