2855 4871
626 446 750 511 180
1126 438 1219 510 M.
1267 448 1520 511 FABII
1564 448 2204 529 QUINTILIANI

615 679 1252 701 mmmmm
1256 670 1741 702 ννιννυννιννίννι

2132 684 2721 705 ΜΜἏΛΜῦἉΜ

1406 872 1923 951 CCXCIII.

1201 1106 1565 1201 Tyrannus
1590 1107 1787 1175 victoe
1815 1108 2129 1176 civitatis.

647 1308 815 1393 Vino
843 1328 1022 1368 Fon-rr
1042 1321 1057 1350 ¹
1085 1328 1410 1367 emturum.
1451 1306 1725 1383 Quidam
1747 1307 1993 1368 fortiter
2013 1308 2195 1369 fecit:
2225 1313 2384 1393 petit
2411 1316 2679 1395 praemio

1211 1404 1611 1485 tyrannidem
1636 1403 1813 1464 victae
1837 1406 2120 1466 civitatis.

1321 1552 2013 1659 DECLAMATIO.

707 1750 974 1824 Omnia
1006 1750 1240 1822 danda
1270 1777 1412 1824 esse
1446 1750 1607 1823 viris
1639 1751 1929 1823 fortibus
1964 1751 2151 1841 dic03
2192 1778 2323 1824 nec
2358 1753 2713 1829 immerito

613 1867 878 1957 danda,
919 1868 1164 1966 utique
1213 1893 1295 1939 ex
1323 1867 1537 1939 victis,
1584 1868 1744 1939 Non
1794 1868 2113 1939 aerarium
2162 1868 2516 1965 inquiete,
2570 1898 2715 1944 non

613 1983 1076 2055 sacerdotium
1109 1981 1343 2082 rapio:
1387 2004 1587 2081 peto,
1621 2004 1698 2054 ut
1736 1983 1875 2054 sint
1914 1982 2141 2056 hostes
2179 1982 2252 2056 in
2294 2011 2456 2056 mea
2493 2008 2715 2085 potes-

609 2120 767 2169 tate.
805 2100 906 2171 Ac
935 2098 1246 2197 primum
1280 2096 1603 2168 omnium
1645 2096 2027 2195 interrogo,
2064 2098 2221 2197 quis
2254 2118 2355 2170 est
2390 2099 2555 2189 iste,
2594 2102 2712 2201 qui

611 2212 974 2313 prohibet?
1003 2212 1186 2311 juste
1219 2232 1525 2311 peterem
1560 2211 1767 2284 etiam
1798 2212 2223 2285 eversionem
2253 2212 2585 2287 hostium.
2616 2218 2715 2288 Ac

613 2349 767 2400 tum
785 2341 836 2416 ²,
862 2327 1096 2398 nescio
1128 2326 1284 2425 quis
1308 2326 1431 2399 iste
1460 2353 1604 2398 non
1632 2326 1816 2398 stetit
1845 2327 1917 2397 in
1937 2326 2121 2399 acie:
2150 2327 2252 2399 illi
2282 2328 2336 2399 si
2358 2329 2709 2423 vicissent,

610 2443 984 2542 tyrannide
1003 2471 1075 2516 se
1097 2444 1549 2516 vindicarent.
1577 2445 1689 2516 Sic
1713 2471 1913 2543 agere
1930 2444 2111 2536 v010,
2137 2467 2503 2544 tamquam
2524 2449 2715 2520 futu-

609 2587 730 2632 rus
753 2559 1084 2632 crudelis:
1115 2582 1553 2632 meruerunt:
1579 2560 1917 2632 vindicari
1944 2561 2221 2660 potestis
2244 2562 2392 2634 sine
2417 2563 2707 2636 invidia:

607 2677 698 2749 de
731 2705 846 2750 me
876 2698 1278 2778 querantur,
1315 2678 1426 2748 cui
1455 2677 1725 2776 aliquid
1746 2677 1899 2778 jam
1929 2678 2359 2751 irascuntur.
2400 2682 2715 2777 tyranni-

609 2792 772 2865 dem
797 2795 1157 2893 imponere
1176 2792 1355 2864 volo.
1377 2792 1742 2892 Asperiora
1766 2794 2097 2865 narrabo:
2125 2793 2466 2896 plurimos
2486 2822 2571 2868 ex
2593 2796 2711 2867 illa

609 2907 882 2980 civitate
930 2936 1150 2981 manu
1197 2908 1326 2981 hac
1367 2908 1616 2980 occidi.
1670 2909 1807 2980 Sed
1848 2909 2203 3007 numquid
2244 2909 2435 2984 vobis
2476 2911 2712 2985 videor

608 3049 891 3114 avaruS,
941 3023 1400 3097 libidinosus?
1446 3024 1639 3096 aliter
1681 3025 1904 3096 crevi:
1952 3025 2195 3097 eadem
2240 3051 2401 3124 ergo
2442 3027 2710 3100 ratione

609 3138 744 3210 hoc
777 3159 972 3237 peto,
1015 3165 1160 3238 qua
1193 3138 1459 3209 fortiter
1491 3138 1663 3208 feci:
1710 3139 1807 3210 sic
1849 3139 2166 3237 praesidia
2208 3140 2707 3238 imponemus:

611 3253 880 3325 tamdiu
915 3275 1252 3353 tyrannus
1289 3279 1437 3340 ero,
1473 3253 1809 3350 quamdiu
1840 3274 2171 3353 poterunt
2202 3254 2560 3328 rebellare.

687 3431 730 3466 1.
753 3415 808 3467 V
805 3413 881 3464 iro
894 3413 1048 3484 forti.
1065 3415 1131 3466 Et
1151 3413 1339 3466 usitata
1360 3414 1412 3463 in
1435 3410 1619 3464 schola
1706 3435 1727 3457 α
1751 3425 1841 3464 aut
1868 3412 2196 3484 tyrannicida
2220 3415 2461 3484 accipere
2484 3413 2711 3484 debeat,

607 3491 722 3545 haec
741 3495 960 3564 quaestio
985 3493 1101 3543 fuit.
1121 3491 1252 3546 Vide
1275 3491 1496 3560 Quintil.
1523 3489 1615 3541 lib.
1706 3495 1902 3567 e'quasi
1932 3500 2043 3566 jam
2081 3499 2495 3567 pronunciatum
2528 3514 2708 3566 esset,

609 3575 673 3636 V,
699 3591 815 3643 cap.
857 3590 944 3638 10,
969 3571 1036 3624 de
1061 3573 1384 3642 argumentis
1411 3569 1489 3642 §§·
1516 3569 1618 3638 95,
1706 3595 1857 3627 «non
1883 3575 2139 3628 debere.»
2170 3577 2349 3628 AEnon.

609 3671 698 3724 97,
719 3653 815 3704 ubi
834 3652 900 3706 de
923 3673 987 3705 eo
1009 3653 1266 3725 loquitur,
1286 3653 1433 3725 quod
1453 3653 1619 3704 Graeci
1774 3675 1820 3710 2.
1854 3657 1932 3709 Ac
1966 3669 2092 3709 tum.
2127 3659 2311 3710 Nesc1'o
2342 3660 2459 3730 quis
2488 3660 2555 3710 sit
2584 3661 2705 3712 iste:

617 3732 722 3783 καθ’
751 3720 966 3785 §riflum
987 3732 1284 3804 appellant;
1309 3745 1362 3784 et
1379 3731 1472 3784 hb
1496 3731 1617 3796 VH,
1700 3756 1807 3794 non
1830 3738 1966 3790 stetit
1991 3737 2043 3787 in
2068 3738 2211 3788 acie.-
2236 3755 2298 3787 ac
2324 3748 2499 3788 tamen
2531 3737 2645 3804 5111,
2669 3739 2711 3790 si

609 3835 728 3886 cap.
750 3832 800 3865 2.
814 3814 1042 3878 Seneca,
1058 3814 1147 3864 lib.
1166 3815 1236 3878 11,
1253 3817 1506 3867 Controv.
1526 3829 1613 3864 ¹2:
1702 3817 1968 3879 vicissent,
2004 3829 2103 3867 etc.
2139 3815 2355 3866 Senum.
2388 3814 2468 3866 Ac
2504 3829 2615 3868 tum
2654 3837 2703 3867 n.

613 3896 810 3948 ..Latro
826 3896 1094 3964 eleganter
1108 3894 1505 3967 dicebat,quas‹
1492 3895 1615 3945 dam
1696 3915 1746 3968 q.
1784 3897 1892 3946 iste.
1926 3912 2056 3945 num
2092 3893 2228 3947 stetit
2264 3894 2319 3946 in
2355 3895 2507 3946 acie?
2536 3896 2581 3948 si
2620 3895 2708 3948 ille

613 3998 636 4023 α
659 3995 772 4029 esse
789 3979 1128 4047 quaestiones,
1142 3995 1256 4047 quae
1273 3975 1523 4028 deberem
1538 3977 1617 4026 in-
1696 3977 1917 4040 vicisset,
1938 3984 2134 4046 peteret
2156 3973 2489 4044 tyrannidem
2514 3987 2565 4028 et
2592 3977 2706 4028 vin-

611 4075 635 4101 κ
656 4069 737 4105 ter
753 4074 835 4108 res
844 4057 1109 4128 judicatas
1127 4057 1328 4121 referri,
1346 4069 1615 4126 tamquam
1696 4054 1893 4106 dicaret
1910 4093 1927 4119 ,
1962 4051 2141 4104 AErod.
2180 4053 2235 4109 V
2231 4053 2433 4108 icisseut
2464 4055 2705 4128 &muni-⁶

607 4155 635 4188 ι
655 4155 724 4190 an
749 4138 1008 4212 quidquid
1035 4142 1294 4216 optaverit
1320 4141 1400 4197 vir
1425 4139 1581 4192 fortis
1596 4176 1613 4208 ,
1694 4135 1842 4199 dem,
1863 4145 1914 4188 et
1936 4155 1984 4188 v.
2008 4153 2173 4208 marg.
