2855 4871
596 413 695 480 36·
1094 413 1185 476 Μ.
1233 409 1488 474 FABH
1533 410 2177 493 QUlNTlLlAM

597 565 741 610 esse
774 534 1217 624 crediderim,
1248 555 1325 605 ut
1356 533 1656 632 impetus
1685 533 1771 606 ad
1807 535 2078 608 illicitas
2107 534 2437 610 libidines
2473 535 2658 611 habe-

594 673 719 725 ret.
751 653 903 722 Hoc
928 650 1113 738 dico,
1144 649 1328 720 hanc
1358 669 1640 720 tantum
1663 648 1809 720 vult
1843 677 2076 748 rapere
2105 651 2480 749 parasitus:
2511 680 2659 751 age,

593 795 739 840 non
772 766 970 842 vultis
1004 764 1330 866 adjiciam
1368 763 1581 852 illud;
1616 765 1805 836 unde
1831 792 2084 856 manus
2114 765 2264 856 illa,
2295 795 2436 866 qua
2469 795 2660 866 expu—

594 875 783 984 gnati
813 881 1100 956 sumus?
1127 880 1317 952 unde
1345 900 1582 952 tantus
1611 907 1691 951 ac
1719 902 1858 952 tam
1890 883 2166 980 prorsus
2187 899 2204 928 ¹
2259 883 2517 956 domus*
2541 906 2659 966 tuae

590 993 1193 1069 tumultus?.unde
1238 992 1540 1092 denique
1571 994 1772 1066 solvit
1805 995 1993 1092 quod
2031 997 2181 1095 lege
2223 997 2560 1070 debetur?
2601 999 2663 1071 Si

590 1111 918 1184 credibile
944 1122 1111 1198 est2,
1142 1106 1330 1207 quod
1355 1105 1764 1206 opponitur,
1790 1107 1942 1208 jam
1972 1131 2153 1182 certe
2189 1112 2510 1184 relictum
2541 1133 2660 1201 est,

588 1248 669 1300 ut
696 1254 775 1299 ea
802 1247 997 1326 parte
1020 1223 1278 1315 fecerit.
1306 1227 1394 1296 Et
1419 1225 1602 1295 hanc
1627 1244 1860 1296 tamen
1887 1247 2156 1324 partem
2181 1225 2210 1272 ³
2227 1230 2660 1300 excutiamus.

587 1341 956 1418 summisit
1000 1361 1381 1439 raptorem:
1432 1340 1678 1411 habuit
1723 1341 1915 1413 enim
1963 1369 2242 1414 causam
2281 1371 2296 1414 :
2341 1344 2662 1416 eumdem

585 1459 927 1550 honorem
947 1457 1248 1554 virgines
1272 1456 1792 1554 competebant3
1818 1479 2050 1530 nostra
2077 1457 2221 1530 filia
2249 1460 2664 1532 summoveri

586 1575 789 1660 aliter,
806 1600 950 1645 non
982 1593 1265 1672 poterat.
1314 1571 1387 1643 Si
1420 1572 1680 1643 incerta
1712 1573 1958 1670 populi
1987 1573 2258 1674 judicia
2281 1632 2300 1665 ,
2347 1602 2497 1648 non
2526 1603 2664 1678 pro-

583 1691 775 1776 fessae
796 1687 1035 1788 palam
1068 1686 1427 1758 sententiae
1457 1706 1684 1757 essent
1707 1743 1726 1776 ‚
1773 1684 2072 1758 dicerem
2097 1689 2276 1760 tanti
2306 1689 2438 1762 tibi
2467 1691 2665 1764 fuisse

581 1805 688 1876 vel
710 1803 1145 1876 securitatem
1164 1799 1195 1855 4
1225 1800 1331 1874 vel
1354 1798 1930 1898 indignationem.
1960 1803 2186 1874 Nemo
2209 1825 2311 1875 est
2333 1823 2485 1876 tam
2509 1830 2667 1877 arro-

581 1919 889 2020 gans,sui
932 1917 1300 1990 aestimator
1323 1974 1342 2007 ‚
1382 1935 1462 1987 ut
1492 1941 1886 1988 accessurus
1915 1917 2006 1988 ad
2033 1918 2350 2010 comitia,
2381 1941 2457 1992 et
2489 1920 2667 2020 peri-

580 2035 824 2107 culum
840 2033 1201 2124 sortiturus
1220 2031 1710 2123 humanitatis,
1734 2058 1877 2104 non
1897 2032 2092 2104 malit
2107 2032 2260 2104 sine
2285 2033 2665 2108 adversario

581 2179 755 2223 esse:
793 2151 939 2222 haec
960 2149 1044 2221 de
1072 2147 1349 2220 incertis
1369 2145 1660 2248 judiciis
1692 2145 2012 2219 dicerem.
2045 2149 2246 2240 Quid
2274 2149 2330 2221 si
2364 2151 2458 2222 ad
2486 2178 2667 2223 secu-

577 2267 847 2340 ritates⁵
899 2289 969 2338 et
1018 2263 1536 2362 indignationes
1578 2263 1842 2336 accedit
1890 2264 2168 2336 metus?
2210 2265 2666 2339 manifestum

580 2401 726 2454 erat
758 2407 901 2452 non
934 2380 1251 2452 futuram
1286 2377 1708 2451 sacerdotem
1747 2379 1964 2451 filiam
1992 2401 2208 2453 tuam.
2239 2381 2442 2453 Forte
2479 2409 2668 2481 argu·-

580 2498 841 2570 mentis
869 2498 1001 2568 hoc
1028 2494 1311 2595 colligo:
1340 2495 1550 2593 longa
1574 2516 1642 2567 et
1665 2494 1934 2567 difficili
1957 2497 2270 2597 conjectu
2281 2525 2354 2568 ra
2379 2499 2671 2597 probau-

578 2614 749 2686 dum
785 2634 975 2711 puto.
1011 2612 1381 2707 Loquutus
1417 2630 1517 2681 est
1555 2609 1878 2708 populus.
1925 2611 1993 2682 Si
2035 2611 2172 2682 alia
2204 2638 2669 2711 quaecumque

576 2730 751 2801 mihi
779 2728 969 2801 fama
1000 2725 1441 2799 defendenda
1470 2728 1681 2817 foret,
1722 2727 2025 2799 dicerem
2060 2748 2295 2799 tamen
2315 2786 2333 2817 ,
2356 2728 2670 2827 judiceS‚

578 2870 723 2914 rem
754 2866 893 2915 esse
918 2842 1262 2914 miraculo
1302 2839 1639 2932 similem,
1666 2841 1890 2939 quod,
1925 2870 2150 2941 quum
2187 2844 2392 2941 pauci
2430 2845 2524 2917 ad
2556 2872 2669 2917 vos

653 3111 696 3145 1.
713 3093 793 3145 Ac
812 3104 917 3145 tam
934 3112 1159 3166 prorsus.
1184 3096 1460 3163 Protinus,
1485 3114 1581 3162 an,

576 3196 637 3228 ac
658 3176 831 3229 statim
848 3178 1089 3247 prorsus?
1110 3178 1328 3244 Scitum.
1345 3178 1582 3231 Latinius

572 3253 809 3325 legebat:
828 3273 889 3304 uc
910 3266 1023 3305 tum
1044 3272 1295 3327 operosus.
1321 3256 1502 3319 Forte,
1520 3272 1583 3306 ac

574 3347 685 3392 tum
718 3335 961 3406 proprius
994 3346 1095 3387 tuoe
1124 3336 1178 3386 d.
1214 3335 1478 3389 tumultus.
1512 3365 1586 3375 --

572 3414 757 3467 Solvit.
779 3414 917 3465 Male
940 3417 1060 3467 Var.
1082 3430 1134 3466 et
1152 3417 1266 3487 Rip.
1287 3414 1467 3468 solvet.
1487 3418 1578 3468 En.

646 3514 693 3548 2.
707 3496 764 3549 Si
778 3496 1033 3548 credibile.
1048 3498 1106 3550 Si
1124 3496 1440 3549 incredibile.
1459 3498 1576 3550 Seu.

643 3578 694 3630 3.
738 3578 1097 3631 Excutiamus.
1138 3578 1321 3631 Senec.
1361 3578 1573 3629 Hercul.

572 3661 691 3711 Fur.
708 3658 837 3711 580:
856 3663 1099 3711 *Veteres
1115 3663 1385 3712 excutiunt
1402 3678 1570 3711 reos.»

570 3744 789 3795 Scuuvr.
820 3742 954 3791 Hinc
982 3740 1199 3793 demum
1222 3739 1469 3793 AErodius
1495 3743 1578 3792 in-

569 3828 699 3895 cipit
734 3820 1175 3875 declamationem
1192 3860 1209 3889 ,
1249 3824 1339 3893 qui
1380 3840 1578 3893 praece-

566 3908 746 3961 dentia
772 3908 997 3977 ignorat.
1086 3936 1093 3943 ·

640 3985 690 4050 4.
716 3984 876 4035 Tanti
910 3984 1004 4035 tibi
1024 3983 1191 4051 fuisse
1223 3980 1307 4033 vel
1331 3981 1576 4034 securita-

1663 3098 1862 3149 moveri
1897 3115 2004 3149 non
2026 3109 2240 3169 posset,
2267 3113 2430 3167 quam
2457 3096 2675 3166 jactura

1660 3177 1950 3249 pudicitiae,
1971 3182 2122 3249 cujus
2147 3176 2334 3229 decem
2353 3178 2584 3231 millium
2597 3180 2676 3231 le-

1661 3260 1840 3330 gitima
1881 3262 2154 3313 aestimatio
2197 3272 2274 3311 est
2293 3296 2310 3324 ‚
2349 3258 2501 3313 dives
2541 3262 2678 3313 tanti

1661 3336 1882 3389 redemit
1909 3337 2076 3390 aleam
2103 3338 2441 3389 comitiorum
2461 3376 2480 3403 ,
2511 3353 2566 3391 et
2593 3341 2679 3391 in·

1662 3417 2048 3489 dignationem,
2070 3418 2215 3491 quod
2234 3421 2491 3489 pauperis
2512 3420 2676 3471 filiam

1660 3496 1856 3549 videret
1880 3498 2145 3548 anteferri.
2171 3498 2436 3549 AEnonmS.

1732 3577 1780 3629 5.
1815 3578 1953 3648 Quid
1982 3580 2026 3629 si
2054 3578 2124 3631 ad
2145 3579 2451 3631 securitates.
2485 3582 2680 3633 Haereo

1655 3658 1710 3710 in
1731 3656 1840 3723 his,
1861 3656 2220 3709 antecedentia
2241 3658 2382 3709 enim
2407 3656 2528 3710 haec
2555 3678 2684 3711 con·

1657 3740 1864 3791 firmare
1887 3738 2150 3804 videntur,
2181 3752 2236 3789 et
2267 3756 2456 3792 sensus
2493 3754 2680 3793 tamen

1660 3822 1770 3872 erui
1795 3838 1904 3871 non
1927 3832 2120 3889 potest.
2147 3822 2336 3883 Forte,
2365 3822 2508 3891 quid
2533 3821 2583 3875 si
2611 3820 2685 3875 ad

1659 3896 1767 3951 hoec
1795 3918 1822 3949 e
1848 3899 2056 3950 civitate
2081 3910 2132 3949 et
2162 3896 2557 3971 dediqnationis
2591 3920 2683 3953 ac·

1657 3978 1854 4028 cederet
1883 3988 2060 4028 metus.
2091 3976 2285 4027 Civitas
2318 3979 2580 4049 opposite
2613 3978 2682 4030 ad

570 4075 687 4113 tem.
705 4064 861 4115 Tanti
879 4080 1100 4133 ‚nempe
1118 4060 1304 4113 decem
1324 4058 1571 4111 millibus.
1650 4055 1879 4125 judicia:
1913 4056 1983 4105 ita
2013 4072 2134 4104 mox
2161 4054 2386 4107 civitatis
2415 4056 2686 4111 universe

570 4144 704 4196 Nam
720 4162 883 4215 quum
898 4144 1003 4197 filia
1020 4145 1267 4217 pauperis
1284 4140 1439 4199 aliter
1453 4140 1576 4195 sub·

1656 4155 1937 4191 consensus.
1963 4135 2180 4189 Senum.
