2855 4871
656 439 1502 509 DECLAMATIONES.
1548 444 1817 509 CCLx.
2209 467 2290 534 77

176 568 531 671 quamdiu
551 567 763 640 fuerit
786 567 919 642 hoc
940 568 1447 667 patrimonium
1468 623 1489 654 ,
1517 567 1612 640 sic
1634 595 1750 640 ero
1768 625 1788 658 ,
1809 567 1902 639 sic
1925 589 2117 657 utar;
2145 590 2213 640 et
2237 567 2294 640 si

178 683 577 757 defecerint
618 681 900 773 omnia,
944 709 1089 755 non
1125 703 1360 754 tamen
1406 679 1788 781 paup'erem
1829 707 1947 753 me
1991 682 2294 781 putabo,

183 827 417 900 neque
456 819 827 897 egentem:
870 799 990 870 sed
1018 825 1143 898 pro
1184 797 1318 869 illis
1361 797 1664 897 paternis
1706 789 2252 897 possessionibus
2277 855 2297 889 ,

184 913 313 987 hos
346 913 722 986 ostendam
756 913 976 1002 cives;
1013 940 1137 1012 pro
1181 911 1307 985 illo
1348 913 1643 1002 foenore,
1685 911 1877 984 hunc
1924 912 2292 1012 populum.

186 1031 277 1102 Et
313 1055 471 1129 quae
509 1049 705 1102 tanta
739 1028 1052 1128 patribus
1082 1029 1217 1116 ira,
1251 1055 1404 1127 quae
1433 1048 1624 1101 tanta
1655 1027 2020 1100 infelicitas
2049 1049 2294 1102 nostrae

188 1145 519 1234 civitatis,
561 1143 751 1244 quod
796 1143 1187 1243 reipublicae
1228 1145 1486 1233 fatum,
1535 1164 1612 1216 ut
1650 1142 1831 1216 istud
1881 1143 2140 1216 diutius
2180 1166 2300 1217 aut

186 1259 517 1362 pluribus
545 1285 820 1332 necesse
848 1258 976 1330 sit?
1000 1261 1080 1331 ‘et
1105 1285 1194 1330 ne
1227 1258 1421 1330 vobis
1455 1259 1764 1330 multum
1799 1258 2036 1330 videar
2060 1259 2299 1358 impu-

187 1398 374 1466 tare,
414 1401 564 1447 non
590 1394 755 1446 sunt
780 1374 891 1446 isti
924 1373 1195 1447 onerosi
1222 1373 1673 1446 facultatibus
1701 1373 1913 1465 meis,
1947 1401 2092 1446 non
2124 1401 2297 1475 quos

188 1490 475 1590 ampla,
514 1487 680 1587 quia
708 1487 802 1560 sic
838 1514 879 1558 a
918 1487 1325 1587 parentibus
1354 1488 1530 1559 meis
1559 1487 1927 1560 constituta
1964 1510 2063 1561 est
2083 1504 2132 1578 ¹,
2165 1490 2299 1561 for-

190 1625 371 1676 tuna
394 1629 633 1702 graves
661 1601 938 1691 sentiat3
960 1601 1125 1700 quia
1143 1601 1447 1673 vivimus
1467 1627 1697 1701 parce.
1722 1602 2172 1694 Quantulum
2199 1627 2301 1676 est

190 1718 389 1792 enim
432 1718 628 1820 quod
670 1717 1069 1817 accipiunt?
1117 1718 1546 1818 quantulum
1593 1739 1694 1790 est
1735 1719 1925 1820 quod
1969 1719 2301 1818 exigunt?

186 1861 315 1907 vos
346 1833 639 1905 fortasse
668 1831 825 1932 plus
854 1831 1453 1931 consumpseritis,
1486 1853 1716 1931 patres
1735 1889 1756 1924 ,
1790 1832 1912 1933 qui
1949 1833 2178 1906 studia
2201 1835 2300 1906 fo-

158 1948 419 2050 ·vistis,
446 1947 571 2046 qui
600 1947 689 2018 ad
720 1945 905 2017 hanc
938 1965 1207 2018 aetatem
1233 1972 1458 2044 usque
1489 1945 1785 2018 vixistis:
1817 1945 1996 2019 mihi
2033 1975 2298 2022 servare

190 2065 375 2138 cives
408 2063 575 2135 satis
602 2083 723 2136 est.
770 2067 871 2134 Ac
900 2059 1364 2134 nihilominus
1390 2061 1582 2161 quod
1611 2061 1686 2132 in
1720 2061 1883 2135 istos
1911 2062 2250 2163 impendo
2277 2121 2296 2152 ,

192 2179 251 2252 si
278 2176 590 2266 creditis,
626 2177 772 2276 ipse
795 2175 1141 2276 frugalius
1166 2176 1355 2248 vivo:
1388 2175 1737 2277 quidquid
1768 2177 1844 2250 in
1871 2176 1998 2251 hos
2025 2179 2300 2252 confer-—

190 2317 311 2368 tur
354 2313 567 2392 atque
610 2291 1043 2390 congeritur,
1087 2291 1175 2364 de
1224 2317 1383 2364 meo
1426 2311 1565 2380 est3
1612 2290 1994 2366 detrahitur
2031 2293 2302 2366 adoles·-

192 2408 443 2483 centiae
462 2407 957 2508 voluptatibus,
979 2406 1363 2481 detrahitur
1382 2407 1759 2482 concessis:
1783 2404 2052 2509 alioqui
2066 2437 2303 2507 quam·

195 2526 319 2598 diu
354 2525 429 2598 in
470 2522 581 2595 his
613 2523 817 2594 annis
855 2548 1101 2596 sumus
1137 2521 1604 2623 cupiditatum
1625 2580 1645 2613 ‚
1695 2523 1836 2597 duo
1869 2523 2080 2597 simul
2116 2550 2302 2597 asse-

194 2668 415 2739 quor3
462 2638 654 2737 quod
684 2658 751 2711 et
770 2638 1129 2721 liberalius,
1146 2656 1215 2711 et
1234 2638 1582 2738 frugalius,
1602 2638 1775 2711 vivo.

194 2848 381 2883 omnes
398 2830 631 2900 primum
646 2824 924 2878 induxerat
938 2825 1212 2879 abdicatos
1293 2830 1454 2899 coepit
1463 2828 1662 2899 passim
1673 2824 1948 2879 abdicatos
1959 2825 2300 2881 alere.AEnon.

196 2910 371 2964 alere:
398 2908 495 2963 sed
518 2908 611 2960 ubi
630 2906 797 2960 semel
818 2906 887 2958 ab
916 2926 1024 2961 uno
1050 2924 1211 2978 roga·
1294 2910 1516 2981 quinon
1534 2906 1697 2959 habet
1717 2924 1894 2959 omnes
1911 2906 2044 2959 idem
2067 2926 2174 2981 roq-

196 3004 283 3044 tus
297 3004 409 3057 est,
428 2992 517 3041 eui
530 3006 727 3059 negare
740 3005 847 3039 non
862 2989 1037 3058 potuit
1056 3005 1067 3036 ε
1086 2986 1215 3039 dum
1372 3006 1391 3041 ι
1404 3028 1415 3039 .
1438 2990 1730 3043 Constituto:
1741 3000 1828 3042 est.
1846 2986 2143 3059 Eleganter,
2163 2988 2305 3045 bene

194 3071 491 3124 multorum
516 3066 743 3119 aliorum
763 3084 943 3137 parem
962 3064 1216 3118 intellexit
1294 3066 1539 3135 fundata,
1552 3066 1775 3134 firmata,
1789 3081 1848 3119 ut
1865 3086 1974 3119 non
1991 3066 2144 3121 facile
2159 3088 2301 3122 ever·

197 3172 316 3205 esse
340 3152 511 3203 vicem
547 3162 597 3201 et
630 3146 992 3200 conditionem
1009 3185 1025 3212 ,
1051 3164 1216 3219 quum
1297 3164 1378 3202 tar
1414 3148 1660 3200 omnibus
1697 3148 1870 3201 bonis.
1911 3150 1990 3201 Ita
2029 3149 2196 3202 Cicer.
2235 3150 2303 3202 ad

196 3234 405 3286 factum
422 3231 807 3296 excusantium,
822 3227 970 3301 quod
985 3227 1217 3281 abdicati
1294 3230 1443 3281 Fam.
1465 3228 1516 3293 1,
1535 3246 1599 3299 9:
1631 3250 1654 3274 ι
1674 3228 2032 3282 constitutum
2053 3231 2304 3300 patrimo·-

200 3324 383 3364 esseut
398 3350 417 3377 ,
450 3324 559 3363 tum
596 3327 811 3361 omnem
844 3326 1061 3381 operam
1091 3306 1216 3359 huic
1304 3332 1325 3357 ι
1346 3311 1494 3362 nium
1514 3334 1536 3357 n
1575 3309 1720 3361 «lixit.
1746 3309 1868 3361 vid.
1904 3308 1972 3362 ad
2003 3310 2189 3365 Vellei.
2225 3313 2303 3379 11,

198 3392 351 3447 divini
398 3384 724 3446 adolescenti
768 3388 1178 3461 pollicitantium
1198 3426 1217 3453 ,
1304 3390 1418 3442 103.
1448 3390 1614 3440 Banu.
