2855 4871
570 398 698 467 330
1069 396 1162 459 M.
1209 394 1462 459 FABII
1508 393 2149 476 QUINTILIANI

565 521 698 593 hoc
731 519 963 621 ipsum
994 538 1370 617 repugnat,
1399 517 1589 617 quod
1622 518 1710 591 ab
1745 540 2131 592 accusatore
2165 546 2291 619 pro
2322 520 2667 619 potentis-

568 638 744 711 simo
775 636 1079 736 ponitur,
1107 635 1296 733 quod
1323 634 1400 707 iu
1425 630 1746 709 cubiculo
1770 663 1895 708 suo
1920 636 2183 709 occisus
2214 658 2343 725 est,
2368 638 2565 735 quod
2590 638 2665 709 in

569 754 744 827 lecto
779 751 947 825 suo?
975 751 1150 825 nihil
1175 752 1413 823 minus
1444 752 1905 827 commisisset
1934 780 2411 851 percussurus,
2442 779 2667 852 quam

568 891 647 943 ut
669 870 800 943 hoc
830 868 894 943 ei
924 867 1354 970 objiceretur.
1385 870 1715 940 Latrones
1746 868 1951 967 longe
1978 897 2019 941 a
2046 869 2495 969 receptaculis
2522 869 2669 943 suis

570 986 905 1086 spoliant:
938 986 1240 1057 ferarum
1267 982 1737 1084 quarumdam
1766 984 2018 1057 dicitur
2044 984 2186 1057 haec
2214 1012 2355 1057 esse
2384 1006 2665 1075 natura,

570 1124 654 1177 ut
697 1100 942 1202 procul
986 1128 1028 1173 a
1074 1099 1422 1173 cubilibus
1465 1101 1749 1199 rapiant.
1798 1103 2107 1174 Fratrem
2156 1102 2549 1175 discordem
2590 1102 2667 1173 in

572 1217 822 1311 domo,
848 1216 922 1291 in
954 1215 1272 1289 cubiculo
1301 1215 1589 1307 occidit,
1621 1235 1699 1289 ut
1730 1216 1851 1315 qui
1878 1216 2165 1314 ueget¹?
2192 1217 2326 1289 Sed
2360 1244 2451 1289 ne
2474 1216 2671 1315 apud

573 1335 805 1434 ipsum
839 1332 1126 1430 quidem
1165 1354 1631 1415 accusatorem
1671 1333 1775 1403 hae
1816 1332 2030 1405 c'ausae
2072 1333 2229 1404 satis
2261 1331 2667 1405 valuerunt:

571 1475 805 1548 neque
831 1448 1022 1519 enim
1055 1448 1228 1521 servi
1257 1436 1629 1548 torquendi
1665 1448 1837 1521 ratio
1872 1469 2049 1537 erat,
2086 1448 2142 1519 si
2174 1447 2414 1521 fecisse
2440 1446 2673 1517 filium

575 1565 1076 1639 existimarem:
1120 1565 1406 1639 desinite
1452 1592 1613 1665 ergo
1652 1564 1783 1637 hoc
1822 1566 1923 1639 uti
1961 1585 2373 1663 argumento
2396 1620 2417 1655 ,
2454 1583 2527 1635 et
2560 1587 2673 1633 me

575 1700 820 1753 testem
848 1680 1052 1753 citare
1084 1700 1317 1752 contra
1343 1706 1505 1752 eum
1523 1736 1542 1769 ,
1566 1678 1685 1776 qui
1716 1679 2137 1753 defenditur.
2160 1681 2450 1751 Servum
2473 1675 2671 1749 torsi:

576 1794 732 1894 quis
769 1796 987 1869 nescit
1017 1795 1150 1868 hoc
1183 1794 1496 1869 accidere
1530 1794 1705 1868 nihil
1746 1793 2127 1867 indicanti?
2162 1808 2438 1867 sei-vum
2468 1789 2675 1879 torsi,

577 1908 1094 1983 cubicularium
1129 1910 1312 2011 ejus,
1347 1910 1473 2009 qui
1508 1910 1775 1983 occisus
1810 1930 1949 1983 est:
1986 1909 2168 1981 nihil
2200 1909 2273 1981 in
2304 1934 2495 1979 servo
2528 1932 2677 1978 sus-

575 2023 843 2124 picatus
875 2052 1035 2099 sum
1067 2025 1352 2099 alterius
1383 2026 1535 2097 filii.
1575 2028 1719 2097 Nec
1751 2045 1971 2124 potest
2005 2023 2187 2097 mihi
2220 2021 2427 2123 objici
2460 2020 2679 2119 negli-

579 2142 816 2239 gentia
846 2140 1288 2239 quaestionis3
1329 2142 1607 2239 quaesivi
1652 2141 1884 2213 enim:
1926 2167 2053 2213 uec
2088 2140 2162 2211 in
2206 2139 2334 2211 hac
2378 2137 2681 2236 diligen-

579 2254 752 2345 εἰν,
796 2252 1095 2352 suspicio
1138 2256 1462 2327 adversus
1506 2256 1732 2327 filium
1770 2255 1949 2327 alia:
1992 2255 2137 2353 ipse
2182 2254 2516 2342 demum,
2562 2250 2681 2348 qui

582 2390 728 2444 erat
754 2396 1118 2470 percussus
1137 2427 1156 2463 ,
1189 2370 1494 2471 quaesivi.
1525 2372 1723 2463 Quid
1748 2398 1910 2471 ergo
1928 2429 1947 2463 ,
1978 2370 2244 2469 inquit,
2274 2370 2348 2443 in
2374 2390 2680 2442 tormen-

581 2484 669 2560 tis
690 2487 1040 2560 confessus
1065 2487 1206 2561 est?
1231 2488 1408 2562 dura
1425 2507 1529 2560 est
1546 2488 1846 2564 conditio
1868 2486 2419 2585 interrogationis
2439 2484 2679 2586 hujus,

584 2629 810 2700 quum
849 2601 924 2673 id
955 2603 1316 2702 quaeritur,
1351 2603 1541 2701 quod
1580 2603 1635 2673 si
1678 2603 2131 2702 respondeas,
2170 2628 2315 2674 non
2358 2599 2679 2672 creditur.

585 2716 712 2792 Vis
735 2717 956 2808 enim,
981 2739 1354 2810 accusator,
1377 2745 1541 2791 voce
1570 2744 1729 2792 mea
1754 2717 1951 2791 stari?
1972 2718 2071 2790 vis
2092 2716 2369 2790 credere
2388 2713 2681 2817 judices»,

587 2831 932 2931 quidquid
967 2833 1427 2934 respondero?
1455 2833 1577 2906 das
1606 2833 1817 2907 etiam
1846 2832 2023 2906 mihi
2058 2831 2373 2932 fingendi
2404 2830 2685 2903 liberta-

587 2967 760 3020 tem:
789 2970 1068 3046 propter
1081 2949 1213 3022 hoc
1239 2951 1473 3050 ipsum
1492 2949 1782 3050 perdam
1806 2976 2085 3024 necesse
2106 2971 2206 3022 est
2224 2947 2439 3020 fidem
2454 3005 2475 3034 ,
2498 2943 2685 3046 quod

589 3058 768 3134 mihi
803 3061 1027 3136 dicere
1061 3063 1254 3157 licet,
1289 3064 1639 3163 quidquid
1664 3065 1967 3140 voluero.
2004 3069 2087 3138 In
2116 3064 2250 3136 alia
2264 3061 2319 3154 3,
2352 3061 2685 3159 inquam,

670 3263 714 3298 ι.
766 3245 834 3300 Ut
874 3248 968 3320 qui
1004 3261 1170 3322 neget.
1215 3250 1498 3304 AErodius:
1545 3263 1607 3302 ut
1686 3253 1789 3324 Qui
1808 3253 2124 3326 defenditur.
2156 3251 2262 3324 Qui
2282 3269 2419 3301 ame
2441 3247 2551 3320 def.
2580 3247 2683 3298 AEr.
2744 3277 2751 3282 ·

593 3327 732 3382 nihil
758 3341 925 3404 παρα.
961 3328 1106 3384 Idem
1133 3349 1322 3384 sensus
1349 3335 1404 3384 in
1440 3332 1603 3386 altero
1758 3353 1805 3388 a.
1828 3336 1939 3388 Nee
1960 3336 2017 3387 in
2042 3335 2139 3386 hac
2160 3333 2450 3406 diligentia.
2474 3333 2585 3394 An,
2604 3325 2689 3379 ud

595 3409 936 3480 exquisitiore
976 3427 1170 3480 genere
1207 3410 1481 3482 loquendi.
1520 3411 1605 3464 Sic
1686 3433 1779 3466 nec
1825 3415 1882 3466 in
1928 3413 2025 3466 hac
2072 3411 2403 3485 indiliqentr'a
2424 3449 2443 3476 ‚
2490 3405 2685 3460 Schult.

595 3489 704 3539 Liv.
721 3485 814 3540 lib.
832 3489 950 3554 XL,
969 3489 1031 3542 13
1051 3508 1062 3536 :
1085 3491 1328 3542 «Venena
1342 3528 1358 3556 ,
1379 3488 1605 3562 gladios,
1685 3523 1759 3535 —-
1778 3489 2231 3564 Adversusfile'um
2254 3487 2381 3540 alia.
2410 3487 2687 3540 Adversum

603 3591 624 3616 α
645 3569 948 3622 volutabam
983 3571 1036 3623 in
1071 3572 1276 3624 animoa
1313 3585 1373 3624 ut
1409 3570 1605 3644 quibus
1671 3571 1857 3646 filium
1877 3569 2043 3624 alium
2060 3609 2077 3636 ‚
2098 3573 2269 3644 ipsum
2286 3567 2569 3640 enim‚qut’
2584 3572 2689 3616 erat

605 3673 626 3696 ι
648 3650 762 3704 aliis
786 3650 977 3704 deinde
1003 3655 1166 3704 sacris
1189 3653 1607 3706 contaminatam
1684 3670 1964 3725 percussor,
1978 3651 2213 3724 quoesim'‚
2228 3648 2421 3715 vehes·
2434 3649 2539 3713 ipso
2552 3645 2687 3698 enim

605 3753 626 3776 ι
649 3731 794 3782 omni
807 3728 1004 3784 scelere
1017 3745 1246 3784 mentem
1263 3733 1561 3803 expiat-em?
1580 3757 1600 3778 n
1688 3751 1739 3805 q.
1764 3751 1807 3783 e.
1826 3731 2147 3803 percussoris,
2168 3749 2218 3802 q.
2240 3727 2442 3782 Schult.
2463 3727 2583 3797 Ipse
2600 3722 2689 3773 de·

599 3811 713 3864 Lib.
731 3813 910 3878 XLIV,
928 3812 1025 3883 39:
1049 3837 1071 3860 ι
1089 3812 1212 3866 Sine
1227 3813 1335 3866 ulla
1350 3814 1477 3868 sede
1489 3815 1609 3884 vagi
1690 3827 1837 3863 mnam
1858 3809 2117 3882 quomodo
2140 3818 2250 3861 emt
2267 3822 2531 3880 per-caesnas
2548 3817 2689 3875 φια-

608 3916 631 3939 n
647 3893 1042 3948 dimicassemus
1061 3933 1080 3952 ,
1123 3909 1182 3947 ut
1229 3915 1338 3966 quo
1383 3897 1610 3948 victores
1690 3889 1813 3955 sivi,
1838 3889 2107 3942 Francius.
2122 3888 2273 3940 —In
2294 3883 2577 3937 tormentis.
2596 3881 2689 3932 De-

609 3995 632 4018 «
651 3991 750 4026 uos
777 3975 1169 4046 reciperemus?
1185 3973 1349 4027 Giton.
1377 3973 1582 4026 Occidit
1594 4009 1611 4037 ,
1692 3980 1819 4022 sunt
1840 3966 2025 4018 AErod.

606 4051 678 4104 ita
709 4053 824 4124 quis
855 4056 1041 4126 neget?
1067 4054 1286 4108 Scitum.
1314 4081 1388 4094 --
1417 4050 1614 4104 Valuo-
1764 4046 1817 4098 3.
1851 4048 1919 4099 In
1948 4043 2076 4098 alia.
2112 4046 2179 4098 In
2208 4043 2404 4110 aliam,
2442 4044 2686 4114 inquam,

609 4142 742 4182 runt.
788 4131 973 4186 Valere
1011 4142 1290 4203 potemur,
1325 4129 1505 4185 AErod.
1544 4159 1615 4172 -
1689 4137 1909 4200 panem.
1944 4125 2161 4180 senum.
