<?xml version="1.0" encoding="UTF-8"?>
<!DOCTYPE html PUBLIC "-//W3C//DTD XHTML 1.0 Transitional//EN"
    "http://www.w3.org/TR/xhtml1/DTD/xhtml1-transitional.dtd">
<html xmlns="http://www.w3.org/1999/xhtml" xml:lang="en" lang="en">
 <head>
  <title>
</title>
<meta http-equiv="Content-Type" content="text/html;charset=utf-8" />
  <meta name='ocr-system' content='tesseract 3.04.00' />
  <meta name='ocr-capabilities' content='ocr_page ocr_carea ocr_par ocr_line ocrx_word'/>
</head>
<body>
  <div class='ocr_page' id='page_1' title='image "./marcusfabiusqui06spalgoog_0311.png"; bbox 0 0 2855 4871; ppageno 0'>
   <div class='ocr_carea' id='block_1_1' title="bbox 585 390 2161 479">
    <p class='ocr_par' dir='ltr' id='par_1_1' title="bbox 585 390 2161 479">
     <span class='ocr_line' id='line_1_1' title="bbox 585 390 2161 479; baseline -0.005 -16"><span class='ocrx_word' id='word_1_1' title='bbox 585 398 714 479; x_wconf 73' lang='lat'><strong>304</strong></span> <span class='ocrx_word' id='word_1_2' title='bbox 1081 397 1176 461; x_wconf 84' lang='lat' dir='ltr'><strong>M.</strong></span> <span class='ocrx_word' id='word_1_3' title='bbox 1223 390 1477 459; x_wconf 71' lang='lat' dir='ltr'><strong>mnu</strong></span> <span class='ocrx_word' id='word_1_4' title='bbox 1516 390 2161 473; x_wconf 76' lang='lat' dir='ltr'><strong>QUmTILlAM</strong></span> 
     </span>
    </p>
   </div>
   <div class='ocr_carea' id='block_1_2' title="bbox 574 513 2689 3152">
    <p class='ocr_par' dir='ltr' id='par_1_2' title="bbox 574 513 2689 3152">
     <span class='ocr_line' id='line_1_2' title="bbox 583 513 2631 620; baseline -0.004 -27"><span class='ocrx_word' id='word_1_5' title='bbox 583 547 743 593; x_wconf 88' lang='lat' dir='ltr'><strong>rum</strong></span> <span class='ocrx_word' id='word_1_6' title='bbox 774 549 790 593; x_wconf 78' lang='grc' dir='ltr'><em>τ</em></span> <span class='ocrx_word' id='word_1_7' title='bbox 817 541 1008 620; x_wconf 86' lang='lat' dir='ltr'><strong>pater-</strong></span> <span class='ocrx_word' id='word_1_8' title='bbox 1027 519 1380 591; x_wconf 89' lang='lat' dir='ltr'><strong>modestus</strong></span> <span class='ocrx_word' id='word_1_9' title='bbox 1408 537 1551 591; x_wconf 89' lang='lat' dir='ltr'><strong>est:</strong></span> <span class='ocrx_word' id='word_1_10' title='bbox 1590 515 1799 587; x_wconf 87' lang='lat' dir='ltr'><strong>etiam</strong></span> <span class='ocrx_word' id='word_1_11' title='bbox 1828 516 1888 588; x_wconf 91' lang='lat' dir='ltr'><strong>si</strong></span> <span class='ocrx_word' id='word_1_12' title='bbox 1915 515 2085 614; x_wconf 90' lang='lat' dir='ltr'><strong>quid</strong></span> <span class='ocrx_word' id='word_1_13' title='bbox 2114 515 2339 587; x_wconf 88' lang='lat' dir='ltr'><strong>facere</strong></span> <span class='ocrx_word' id='word_1_14' title='bbox 2366 513 2631 586; x_wconf 86' lang='lat' dir='ltr'><strong>severius</strong></span> 
     </span>
     <span class='ocr_line' id='line_1_3' title="bbox 581 626 2635 728; baseline -0.005 -19"><span class='ocrx_word' id='word_1_15' title='bbox 581 636 840 726; x_wconf 86' lang='lat' dir='ltr'><strong>voluit,</strong></span> <span class='ocrx_word' id='word_1_16' title='bbox 875 635 1184 709; x_wconf 86' lang='lat' dir='ltr'><strong>minatus</strong></span> <span class='ocrx_word' id='word_1_17' title='bbox 1211 654 1308 706; x_wconf 89' lang='lat' dir='ltr'><strong>est</strong></span> <span class='ocrx_word' id='word_1_18' title='bbox 1335 660 1350 703; x_wconf 72' lang='grc' dir='ltr'>ε</span> <span class='ocrx_word' id='word_1_19' title='bbox 1385 631 1501 704; x_wconf 88' lang='lat' dir='ltr'><strong>hic</strong></span> <span class='ocrx_word' id='word_1_20' title='bbox 1532 651 1765 703; x_wconf 86' lang='lat' dir='ltr'><strong>contra</strong></span> <span class='ocrx_word' id='word_1_21' title='bbox 1787 688 1809 722; x_wconf 85' lang='lat'><strong>,</strong></span> <span class='ocrx_word' id='word_1_22' title='bbox 1842 630 2073 728; x_wconf 84' lang='lat' dir='ltr'><strong>qualis</strong></span> <span class='ocrx_word' id='word_1_23' title='bbox 2109 626 2535 702; x_wconf 81' lang='lat' dir='ltr'><strong>adolescens?</strong></span> <span class='ocrx_word' id='word_1_24' title='bbox 2568 648 2635 699; x_wconf 87' lang='lat' dir='ltr'><strong>ut</strong></span> 
     </span>
     <span class='ocr_line' id='line_1_4' title="bbox 583 744 2635 850; baseline -0.004 -27"><span class='ocrx_word' id='word_1_25' title='bbox 583 750 763 823; x_wconf 87' lang='lat' dir='ltr'><strong>nihil</strong></span> <span class='ocrx_word' id='word_1_26' title='bbox 807 750 996 822; x_wconf 85' lang='lat' dir='ltr'><strong>aliud</strong></span> <span class='ocrx_word' id='word_1_27' title='bbox 1036 748 1410 850; x_wconf 83' lang='lat' dir='ltr'><strong>objiciam,</strong></span> <span class='ocrx_word' id='word_1_28' title='bbox 1455 774 1670 846; x_wconf 89' lang='lat' dir='ltr'><strong>quam</strong></span> <span class='ocrx_word' id='word_1_29' title='bbox 1718 744 1907 844; x_wconf 87' lang='lat' dir='ltr'><strong>quod</strong></span> <span class='ocrx_word' id='word_1_30' title='bbox 1950 746 2109 844; x_wconf 32' lang='lat' dir='ltr'><strong>ipse!</strong></span> <span class='ocrx_word' id='word_1_31' title='bbox 2137 748 2481 818; x_wconf 87' lang='lat' dir='ltr'><strong>confessus</strong></span> <span class='ocrx_word' id='word_1_32' title='bbox 2518 765 2635 831; x_wconf 86' lang='lat' dir='ltr'><strong>est,</strong></span> 
     </span>
     <span class='ocr_line' id='line_1_5' title="bbox 585 861 2635 965; baseline -0.006 -24"><span class='ocrx_word' id='word_1_33' title='bbox 585 895 797 965; x_wconf 90' lang='lat' dir='ltr'><strong>quam</strong></span> <span class='ocrx_word' id='word_1_34' title='bbox 824 866 1013 965; x_wconf 89' lang='lat' dir='ltr'><strong>quod</strong></span> <span class='ocrx_word' id='word_1_35' title='bbox 1031 866 1266 965; x_wconf 77' lang='lat' dir='ltr'><strong>gloriae</strong></span> <span class='ocrx_word' id='word_1_36' title='bbox 1283 863 1439 935; x_wconf 92' lang='lat' dir='ltr'><strong>loco</strong></span> <span class='ocrx_word' id='word_1_37' title='bbox 1460 890 1587 962; x_wconf 89' lang='lat' dir='ltr'><strong>pro</strong></span> <span class='ocrx_word' id='word_1_38' title='bbox 1606 862 1941 935; x_wconf 80' lang='lat' dir='ltr'><strong>concione</strong></span> <span class='ocrx_word' id='word_1_39' title='bbox 1962 861 2156 953; x_wconf 82' lang='lat' dir='ltr'>dixit,</span> <span class='ocrx_word' id='word_1_40' title='bbox 2174 881 2439 961; x_wconf 87' lang='lat' dir='ltr'><strong>patrem</strong></span> <span class='ocrx_word' id='word_1_41' title='bbox 2456 886 2635 932; x_wconf 87' lang='lat' dir='ltr'><strong>suum</strong></span> 
     </span>
     <span class='ocr_line' id='line_1_6' title="bbox 584 973 2645 1083; baseline -0.006 -28"><span class='ocrx_word' id='word_1_42' title='bbox 584 980 894 1055; x_wconf 91' lang='lat' dir='ltr'><strong>occidere</strong></span> <span class='ocrx_word' id='word_1_43' title='bbox 919 980 1184 1083; x_wconf 84' lang='lat' dir='ltr'><strong>potuit:</strong></span> <span class='ocrx_word' id='word_1_44' title='bbox 1211 1005 1353 1051; x_wconf 90' lang='lat' dir='ltr'><strong>non</strong></span> <span class='ocrx_word' id='word_1_45' title='bbox 1373 1004 1639 1076; x_wconf 83' lang='lat' dir='ltr'><strong>quaero,</strong></span> <span class='ocrx_word' id='word_1_46' title='bbox 1664 1004 1753 1049; x_wconf 90' lang='lat' dir='ltr'><strong>an</strong></span> <span class='ocrx_word' id='word_1_47' title='bbox 1784 976 2235 1049; x_wconf 87' lang='lat' dir='ltr'><strong>innocentem</strong></span> <span class='ocrx_word' id='word_1_48' title='bbox 2262 1004 2277 1047; x_wconf 79' lang='lat' dir='ltr'><em>z</em></span> <span class='ocrx_word' id='word_1_49' title='bbox 2306 976 2433 1047; x_wconf 88' lang='lat' dir='ltr'><strong>erit</strong></span> <span class='ocrx_word' id='word_1_50' title='bbox 2456 973 2645 1074; x_wconf 87' lang='lat' dir='ltr'><strong>hujus</strong></span> 
     </span>
     <span class='ocr_line' id='line_1_7' title="bbox 583 1088 2645 1223; baseline -0.006 -55"><span class='ocrx_word' id='word_1_51' title='bbox 583 1097 682 1168; x_wconf 87' lang='lat' dir='ltr'><strong>rei</strong></span> <span class='ocrx_word' id='word_1_52' title='bbox 729 1094 1141 1223; x_wconf 84' lang='lat' dir='ltr'><strong>procedente</strong></span> <span class='ocrx_word' id='word_1_53' title='bbox 1174 1091 1479 1167; x_wconf 76' lang='lat' dir='ltr'><strong>oratione</strong></span> <span class='ocrx_word' id='word_1_54' title='bbox 1524 1089 1727 1163; x_wconf 87' lang='lat' dir='ltr'><strong>nobis</strong></span> <span class='ocrx_word' id='word_1_55' title='bbox 1763 1090 2001 1163; x_wconf 89' lang='lat' dir='ltr'><strong>locus:</strong></span> <span class='ocrx_word' id='word_1_56' title='bbox 2036 1089 2321 1163; x_wconf 88' lang='lat' dir='ltr'><strong>interim</strong></span> <span class='ocrx_word' id='word_1_57' title='bbox 2360 1088 2645 1160; x_wconf 88' lang='lat' dir='ltr'><strong>occidere</strong></span> 
     </span>
     <span class='ocr_line' id='line_1_8' title="bbox 585 1200 2645 1338; baseline -0.006 -55"><span class='ocrx_word' id='word_1_58' title='bbox 585 1231 853 1310; x_wconf 86' lang='lat' dir='ltr'><strong>patrem</strong></span> <span class='ocrx_word' id='word_1_59' title='bbox 882 1208 1129 1338; x_wconf 80' lang='lat' dir='ltr'><strong>potuit.</strong></span> <span class='ocrx_word' id='word_1_60' title='bbox 1152 1206 1350 1300; x_wconf 89' lang='lat' dir='ltr'><strong>Quid</strong></span> <span class='ocrx_word' id='word_1_61' title='bbox 1383 1232 1527 1279; x_wconf 89' lang='lat' dir='ltr'><strong>non</strong></span> <span class='ocrx_word' id='word_1_62' title='bbox 1556 1205 1786 1279; x_wconf 87' lang='lat' dir='ltr'><strong>cadit</strong></span> <span class='ocrx_word' id='word_1_63' title='bbox 1768 1232 1841 1277; x_wconf 84' lang='lat'><strong>111</strong></span> <span class='ocrx_word' id='word_1_64' title='bbox 1876 1204 2067 1278; x_wconf 86' lang='lat' dir='ltr'><strong>hunc</strong></span> <span class='ocrx_word' id='word_1_65' title='bbox 2102 1202 2469 1276; x_wconf 85' lang='lat' dir='ltr'><strong>animum?</strong></span> <span class='ocrx_word' id='word_1_66' title='bbox 2496 1200 2645 1301; x_wconf 88' lang='lat' dir='ltr'><strong>quid</strong></span> 
     </span>
     <span class='ocr_line' id='line_1_9' title="bbox 585 1317 2651 1422; baseline -0.004 -27"><span class='ocrx_word' id='word_1_67' title='bbox 585 1351 728 1397; x_wconf 89' lang='lat' dir='ltr'><strong>non</strong></span> <span class='ocrx_word' id='word_1_68' title='bbox 764 1323 1044 1422; x_wconf 88' lang='lat' dir='ltr'><strong>recipiat</strong></span> <span class='ocrx_word' id='word_1_69' title='bbox 1066 1322 1213 1393; x_wconf 77' lang='lat' dir='ltr'><strong>haec</strong></span> <span class='ocrx_word' id='word_1_70' title='bbox 1239 1319 1627 1393; x_wconf 82' lang='lat' dir='ltr'><strong>temeritas.</strong></span> <span class='ocrx_word' id='word_1_71' title='bbox 1612 1319 1645 1373; x_wconf 62' lang='grc' dir='ltr'><strong><em>Ῥ</em></strong></span> <span class='ocrx_word' id='word_1_72' title='bbox 1672 1320 1909 1391; x_wconf 88' lang='lat' dir='ltr'><strong>minus</strong></span> <span class='ocrx_word' id='word_1_73' title='bbox 1943 1340 2043 1391; x_wconf 89' lang='lat' dir='ltr'><strong>est</strong></span> <span class='ocrx_word' id='word_1_74' title='bbox 2073 1318 2259 1419; x_wconf 88' lang='lat' dir='ltr'><strong>quod</strong></span> <span class='ocrx_word' id='word_1_75' title='bbox 2297 1332 2561 1415; x_wconf 77' lang='lat' dir='ltr'><strong>negat¹.</strong></span> <span class='ocrx_word' id='word_1_76' title='bbox 2588 1317 2651 1387; x_wconf 85' lang='lat' dir='ltr'><strong>Si</strong></span> 
     </span>
     <span class='ocr_line' id='line_1_10' title="bbox 585 1432 2651 1565; baseline -0.004 -56"><span class='ocrx_word' id='word_1_77' title='bbox 585 1435 1133 1565; x_wconf 45' lang='lat' dir='ltr'><strong>componendus·</strong></span> <span class='ocrx_word' id='word_1_78' title='bbox 1143 1434 1346 1506; x_wconf 89' lang='lat' dir='ltr'><strong>nobis</strong></span> <span class='ocrx_word' id='word_1_79' title='bbox 1373 1453 1550 1505; x_wconf 89' lang='lat' dir='ltr'><strong>esset</strong></span> <span class='ocrx_word' id='word_1_80' title='bbox 1574 1432 1825 1531; x_wconf 90' lang='lat' dir='ltr'><strong>aliquis</strong></span> <span class='ocrx_word' id='word_1_81' title='bbox 1844 1489 1862 1522; x_wconf 91' lang='lat'>‚</span> <span class='ocrx_word' id='word_1_82' title='bbox 1897 1433 2017 1532; x_wconf 90' lang='lat' dir='ltr'><strong>qui</strong></span> <span class='ocrx_word' id='word_1_83' title='bbox 2048 1434 2468 1533; x_wconf 90' lang='lat' dir='ltr'><strong>opprimeret</strong></span> <span class='ocrx_word' id='word_1_84' title='bbox 2494 1458 2651 1503; x_wconf 87' lang='lat' dir='ltr'><strong>rem-</strong></span> 
     </span>
     <span class='ocr_line' id='line_1_11' title="bbox 584 1548 2655 1652; baseline -0.001 -31"><span class='ocrx_word' id='word_1_85' title='bbox 584 1551 983 1652; x_wconf 82' lang='lat' dir='ltr'><strong>publicam,</strong></span> <span class='ocrx_word' id='word_1_86' title='bbox 1013 1550 1133 1648; x_wconf 90' lang='lat' dir='ltr'><strong>qui</strong></span> <span class='ocrx_word' id='word_1_87' title='bbox 1161 1550 1550 1623; x_wconf 87' lang='lat' dir='ltr'><strong>libertatem</strong></span> <span class='ocrx_word' id='word_1_88' title='bbox 1582 1548 1822 1648; x_wconf 87' lang='lat' dir='ltr'><strong>patriae</strong></span> <span class='ocrx_word' id='word_1_89' title='bbox 1855 1550 2123 1622; x_wconf 90' lang='lat' dir='ltr'><strong>auferre</strong></span> <span class='ocrx_word' id='word_1_90' title='bbox 2158 1569 2427 1648; x_wconf 85' lang='lat' dir='ltr'><strong>posset,</strong></span> <span class='ocrx_word' id='word_1_91' title='bbox 2448 1564 2655 1648; x_wconf 69' lang='lat' dir='ltr'><strong>quam</strong></span> 
     </span>
     <span class='ocr_line' id='line_1_12' title="bbox 585 1654 2659 1764; baseline -0.003 -24"><span class='ocrx_word' id='word_1_92' title='bbox 585 1654 870 1740; x_wconf 83' lang='lat' dir='ltr'><strong>tandem</strong></span> <span class='ocrx_word' id='word_1_93' title='bbox 891 1688 1201 1740; x_wconf 86' lang='lat' dir='ltr'><strong>mentem</strong></span> <span class='ocrx_word' id='word_1_94' title='bbox 1222 1666 1435 1739; x_wconf 88' lang='lat' dir='ltr'><strong>aliam</strong></span> <span class='ocrx_word' id='word_1_95' title='bbox 1459 1664 2054 1738; x_wconf 81' lang='lat' dir='ltr'><strong>existimaremus?</strong></span> <span class='ocrx_word' id='word_1_96' title='bbox 2076 1666 2437 1764; x_wconf 69' lang='lat' dir='ltr'><strong>fingamus</strong></span> <span class='ocrx_word' id='word_1_97' title='bbox 2454 1664 2659 1737; x_wconf 85' lang='lat' dir='ltr'><strong>homi·</strong></span> 
     </span>
     <span class='ocr_line' id='line_1_13' title="bbox 583 1778 2661 1879; baseline -0.003 -26"><span class='ocrx_word' id='word_1_98' title='bbox 583 1809 750 1853; x_wconf 88' lang='lat' dir='ltr'><strong>nem</strong></span> <span class='ocrx_word' id='word_1_99' title='bbox 783 1782 1182 1871; x_wconf 80' lang='lat' dir='ltr'><strong>crudelem3</strong></span> <span class='ocrx_word' id='word_1_100' title='bbox 1225 1780 1635 1869; x_wconf 75' lang='lat' dir='ltr'><strong>hominem,</strong></span> <span class='ocrx_word' id='word_1_101' title='bbox 1676 1780 1866 1878; x_wconf 87' lang='lat' dir='ltr'><strong>apud</strong></span> <span class='ocrx_word' id='word_1_102' title='bbox 1906 1806 2123 1879; x_wconf 87' lang='lat' dir='ltr'><strong>quem</strong></span> <span class='ocrx_word' id='word_1_103' title='bbox 2156 1779 2335 1853; x_wconf 84' lang='lat' dir='ltr'><strong>nihil</strong></span> <span class='ocrx_word' id='word_1_104' title='bbox 2372 1778 2661 1850; x_wconf 86' lang='lat' dir='ltr'><strong>habeant</strong></span> 
     </span>
     <span class='ocr_line' id='line_1_14' title="bbox 574 1894 2661 1997; baseline -0.002 -30"><span class='ocrx_word' id='word_1_105' title='bbox 574 1894 739 1996; x_wconf 89' lang='lat' dir='ltr'><strong>jura</strong></span> <span class='ocrx_word' id='word_1_106' title='bbox 779 1918 1068 1970; x_wconf 84' lang='lat' dir='ltr'><strong>naturae.</strong></span> <span class='ocrx_word' id='word_1_107' title='bbox 1105 1900 1228 1969; x_wconf 89' lang='lat' dir='ltr'><strong>Est</strong></span> <span class='ocrx_word' id='word_1_108' title='bbox 1267 1895 1591 1997; x_wconf 79' lang='lat' dir='ltr'><strong>quaedam</strong></span> <span class='ocrx_word' id='word_1_109' title='bbox 1622 1894 1963 1967; x_wconf 88' lang='lat' dir='ltr'><strong>scelerum</strong></span> <span class='ocrx_word' id='word_1_110' title='bbox 2006 1896 2317 1994; x_wconf 85' lang='lat' dir='ltr'><strong>ipsorum</strong></span> <span class='ocrx_word' id='word_1_111' title='bbox 2350 1894 2661 1981; x_wconf 83' lang='lat' dir='ltr'><strong>societas,</strong></span> 
     </span>
     <span class='ocr_line' id='line_1_15' title="bbox 584 2010 2663 2114; baseline -0.003 -30"><span class='ocrx_word' id='word_1_112' title='bbox 584 2012 758 2084; x_wconf 86' lang='lat' dir='ltr'><strong>adeo</strong></span> <span class='ocrx_word' id='word_1_113' title='bbox 803 2034 883 2085; x_wconf 91' lang='lat' dir='ltr'><strong>ut</strong></span> <span class='ocrx_word' id='word_1_114' title='bbox 919 2013 1028 2086; x_wconf 86' lang='lat' dir='ltr'><strong>vel</strong></span> <span class='ocrx_word' id='word_1_115' title='bbox 1073 2039 1218 2085; x_wconf 90' lang='lat' dir='ltr'><strong>uno</strong></span> <span class='ocrx_word' id='word_1_116' title='bbox 1263 2010 1596 2114; x_wconf 88' lang='lat' dir='ltr'><strong>appellari</strong></span> <span class='ocrx_word' id='word_1_117' title='bbox 1636 2010 1920 2083; x_wconf 88' lang='lat' dir='ltr'><strong>nomine</strong></span> <span class='ocrx_word' id='word_1_118' title='bbox 1958 2010 2663 2111; x_wconf 82' lang='lat' dir='ltr'><strong>potuerit&#39;utrumque</strong></span> 
     </span>
     <span class='ocr_line' id='line_1_16' title="bbox 585 2122 2663 2227; baseline -0.003 -28"><span class='ocrx_word' id='word_1_119' title='bbox 585 2127 1055 2227; x_wconf 86' lang='lat' dir='ltr'><strong>parricidium.</strong></span> <span class='ocrx_word' id='word_1_120' title='bbox 1091 2128 1272 2227; x_wconf 76' lang='lat' dir='ltr'><strong>Ergo</strong></span> <span class='ocrx_word' id='word_1_121' title='bbox 1307 2146 1388 2199; x_wconf 90' lang='lat' dir='ltr'><strong>ut</strong></span> <span class='ocrx_word' id='word_1_122' title='bbox 1431 2152 1513 2197; x_wconf 88' lang='lat' dir='ltr'><strong>ex</strong></span> <span class='ocrx_word' id='word_1_123' title='bbox 1542 2124 1856 2199; x_wconf 86' lang='lat' dir='ltr'><strong>aetatibus</strong></span> <span class='ocrx_word' id='word_1_124' title='bbox 1891 2146 1955 2197; x_wconf 92' lang='lat' dir='ltr'><strong>et</strong></span> <span class='ocrx_word' id='word_1_125' title='bbox 1986 2152 2067 2198; x_wconf 86' lang='lat' dir='ltr'><strong>ex</strong></span> <span class='ocrx_word' id='word_1_126' title='bbox 2094 2124 2411 2197; x_wconf 87' lang='lat' dir='ltr'><strong>moribus</strong></span> <span class='ocrx_word' id='word_1_127' title='bbox 2449 2122 2663 2196; x_wconf 85' lang='lat' dir='ltr'><strong>credi-</strong></span> 
     </span>
     <span class='ocr_line' id='line_1_17' title="bbox 583 2241 2669 2341; baseline -0.001 -28"><span class='ocrx_word' id='word_1_128' title='bbox 583 2241 794 2313; x_wconf 90' lang='lat' dir='ltr'><strong>bilius</strong></span> <span class='ocrx_word' id='word_1_129' title='bbox 825 2264 926 2314; x_wconf 86' lang='lat' dir='ltr'><strong>est</strong></span> <span class='ocrx_word' id='word_1_130' title='bbox 959 2243 1350 2315; x_wconf 85' lang='lat' dir='ltr'><strong>affectatam</strong></span> <span class='ocrx_word' id='word_1_131' title='bbox 1383 2241 1473 2313; x_wconf 89' lang='lat' dir='ltr'><strong>ab</strong></span> <span class='ocrx_word' id='word_1_132' title='bbox 1502 2243 1934 2314; x_wconf 87' lang='lat' dir='ltr'><strong>adolescente</strong></span> <span class='ocrx_word' id='word_1_133' title='bbox 1954 2297 1973 2331; x_wconf 90' lang='lat'>‚</span> <span class='ocrx_word' id='word_1_134' title='bbox 2006 2268 2221 2341; x_wconf 87' lang='lat' dir='ltr'><strong>quam</strong></span> <span class='ocrx_word' id='word_1_135' title='bbox 2251 2267 2414 2313; x_wconf 89' lang='lat' dir='ltr'><strong>sene</strong></span> <span class='ocrx_word' id='word_1_136' title='bbox 2447 2260 2669 2338; x_wconf 78' lang='lat' dir='ltr'><strong>tyran-</strong></span> 
     </span>
     <span class='ocr_line' id='line_1_18' title="bbox 585 2353 2667 2461; baseline -0.001 -34"><span class='ocrx_word' id='word_1_137' title='bbox 585 2357 826 2429; x_wconf 87' lang='lat' dir='ltr'><strong>nidem</strong></span> <span class='ocrx_word' id='word_1_138' title='bbox 846 2416 867 2450; x_wconf 85' lang='lat'>‚</span> <span class='ocrx_word' id='word_1_139' title='bbox 893 2379 1128 2430; x_wconf 84' lang='lat' dir='ltr'><strong>caetera</strong></span> <span class='ocrx_word' id='word_1_140' title='bbox 1155 2358 1388 2458; x_wconf 87' lang='lat' dir='ltr'><strong>qualia</strong></span> <span class='ocrx_word' id='word_1_141' title='bbox 1417 2356 1623 2429; x_wconf 84' lang='lat' dir='ltr'><strong>sunt?</strong></span> <span class='ocrx_word' id='word_1_142' title='bbox 1656 2384 1733 2429; x_wconf 89' lang='lat' dir='ltr'><strong>ac</strong></span> <span class='ocrx_word' id='word_1_143' title='bbox 1765 2358 2080 2461; x_wconf 90' lang='lat' dir='ltr'><strong>primum</strong></span> <span class='ocrx_word' id='word_1_144' title='bbox 2112 2378 2189 2458; x_wconf 69' lang='lat' dir='ltr'><strong>te⁸</strong></span> <span class='ocrx_word' id='word_1_145' title='bbox 2206 2357 2589 2456; x_wconf 79' lang='lat' dir='ltr'><strong>interrogo,</strong></span> <span class='ocrx_word' id='word_1_146' title='bbox 2616 2353 2667 2426; x_wconf 89' lang='lat' dir='ltr'><strong>si</strong></span> 
     </span>
     <span class='ocr_line' id='line_1_19' title="bbox 585 2469 2674 2573; baseline -0.001 -30"><span class='ocrx_word' id='word_1_147' title='bbox 585 2473 896 2545; x_wconf 86' lang='lat' dir='ltr'><strong>affectari</strong></span> <span class='ocrx_word' id='word_1_148' title='bbox 925 2472 1374 2573; x_wconf 83' lang='lat' dir='ltr'><strong>tyrannidem</strong></span> <span class='ocrx_word' id='word_1_149' title='bbox 1407 2501 1449 2545; x_wconf 91' lang='lat' dir='ltr'><strong>a</strong></span> <span class='ocrx_word' id='word_1_150' title='bbox 1474 2495 1664 2572; x_wconf 87' lang='lat' dir='ltr'><strong>patre</strong></span> <span class='ocrx_word' id='word_1_151' title='bbox 1695 2494 1813 2546; x_wconf 90' lang='lat' dir='ltr'><strong>tuo</strong></span> <span class='ocrx_word' id='word_1_152' title='bbox 1841 2472 2311 2562; x_wconf 85' lang='lat' dir='ltr'><strong>existimabas,</strong></span> <span class='ocrx_word' id='word_1_153' title='bbox 2346 2499 2474 2545; x_wconf 91' lang='lat' dir='ltr'><strong>cur</strong></span> <span class='ocrx_word' id='word_1_154' title='bbox 2500 2469 2674 2542; x_wconf 92' lang='lat' dir='ltr'><strong>occi·</strong></span> 
     </span>
     <span class='ocr_line' id='line_1_20' title="bbox 587 2585 2677 2688; baseline -0.002 -30"><span class='ocrx_word' id='word_1_155' title='bbox 587 2587 823 2676; x_wconf 75' lang='lat' dir='ltr'><strong>dereS‚</strong></span> <span class='ocrx_word' id='word_1_156' title='bbox 871 2609 1249 2688; x_wconf 83' lang='lat' dir='ltr'><strong>antequam</strong></span> <span class='ocrx_word' id='word_1_157' title='bbox 1301 2587 1819 2661; x_wconf 63' lang='lat' dir='ltr'><strong>criminarerisi’</strong></span> <span class='ocrx_word' id='word_1_158' title='bbox 1863 2614 2093 2688; x_wconf 87' lang='lat' dir='ltr'><strong>neque</strong></span> <span class='ocrx_word' id='word_1_159' title='bbox 2144 2587 2333 2660; x_wconf 90' lang='lat' dir='ltr'><strong>enim</strong></span> <span class='ocrx_word' id='word_1_160' title='bbox 2381 2585 2677 2658; x_wconf 85' lang='lat' dir='ltr'><strong>difficilis</strong></span> 
     </span>
     <span class='ocr_line' id='line_1_21' title="bbox 585 2704 2682 2808; baseline -0.001 -31"><span class='ocrx_word' id='word_1_161' title='bbox 585 2705 978 2796; x_wconf 87' lang='lat' dir='ltr'><strong>damnatio,</strong></span> <span class='ocrx_word' id='word_1_162' title='bbox 1013 2733 1140 2778; x_wconf 91' lang='lat' dir='ltr'><strong>nec</strong></span> <span class='ocrx_word' id='word_1_163' title='bbox 1173 2706 1382 2805; x_wconf 78' lang='lat' dir='ltr'><strong>longa</strong></span> <span class='ocrx_word' id='word_1_164' title='bbox 1397 2735 1425 2808; x_wconf 82' lang='lat' dir='ltr'>J</span> <span class='ocrx_word' id='word_1_165' title='bbox 1438 2704 1653 2777; x_wconf 84' lang='lat' dir='ltr'><strong>udicii</strong></span> <span class='ocrx_word' id='word_1_166' title='bbox 1683 2732 1875 2777; x_wconf 88' lang='lat' dir='ltr'><strong>mora</strong></span> <span class='ocrx_word' id='word_1_167' title='bbox 1902 2705 2317 2805; x_wconf 86' lang='lat' dir='ltr'><strong>sequebatur</strong></span> <span class='ocrx_word' id='word_1_168' title='bbox 2344 2731 2362 2774; x_wconf 90' lang='lat'>:</span> <span class='ocrx_word' id='word_1_169' title='bbox 2394 2729 2682 2802; x_wconf 84' lang='lat' dir='ltr'><strong>appara-</strong></span> 
     </span>
     <span class='ocr_line' id='line_1_22' title="bbox 585 2817 2682 2921; baseline -0.002 -28"><span class='ocrx_word' id='word_1_170' title='bbox 585 2837 737 2894; x_wconf 86' lang='lat' dir='ltr'><strong>tus²</strong></span> <span class='ocrx_word' id='word_1_171' title='bbox 773 2823 1163 2921; x_wconf 83' lang='lat' dir='ltr'><strong>tyrannidis</strong></span> <span class='ocrx_word' id='word_1_172' title='bbox 1209 2845 1357 2896; x_wconf 87' lang='lat' dir='ltr'><strong>erat</strong></span> <span class='ocrx_word' id='word_1_173' title='bbox 1401 2824 1475 2893; x_wconf 90' lang='lat' dir='ltr'><strong>in</strong></span> <span class='ocrx_word' id='word_1_174' title='bbox 1512 2823 1751 2894; x_wconf 86' lang='lat' dir='ltr'><strong>domo.</strong></span> <span class='ocrx_word' id='word_1_175' title='bbox 1796 2821 2265 2894; x_wconf 87' lang='lat' dir='ltr'><strong>Deducendus</strong></span> <span class='ocrx_word' id='word_1_176' title='bbox 2312 2842 2549 2892; x_wconf 89' lang='lat' dir='ltr'><strong>tamen</strong></span> <span class='ocrx_word' id='word_1_177' title='bbox 2598 2817 2682 2890; x_wconf 90' lang='lat' dir='ltr'><strong>ad</strong></span> 
     </span>
     <span class='ocr_line' id='line_1_23' title="bbox 587 2934 2684 3035; baseline -0 -29"><span class='ocrx_word' id='word_1_178' title='bbox 587 2938 1025 3035; x_wconf 78' lang='lat' dir='ltr'><strong>magistratus</strong></span> <span class='ocrx_word' id='word_1_179' title='bbox 1067 2967 1082 3010; x_wconf 93' lang='lat'>:</span> <span class='ocrx_word' id='word_1_180' title='bbox 1134 2959 1202 3010; x_wconf 86' lang='lat' dir='ltr'><strong>et</strong></span> <span class='ocrx_word' id='word_1_181' title='bbox 1248 2937 1381 3010; x_wconf 92' lang='lat' dir='ltr'><strong>hoc</strong></span> <span class='ocrx_word' id='word_1_182' title='bbox 1430 2959 1607 3010; x_wconf 90' lang='lat' dir='ltr'><strong>certe</strong></span> <span class='ocrx_word' id='word_1_183' title='bbox 1656 2965 1801 3010; x_wconf 88' lang='lat' dir='ltr'><strong>non</strong></span> <span class='ocrx_word' id='word_1_184' title='bbox 1851 2937 2133 3010; x_wconf 88' lang='lat' dir='ltr'><strong>difficile</strong></span> <span class='ocrx_word' id='word_1_185' title='bbox 2176 2937 2314 3008; x_wconf 86' lang='lat' dir='ltr'><strong>fuit</strong></span> <span class='ocrx_word' id='word_1_186' title='bbox 2362 2934 2684 3007; x_wconf 81' lang='lat' dir='ltr'><strong>adversus</strong></span> 
     </span>
     <span class='ocr_line' id='line_1_24' title="bbox 587 3051 2689 3152; baseline -0.002 -30"><span class='ocrx_word' id='word_1_187' title='bbox 587 3075 824 3122; x_wconf 88' lang='lat' dir='ltr'><strong>senem</strong></span> <span class='ocrx_word' id='word_1_188' title='bbox 853 3053 916 3123; x_wconf 91' lang='lat' dir='ltr'><strong>ei</strong></span> <span class='ocrx_word' id='word_1_189' title='bbox 934 3109 953 3142; x_wconf 90' lang='lat'>‚</span> <span class='ocrx_word' id='word_1_190' title='bbox 983 3052 1104 3149; x_wconf 88' lang='lat' dir='ltr'><strong>qui</strong></span> <span class='ocrx_word' id='word_1_191' title='bbox 1132 3051 1384 3124; x_wconf 91' lang='lat' dir='ltr'><strong>occidit</strong></span> <span class='ocrx_word' id='word_1_192' title='bbox 1412 3079 1578 3125; x_wconf 92' lang='lat' dir='ltr'><strong>eum</strong></span> <span class='ocrx_word' id='word_1_193' title='bbox 1598 3109 1617 3144; x_wconf 85' lang='lat'>‚</span> <span class='ocrx_word' id='word_1_194' title='bbox 1644 3079 1855 3152; x_wconf 91' lang='lat' dir='ltr'><strong>quem</strong></span> <span class='ocrx_word' id='word_1_195' title='bbox 1884 3051 2373 3123; x_wconf 88' lang='lat' dir='ltr'><strong>criminaturus</strong></span> <span class='ocrx_word' id='word_1_196' title='bbox 2400 3069 2583 3136; x_wconf 89' lang='lat' dir='ltr'><strong>erat,</strong></span> <span class='ocrx_word' id='word_1_197' title='bbox 2613 3067 2689 3119; x_wconf 91' lang='lat' dir='ltr'><strong>ut</strong></span> 
     </span>
    </p>
   </div>
   <div class='ocr_carea' id='block_1_3' title="bbox 2838 450 2842 2520">
    <p class='ocr_par' dir='ltr' id='par_1_3' title="bbox 2838 450 2842 2520">
     <span class='ocr_line' id='line_1_25' title="bbox 2838 450 2842 2520; baseline 0 0"><span class='ocrx_word' id='word_1_198' title='bbox 2838 450 2842 2520; x_wconf 95' lang='lat' dir='ltr'><strong> </strong></span> 
     </span>
    </p>
   </div>
   <div class='ocr_carea' id='block_1_4' title="bbox 2838 450 2842 2854">
    <p class='ocr_par' dir='ltr' id='par_1_4' title="bbox 2838 450 2842 2854">
     <span class='ocr_line' id='line_1_26' title="bbox 2838 450 2842 2854; baseline 0 0"><span class='ocrx_word' id='word_1_199' title='bbox 2838 450 2842 2854; x_wconf 95' lang='lat' dir='ltr'><strong> </strong></span> 
     </span>
    </p>
   </div>
   <div class='ocr_carea' id='block_1_5' title="bbox 585 3229 1602 4166">
    <p class='ocr_par' dir='ltr' id='par_1_5' title="bbox 585 3229 1602 4166">
     <span class='ocr_line' id='line_1_27' title="bbox 664 3229 1595 3303; baseline 0.005 -24"><span class='ocrx_word' id='word_1_200' title='bbox 664 3244 708 3280; x_wconf 83' lang='lat'><strong>1.</strong></span> <span class='ocrx_word' id='word_1_201' title='bbox 733 3229 916 3281; x_wconf 78' lang='lat' dir='ltr'><strong>Minus</strong></span> <span class='ocrx_word' id='word_1_202' title='bbox 939 3241 1043 3296; x_wconf 76' lang='lat' dir='ltr'><strong>est,</strong></span> <span class='ocrx_word' id='word_1_203' title='bbox 1071 3231 1214 3301; x_wconf 80' lang='lat' dir='ltr'><strong>quod</strong></span> <span class='ocrx_word' id='word_1_204' title='bbox 1235 3241 1408 3303; x_wconf 63' lang='lat' dir='ltr'><strong>negat.</strong></span> <span class='ocrx_word' id='word_1_205' title='bbox 1440 3231 1595 3284; x_wconf 63' lang='lat' dir='ltr'><strong>tetro-2</strong></span> 
     </span>
     <span class='ocr_line' id='line_1_28' title="bbox 587 3307 1596 3380; baseline 0.002 -20"><span class='ocrx_word' id='word_1_206' title='bbox 587 3307 736 3366; x_wconf 81' lang='lat' dir='ltr'><strong>dius:</strong></span> <span class='ocrx_word' id='word_1_207' title='bbox 767 3319 998 3380; x_wconf 72' lang='lat' dir='ltr'><strong>neqatur.</strong></span> <span class='ocrx_word' id='word_1_208' title='bbox 1029 3308 1209 3374; x_wconf 85' lang='lat' dir='ltr'><strong>Quare</strong></span> <span class='ocrx_word' id='word_1_209' title='bbox 1226 3311 1250 3360; x_wconf 76' lang='grc' dir='ltr'><strong>ἰ’</strong></span> <span class='ocrx_word' id='word_1_210' title='bbox 1269 3309 1433 3378; x_wconf 87' lang='lat' dir='ltr'><strong>Quod</strong></span> <span class='ocrx_word' id='word_1_211' title='bbox 1461 3310 1596 3362; x_wconf 84' lang='lat' dir='ltr'><strong>ado-</strong></span> 
     </span>
     <span class='ocr_line' id='line_1_29' title="bbox 585 3388 1597 3464; baseline 0.004 -24"><span class='ocrx_word' id='word_1_212' title='bbox 585 3388 792 3443; x_wconf 84' lang='lat' dir='ltr'><strong>lescens</strong></span> <span class='ocrx_word' id='word_1_213' title='bbox 824 3403 1012 3460; x_wconf 77' lang='lat' dir='ltr'><strong>negat,</strong></span> <span class='ocrx_word' id='word_1_214' title='bbox 1044 3409 1236 3461; x_wconf 78' lang='lat' dir='ltr'><strong>nempe</strong></span> <span class='ocrx_word' id='word_1_215' title='bbox 1267 3391 1597 3464; x_wconf 73' lang='lat' dir='ltr'><strong>tyrannidem</strong></span> 
     </span>
     <span class='ocr_line' id='line_1_30' title="bbox 587 3467 1597 3541; baseline 0 -21"><span class='ocrx_word' id='word_1_216' title='bbox 587 3467 655 3520; x_wconf 76' lang='lat' dir='ltr'><strong>ab</strong></span> <span class='ocrx_word' id='word_1_217' title='bbox 681 3487 793 3520; x_wconf 85' lang='lat' dir='ltr'><strong>sese</strong></span> <span class='ocrx_word' id='word_1_218' title='bbox 817 3469 1151 3534; x_wconf 78' lang='lat' dir='ltr'><strong>affectatam,</strong></span> <span class='ocrx_word' id='word_1_219' title='bbox 1175 3470 1349 3522; x_wconf 81' lang='lat' dir='ltr'><strong>minus</strong></span> <span class='ocrx_word' id='word_1_220' title='bbox 1373 3483 1455 3521; x_wconf 86' lang='lat' dir='ltr'><strong>est</strong></span> <span class='ocrx_word' id='word_1_221' title='bbox 1476 3489 1597 3541; x_wconf 81' lang='lat' dir='ltr'><strong>par·</strong></span> 
     </span>
     <span class='ocr_line' id='line_1_31' title="bbox 587 3544 1599 3618; baseline 0 -20"><span class='ocrx_word' id='word_1_222' title='bbox 587 3544 804 3612; x_wconf 82' lang='lat' dir='ltr'><strong>ricidio‚</strong></span> <span class='ocrx_word' id='word_1_223' title='bbox 827 3546 974 3618; x_wconf 86' lang='lat' dir='ltr'><strong>quod</strong></span> <span class='ocrx_word' id='word_1_224' title='bbox 1001 3547 1301 3600; x_wconf 80' lang='lat' dir='ltr'><strong>confitetur.</strong></span> <span class='ocrx_word' id='word_1_225' title='bbox 1333 3547 1501 3600; x_wconf 69' lang='lat' dir='ltr'><strong>Giton.</strong></span> <span class='ocrx_word' id='word_1_226' title='bbox 1525 3577 1599 3588; x_wconf 90' lang='lat'>—</span> 
     </span>
     <span class='ocr_line' id='line_1_32' title="bbox 585 3627 1596 3701; baseline 0.002 -21"><span class='ocrx_word' id='word_1_227' title='bbox 585 3627 645 3680; x_wconf 75' lang='lat' dir='ltr'><strong>Si</strong></span> <span class='ocrx_word' id='word_1_228' title='bbox 671 3629 1068 3700; x_wconf 75' lang='lat' dir='ltr'><strong>componendus.</strong></span> <span class='ocrx_word' id='word_1_229' title='bbox 1099 3629 1158 3682; x_wconf 89' lang='lat' dir='ltr'><strong>Id</strong></span> <span class='ocrx_word' id='word_1_230' title='bbox 1185 3643 1265 3682; x_wconf 86' lang='lat' dir='ltr'><strong>est</strong></span> <span class='ocrx_word' id='word_1_231' title='bbox 1286 3629 1596 3701; x_wconf 71' lang='lat' dir='ltr'><strong>fingendus,</strong></span> 
     </span>
     <span class='ocr_line' id='line_1_33' title="bbox 589 3709 1597 3780; baseline 0.002 -20"><span class='ocrx_word' id='word_1_232' title='bbox 589 3721 648 3762; x_wconf 83' lang='lat' dir='ltr'><strong>ut</strong></span> <span class='ocrx_word' id='word_1_233' title='bbox 699 3731 722 3754; x_wconf 71' lang='grc' dir='ltr'>ι</span> <span class='ocrx_word' id='word_1_234' title='bbox 744 3712 1051 3780; x_wconf 72' lang='lat' dir='ltr'><strong>compositae</strong></span> <span class='ocrx_word' id='word_1_235' title='bbox 1096 3709 1286 3762; x_wconf 74' lang='lat' dir='ltr'><strong>fabula:</strong></span> <span class='ocrx_word' id='word_1_236' title='bbox 1312 3734 1334 3758; x_wconf 74' lang='grc' dir='ltr'>ι</span> <span class='ocrx_word' id='word_1_237' title='bbox 1385 3712 1597 3763; x_wconf 83' lang='lat' dir='ltr'><strong>Petron.</strong></span> 
     </span>
     <span class='ocr_line' id='line_1_34' title="bbox 585 3791 1592 3855; baseline -0.001 -12"><span class='ocrx_word' id='word_1_238' title='bbox 585 3793 722 3845; x_wconf 84' lang='lat' dir='ltr'><strong>Just.</strong></span> <span class='ocrx_word' id='word_1_239' title='bbox 739 3791 829 3855; x_wconf 83' lang='lat' dir='ltr'><strong>IV,</strong></span> <span class='ocrx_word' id='word_1_240' title='bbox 853 3808 893 3842; x_wconf 86' lang='grc' dir='ltr'><strong>ι.</strong></span> <span class='ocrx_word' id='word_1_241' title='bbox 911 3791 1134 3844; x_wconf 71' lang='lat' dir='ltr'><strong>Senum.</strong></span> <span class='ocrx_word' id='word_1_242' title='bbox 1150 3791 1272 3844; x_wconf 84' lang='lat' dir='ltr'><strong>vid.</strong></span> <span class='ocrx_word' id='word_1_243' title='bbox 1296 3791 1364 3844; x_wconf 83' lang='lat' dir='ltr'><strong>ad</strong></span> <span class='ocrx_word' id='word_1_244' title='bbox 1383 3794 1592 3843; x_wconf 84' lang='lat' dir='ltr'><strong>Petron.</strong></span> 
     </span>
     <span class='ocr_line' id='line_1_35' title="bbox 589 3868 1595 3942; baseline -0.003 -20"><span class='ocrx_word' id='word_1_245' title='bbox 589 3889 706 3942; x_wconf 83' lang='lat' dir='ltr'><strong>cap.</strong></span> <span class='ocrx_word' id='word_1_246' title='bbox 736 3871 951 3934; x_wconf 83' lang='lat' dir='ltr'><strong>cxvn;</strong></span> <span class='ocrx_word' id='word_1_247' title='bbox 981 3889 1102 3922; x_wconf 83' lang='lat' dir='ltr'><strong>narn</strong></span> <span class='ocrx_word' id='word_1_248' title='bbox 1131 3889 1200 3920; x_wconf 89' lang='lat' dir='ltr'><strong>eo</strong></span> <span class='ocrx_word' id='word_1_249' title='bbox 1225 3873 1486 3940; x_wconf 75' lang='lat' dir='ltr'><strong>respicere</strong></span> <span class='ocrx_word' id='word_1_250' title='bbox 1514 3868 1595 3921; x_wconf 88' lang='lat' dir='ltr'><strong>cl.</strong></span> 
     </span>
     <span class='ocr_line' id='line_1_36' title="bbox 585 3946 1602 4021; baseline -0.001 -21"><span class='ocrx_word' id='word_1_251' title='bbox 585 3950 755 4000; x_wconf 83' lang='lat' dir='ltr'><strong>virum</strong></span> <span class='ocrx_word' id='word_1_252' title='bbox 791 3961 942 4019; x_wconf 87' lang='lat' dir='ltr'><strong>puto.</strong></span> <span class='ocrx_word' id='word_1_253' title='bbox 976 3977 1050 3988; x_wconf 91' lang='lat'>—</span> <span class='ocrx_word' id='word_1_254' title='bbox 1077 3947 1242 4021; x_wconf 80' lang='lat' dir='ltr'><strong>Apud</strong></span> <span class='ocrx_word' id='word_1_255' title='bbox 1271 3967 1425 4020; x_wconf 82' lang='lat' dir='ltr'><strong>quem</strong></span> <span class='ocrx_word' id='word_1_256' title='bbox 1460 3946 1602 3999; x_wconf 73' lang='lat' dir='ltr'><strong><em>nihil</em></strong></span> 
     </span>
     <span class='ocr_line' id='line_1_37' title="bbox 591 4027 1598 4103; baseline -0.002 -22"><span class='ocrx_word' id='word_1_257' title='bbox 591 4027 948 4103; x_wconf 65' lang='lat' dir='ltr'><strong>habeantjura</strong></span> <span class='ocrx_word' id='word_1_258' title='bbox 968 4040 1185 4084; x_wconf 68' lang='grc' dir='ltr'><strong>παίωνα.</strong></span> <span class='ocrx_word' id='word_1_259' title='bbox 1207 4027 1435 4098; x_wconf 86' lang='lat' dir='ltr'><strong>Quidam</strong></span> <span class='ocrx_word' id='word_1_260' title='bbox 1456 4028 1598 4100; x_wconf 82' lang='lat' dir='ltr'><strong>apud</strong></span> 
     </span>
     <span class='ocr_line' id='line_1_38' title="bbox 591 4110 1597 4166; baseline 0 -4"><span class='ocrx_word' id='word_1_261' title='bbox 591 4110 862 4164; x_wconf 78' lang='lat' dir='ltr'><strong>AErodium</strong></span> <span class='ocrx_word' id='word_1_262' title='bbox 905 4111 1133 4166; x_wconf 79' lang='lat' dir='ltr'><strong>valeant.</strong></span> <span class='ocrx_word' id='word_1_263' title='bbox 1176 4113 1380 4165; x_wconf 83' lang='lat' dir='ltr'><strong>Forsan</strong></span> <span class='ocrx_word' id='word_1_264' title='bbox 1421 4122 1597 4162; x_wconf 82' lang='lat' dir='ltr'><strong>tamen</strong></span> 
     </span>
    </p>
   </div>
   <div class='ocr_carea' id='block_1_6' title="bbox 1676 3223 2695 3944">
    <p class='ocr_par' dir='ltr' id='par_1_6' title="bbox 1676 3223 2695 3706">
     <span class='ocr_line' id='line_1_39' title="bbox 1676 3223 2693 3301; baseline -0.006 -19"><span class='ocrx_word' id='word_1_265' title='bbox 1676 3232 1883 3301; x_wconf 84' lang='lat' dir='ltr'><strong>scripsit</strong></span> <span class='ocrx_word' id='word_1_266' title='bbox 1916 3243 2107 3282; x_wconf 85' lang='lat' dir='ltr'><strong>auctor</strong></span> <span class='ocrx_word' id='word_1_267' title='bbox 2121 3252 2135 3280; x_wconf 78' lang='lat' dir='ltr'>z</span> <span class='ocrx_word' id='word_1_268' title='bbox 2168 3227 2331 3299; x_wconf 71' lang='lat' dir='ltr'><strong>Apud</strong></span> <span class='ocrx_word' id='word_1_269' title='bbox 2356 3245 2512 3300; x_wconf 77' lang='lat' dir='ltr'><strong>quem</strong></span> <span class='ocrx_word' id='word_1_270' title='bbox 2552 3223 2693 3279; x_wconf 74' lang='lat' dir='ltr'><strong><em>nihil</em></strong></span> 
     </span>
     <span class='ocr_line' id='line_1_40' title="bbox 1678 3302 2687 3378; baseline -0.003 -19"><span class='ocrx_word' id='word_1_271' title='bbox 1678 3309 2007 3378; x_wconf 77' lang='lat' dir='ltr'><strong>habeatjttn‘s</strong></span> <span class='ocrx_word' id='word_1_272' title='bbox 2020 3319 2224 3360; x_wconf 80' lang='lat' dir='ltr'><strong>natura.</strong></span> <span class='ocrx_word' id='word_1_273' title='bbox 2242 3309 2408 3360; x_wconf 78' lang='lat' dir='ltr'><strong>Gnort.</strong></span> <span class='ocrx_word' id='word_1_274' title='bbox 2426 3302 2687 3372; x_wconf 74' lang='lat' dir='ltr'><strong>Valeant,</strong></span> 
     </span>
     <span class='ocr_line' id='line_1_41' title="bbox 1678 3387 2688 3458; baseline -0.007 -16"><span class='ocrx_word' id='word_1_275' title='bbox 1678 3387 1880 3442; x_wconf 84' lang='lat' dir='ltr'><strong>Schult.</strong></span> <span class='ocrx_word' id='word_1_276' title='bbox 1908 3387 2037 3441; x_wconf 83' lang='lat' dir='ltr'><strong>Obr.</strong></span> <span class='ocrx_word' id='word_1_277' title='bbox 2055 3419 2127 3430; x_wconf 94' lang='lat'><strong>--</strong></span> <span class='ocrx_word' id='word_1_278' title='bbox 2146 3387 2402 3458; x_wconf 80' lang='lat' dir='ltr'><strong>Ipsorum.</strong></span> <span class='ocrx_word' id='word_1_279' title='bbox 2429 3387 2655 3438; x_wconf 73' lang='lat' dir='ltr'><strong>Istomm</strong></span> <span class='ocrx_word' id='word_1_280' title='bbox 2667 3422 2688 3451; x_wconf 84' lang='lat'>‚</span> 
     </span>
     <span class='ocr_line' id='line_1_42' title="bbox 1676 3465 2688 3542; baseline -0.005 -20"><span class='ocrx_word' id='word_1_281' title='bbox 1676 3473 1946 3522; x_wconf 82' lang='lat' dir='ltr'><strong>Francius.</strong></span> <span class='ocrx_word' id='word_1_282' title='bbox 1966 3500 2039 3512; x_wconf 91' lang='lat'><strong>—-</strong></span> <span class='ocrx_word' id='word_1_283' title='bbox 2052 3467 2351 3542; x_wconf 74' lang='lat' dir='ltr'><strong>Appellare.</strong></span> <span class='ocrx_word' id='word_1_284' title='bbox 2378 3465 2663 3540; x_wconf 67' lang='lat' dir='ltr'><strong>Appellare*</strong></span> <span class='ocrx_word' id='word_1_285' title='bbox 2670 3503 2688 3532; x_wconf 87' lang='lat'>‚</span> 
     </span>
     <span class='ocr_line' id='line_1_43' title="bbox 1677 3549 2695 3604; baseline -0.007 0"><span class='ocrx_word' id='word_1_286' title='bbox 1677 3550 1877 3604; x_wconf 87' lang='lat' dir='ltr'><strong>Schult.</strong></span> <span class='ocrx_word' id='word_1_287' title='bbox 1900 3552 2153 3603; x_wconf 83' lang='lat' dir='ltr'><strong>Francius</strong></span> <span class='ocrx_word' id='word_1_288' title='bbox 2172 3563 2224 3602; x_wconf 91' lang='lat' dir='ltr'><strong>et</strong></span> <span class='ocrx_word' id='word_1_289' title='bbox 2240 3549 2370 3604; x_wconf 89' lang='lat' dir='ltr'><strong>Obr.</strong></span> <span class='ocrx_word' id='word_1_290' title='bbox 2388 3577 2459 3588; x_wconf 93' lang='lat'><strong>—-</strong></span> <span class='ocrx_word' id='word_1_291' title='bbox 2480 3549 2695 3598; x_wconf 80' lang='lat' dir='ltr'><strong>Utrum·</strong></span> 
     </span>
     <span class='ocr_line' id='line_1_44' title="bbox 1676 3629 2469 3706; baseline -0.005 -22"><span class='ocrx_word' id='word_1_292' title='bbox 1676 3651 1791 3705; x_wconf 81' lang='lat' dir='ltr'><strong>que.</strong></span> <span class='ocrx_word' id='word_1_293' title='bbox 1826 3632 2098 3706; x_wconf 76' lang='lat' dir='ltr'><strong>Utcunque</strong></span> <span class='ocrx_word' id='word_1_294' title='bbox 2117 3650 2258 3704; x_wconf 80' lang='lat' dir='ltr'><strong>parr-</strong></span> <span class='ocrx_word' id='word_1_295' title='bbox 2284 3629 2469 3683; x_wconf 79' lang='lat' dir='ltr'><strong>AErod.</strong></span> 
     </span>
    </p>

    <p class='ocr_par' dir='ltr' id='par_1_7' title="bbox 1676 3709 2695 3944">
     <span class='ocr_line' id='line_1_45' title="bbox 1751 3709 2693 3783; baseline -0.004 -21"><span class='ocrx_word' id='word_1_296' title='bbox 1751 3729 1801 3762; x_wconf 84' lang='lat'><strong>2.</strong></span> <span class='ocrx_word' id='word_1_297' title='bbox 1830 3711 2147 3783; x_wconf 77' lang='lat' dir='ltr'><strong>Apparatus,</strong></span> <span class='ocrx_word' id='word_1_298' title='bbox 2178 3713 2301 3762; x_wconf 73' lang='lat' dir='ltr'><strong>Haec</strong></span> <span class='ocrx_word' id='word_1_299' title='bbox 2332 3723 2393 3761; x_wconf 83' lang='lat' dir='ltr'><strong>ut</strong></span> <span class='ocrx_word' id='word_1_300' title='bbox 2427 3709 2693 3780; x_wconf 85' lang='lat' dir='ltr'><strong>objectio-</strong></span> 
     </span>
     <span class='ocr_line' id='line_1_46' title="bbox 1678 3789 2693 3862; baseline 0 -20"><span class='ocrx_word' id='word_1_301' title='bbox 1678 3809 1827 3857; x_wconf 79' lang='lat' dir='ltr'><strong>nem,</strong></span> <span class='ocrx_word' id='word_1_302' title='bbox 1844 3805 1895 3841; x_wconf 90' lang='lat' dir='ltr'><strong>et</strong></span> <span class='ocrx_word' id='word_1_303' title='bbox 1910 3809 2098 3842; x_wconf 86' lang='lat' dir='ltr'><strong>novam</strong></span> <span class='ocrx_word' id='word_1_304' title='bbox 2117 3791 2429 3862; x_wconf 80' lang='lat' dir='ltr'><strong>periodum,</strong></span> <span class='ocrx_word' id='word_1_305' title='bbox 2444 3789 2511 3842; x_wconf 80' lang='lat' dir='ltr'><strong>ad</strong></span> <span class='ocrx_word' id='word_1_306' title='bbox 2529 3809 2693 3862; x_wconf 81' lang='lat' dir='ltr'><strong>quam</strong></span> 
     </span>
     <span class='ocr_line' id='line_1_47' title="bbox 1676 3869 2695 3944; baseline -0.002 -20"><span class='ocrx_word' id='word_1_307' title='bbox 1676 3869 2035 3944; x_wconf 84' lang='lat' dir='ltr'><strong>respondetur</strong></span> <span class='ocrx_word' id='word_1_308' title='bbox 2062 3870 2405 3942; x_wconf 80' lang='lat' dir='ltr'><strong>sequentibus</strong></span> <span class='ocrx_word' id='word_1_309' title='bbox 2432 3871 2695 3922; x_wconf 75' lang='lat' dir='ltr'><strong>deducen-</strong></span> 
     </span>
    </p>
   </div>
   <div class='ocr_carea' id='block_1_7' title="bbox 1677 3949 2693 4162">
    <p class='ocr_par' dir='ltr' id='par_1_8' title="bbox 1677 3949 2693 4162">
     <span class='ocr_line' id='line_1_48' title="bbox 1677 3949 2691 4022; baseline 0 -20"><span class='ocrx_word' id='word_1_310' title='bbox 1677 3951 1805 4014; x_wconf 80' lang='lat' dir='ltr'><strong>dus,</strong></span> <span class='ocrx_word' id='word_1_311' title='bbox 1841 3963 1943 4002; x_wconf 89' lang='lat' dir='ltr'><strong>etc.</strong></span> <span class='ocrx_word' id='word_1_312' title='bbox 1976 3949 2277 4003; x_wconf 78' lang='lat' dir='ltr'><strong>considerat</strong></span> <span class='ocrx_word' id='word_1_313' title='bbox 2308 3950 2691 4022; x_wconf 77' lang='lat' dir='ltr'><strong>Schultingius.</strong></span> 
     </span>
     <span class='ocr_line' id='line_1_49' title="bbox 1678 4029 2693 4096; baseline 0 -14"><span class='ocrx_word' id='word_1_314' title='bbox 1678 4061 1746 4070; x_wconf 89' lang='lat'><strong>--</strong></span> <span class='ocrx_word' id='word_1_315' title='bbox 1770 4031 2127 4084; x_wconf 78' lang='lat' dir='ltr'><strong>Deducendus.</strong></span> <span class='ocrx_word' id='word_1_316' title='bbox 2156 4029 2469 4084; x_wconf 74' lang='lat' dir='ltr'><strong>Educendus</strong></span> <span class='ocrx_word' id='word_1_317' title='bbox 2480 4068 2501 4096; x_wconf 89' lang='lat'>‚</span> <span class='ocrx_word' id='word_1_318' title='bbox 2520 4031 2693 4084; x_wconf 78' lang='lat' dir='ltr'><strong>Gron.</strong></span> 
     </span>
     <span class='ocr_line' id='line_1_50' title="bbox 1678 4107 2386 4162; baseline -0.004 0"><span class='ocrx_word' id='word_1_319' title='bbox 1678 4109 1747 4162; x_wconf 78' lang='lat' dir='ltr'><strong>ad</strong></span> <span class='ocrx_word' id='word_1_320' title='bbox 1768 4108 2010 4161; x_wconf 85' lang='lat' dir='ltr'><strong>Declam.</strong></span> <span class='ocrx_word' id='word_1_321' title='bbox 2034 4107 2386 4162; x_wconf 77' lang='lat' dir='ltr'><strong>CCCXLvnt.</strong></span> 
     </span>
    </p>
   </div>
  </div>
 </body>
</html>
