2855 4871
584 443 668 509 28
1088 439 1181 511 Μ.
1232 445 1482 512 FABn
1528 446 2156 533 QUINTILIAM

580 569 897 661 deferret,
916 596 1189 642 necesse
1210 569 1512 644 habebat
1527 572 1670 672 pati
1693 573 2160 645 conditionem
2183 553 2484 644 fortunae
2506 595 2671 660 suae,

579 710 774 755 nunc
798 686 1277 784 praescribendi
1302 707 1579 787 tempus
1602 689 1805 760 abiit:
1833 709 1984 761 tum
2011 689 2202 760 enim
2225 687 2674 789 praescribere

582 797 909 890 debuisti,
930 799 988 872 si
1026 821 1329 900 poteras,
1355 828 1579 900 quum
1608 802 1873 874 delatus
1902 818 2042 874 es¹:
2071 802 2240 874 etin
2264 804 2398 875 hoc
2435 803 2674 901 ipsum

576 914 1057 1014 praescribere,
1090 943 1178 988 ne
1214 916 1552 988 deferret:
1588 943 1816 1015 neque
1845 918 2037 990 enim
2072 915 2216 990 ulia
2246 914 2676 1016 praescriptio

580 1027 897 1102 inchoata
938 1029 1202 1130 judicia
1248 1031 1486 1131 peragi
1543 1052 1761 1124 vetat,
1815 1053 1883 1105 et
1924 1031 2236 1104 inchoari
2281 1029 2677 1130 aiiquando

573 1145 915 1245 prohibet.
951 1147 1151 1220 Actio
1184 1147 1324 1238 isti,
1356 1147 1472 1220 cui
1520 1149 1923 1248 praescribis,
1970 1149 2127 1220 data
2159 1171 2300 1222 est:
2347 1175 2480 1220 nec
2513 1147 2682 1218 data

576 1263 805 1335 solum
838 1319 858 1351 ,
910 1289 1151 1335 verum
1210 1265 1421 1336 etiam
1477 1263 1827 1336 inchoata.
1883 1265 2186 1337 Invicem
2241 1265 2341 1336 rei
2390 1263 2629 1335 fuistis
2661 1291 2677 1334 2

577 1377 751 1474 quid
798 1377 1039 1449 enim?
1084 1399 1162 1450 tu
1196 1379 1482 1450 initium
1515 1399 1715 1478 putas
1755 1380 2078 1469 actioniS,
2127 1405 2352 1478 quum
2394 1377 2680 1480 judices

574 1491 1053 1584 consederint,
1082 1521 1307 1593 quum
1337 1494 1425 1566 ad
1452 1492 1831 1566 dicendum
1863 1495 2230 1567 surrexerit
2253 1491 2526 1566 orator?
2555 1491 2682 1563 mi-

575 1606 813 1678 nime?
852 1606 998 1680 haec
1042 1609 1236 1680 enim
1281 1629 1358 1682 tu
1392 1609 1657 1682 fecisti²
1693 1609 2016 1682 felicitate
2048 1610 2374 1698 actionis;
2411 1629 2484 1680 et
2525 1607 2678 1694 lex,

577 1748 732 1820 quae
779 1722 1248 1820 ignominioso
1280 1752 1426 1798 non
1463 1725 1654 1797 dedit
1693 1725 2073 1816 actionem,
2117 1724 2250 1797 hoc
2297 1723 2675 1823 spectavit,

577 1862 667 1908 ne
698 1837 992 1910 omnino
1017 1839 1089 1910 in
1116 1865 1395 1912 causam
1424 1840 1768 1912 educendi
1793 1859 2202 1939 potestatem
2231 1838 2556 1928 haberet,
2588 1862 2678 1907 ne

577 1979 778 2025 reum
824 1954 1172 2047 faciendi,
1220 1983 1309 2028 ne
1342 1957 1415 2029 in
1465 1955 1857 2056 periculum
1890 1955 2360 2056 perducendi:
2417 1979 2575 2053 quae
2621 1950 2679 2022 si

578 2072 816 2143 omnia
854 2073 1010 2173 jam
1049 2075 1231 2146 facta
1261 2094 1460 2164 sunt,
1497 2094 1776 2173 tempus
1809 2072 2340 2173 praescriptionis
2375 2068 2676 2144 transiit.

575 2185 857 2258 Accedit
888 2186 1113 2276 aliud,
1151 2188 1343 2284 quod
1372 2185 1837 2287 quaerendum
1875 2207 2010 2278 est,
2044 2190 2553 2261 IGNOfflNloso
2583 2201 2681 2256 ΝΕ

574 2320 727 2388 QUA
758 2319 981 2376 ACTIO
1013 2302 1435 2405 injuriarum
1470 2330 1712 2376 earum
1739 2360 1758 2394 ,
1793 2329 1946 2402 quae
1987 2304 2178 2376 factae
2213 2303 2395 2392 sint,
2441 2320 2682 2400 postea

576 2442 792 2515 quam
826 2416 1337 2516 ignominiosus
1379 2444 1526 2491 esse
1569 2419 1793 2518 coepit.
1835 2418 2025 2491 Fecit
2053 2416 2388 2518 injuriam
2429 2413 2682 2514 aliquis

575 2528 693 2623 ei,‘
718 2533 881 2605 fecit
918 2534 1175 2605 frustra
1206 2533 1713 2633 ignominioso:
1749 2534 2021 2607 videtur
2056 2534 2295 2605 minus
2322 2556 2640 2631 peccasse
2661 2588 2680 2619 ,

573 2673 792 2746 quam
819 2648 876 2719 si
904 2649 1219 2748 aliquem
1250 2649 1469 2723 civem
1489 2706 1508 2739 ,
1550 2650 1665 2721 eui
1696 2650 1964 2748 integer
1990 2669 2200 2721 status
2234 2668 2446 2736 esset,
2475 2646 2682 2719 laesis-

572 2782 673 2833 set
701 2790 715 2833 :
746 2763 938 2834 hune
968 2782 1460 2863 contemptum
1495 2763 1740 2861 ntique
1767 2763 1998 2835 noiuit
2025 2761 2498 2834 damnationis
2515 2758 2546 2807 3
2577 2760 2684 2833 lex

577 2901 755 2966 esse,
801 2876 934 2947 nisi
960 2898 1114 2975 post
1137 2876 1694 2949 damnationem.
1727 2876 1880 2968 Hoc
1907 2895 2178 2965 autem,
2210 2875 2296 2947 de
2327 2902 2472 2973 quo
2499 2902 2685 2975 quae-

576 2988 779 3077 titur,
815 2990 1205 3063 confitearis
1238 3011 1588 3090 oporteat,
1631 3011 1866 3062 actum
1897 3016 2041 3063 esse
2074 3012 2235 3063 ante
2270 2990 2685 3063 damnatio-

578 3129 795 3176 nem:
847 3124 989 3176 tam
1042 3105 1511 3203 ignominioso
1557 3104 1783 3177 noluit
1832 3131 1975 3178 esse
2023 3106 2410 3197 actionem,
2463 3132 2684 3205 quam

582 3218 989 3318 ignominiae
1012 3219 1431 3293 vindictam:
1460 3240 1538 3291 nt
1557 3220 1614 3291 si
1627 3220 1744 3321 jus
1769 3220 2052 3292 emendi
2077 3221 2474 3293 auferretur
2497 3219 2688 3291 dam-

582 3356 791 3421 nato,
840 3355 1209 3406 manerent
1256 3355 1496 3406 tamen
1548 3360 1668 3420 ea,
1723 3359 1878 3431 quae
1930 3335 2246 3424 emisset,
2295 3354 2685 3433 antequam

582 3450 1056 3521 damnaretur.
1099 3452 1284 3548 Ergo
1317 3475 1463 3520 non
1493 3468 1804 3547 tempore
1833 3448 2252 3547 praescribiS,
2293 3473 2427 3521 nec
2455 3448 2688 3547 perire

580 3589 667 3636 ea
700 3590 905 3635 causa
949 3584 1215 3664 potest,
1264 3562 1464 3662 cujus
1513 3562 1704 3661 origo
1751 3584 1908 3633 ante
1951 3563 2487 3636 damnationem
2537 3583 2683 3635 est:

582 3680 729 3752 haec
758 3677 1061 3750 dicerem
1092 3678 1517 3776 cuicumque
1547 3696 1613 3749 et
1639 3676 1712 3748 in
1743 3702 2186 3776 quacumque
2218 3678 2516 3749 actione.
2545 3680 2690 3749 Te—

658 3936 701 3971 1.
728 3916 947 3970 Delatus
967 3935 1018 3970 es
1033 3937 1049 3966 .-
1073 3927 1127 3968 et
1150 3918 1205 3968 in
1232 3915 1346 3968 hoc.
1374 3914 1592 3969 Delatus
1673 3926 1732 3966 tu
1751 3916 1910 3987 eyistu‘.
1927 3915 2044 3968 Scn.
2063 3944 2131 3955 -—
2147 3916 2422 3970 Felicitate
2449 3919 2686 3971 actionis.

578 4018 655 4063 es,
676 4009 728 4049 et
746 3998 802 4047 in
824 3994 953 4057 hoc‚·
976 4007 1028 4047 et
1050 3986 1236 4067 postea
1249 4031 1267 4059 ,
1292 4004 1458 4060 vetat,
1479 4006 1529 4046 et
1550 3996 1593 4047 si
1669 3994 1825 4061 Lege,
1830 3992 2092 4064 felicitate
2104 3995 2269 4061 sortis,
2280 3994 2364 4047 vel
2381 3998 2687 4050 sortitionis.

584 4075 836 4127 inchoari.
858 4076 1006 4126 Pri-11.
1742 4072 1794 4122 3.
1819 4072 2007 4143 Utique
2021 4072 2392 4127 damnationis.
2409 4074 2576 4147 Lege,
2589 4074 2691 4127 uti-

656 4172 705 4209 2.
730 4156 859 4209 Hoee
886 4157 1029 4209 enim
1052 4166 1109 4209 tu
1118 4154 1337 4229 fecisti.-
1348 4152 1434 4207 Sic
1453 4154 1593 4205 enim
1673 4170 1774 4224 que
1796 4152 2070 4207 damnatis.
2095 4154 2266 4207 cnon.
