2855 4871
608 390 733 455 512
1106 388 1201 451 M.
1250 386 1502 451 men
1547 386 2190 467 QUINTILIANI

602 538 738 587 nax
765 511 1006 599 facies,
1036 523 1136 581 et¹
1179 509 1304 582 tibi
1336 530 1728 608 opportuna
1755 510 2141 583 secundum
2171 511 2322 609 ipsa
2355 511 2688 583 habitanti

602 628 835 715 litora,
866 638 1047 697 non²
1071 623 1436 723 rapienda,
1467 624 1586 695 sed
1612 624 2066 722 exspectanda
2095 624 2404 698 obsessio
2431 647 2568 698 est:
2605 628 2688 698 ita

604 741 912 831 habitas,
956 762 1033 813 ut
1074 739 1199 811 tibi
1234 740 1443 811 etiam
1487 738 2016 837 tranquillitates
2057 740 2308 839 eligere
2349 741 2688 814 fastidiose

603 859 829 931 liceat.
866 858 1045 928 Sane
1079 875 1315 929 tamen
1350 856 1647 928 adversis
1681 856 2234 954 tempestatibus,
2269 880 2340 929 et
2361 859 2690 930 saevienti-

605 975 736 1047 bus
771 1001 842 1045 se
872 972 1077 1044 undis
1106 973 1353 1043 offerre
1385 971 1704 1043 libuerit:
1741 997 1832 1043 ne
1859 971 1991 1043 hoc
2027 973 2315 1071 quidem
2354 975 2689 1072 periculo-

608 1115 765 1161 sum
788 1116 803 1160 :
832 1087 1171 1160 venientis
1200 1086 1389 1157 enim
1414 1086 1664 1157 fluctus
1681 1144 1700 1177 ,
1721 1106 1790 1158 et
1810 1088 2286 1185 consurgentis
2309 1087 2475 1160 freti
2494 1089 2686 1160 facies

608 1226 765 1276 ante
806 1222 1045 1287 terret,
1095 1227 1309 1298 quam
1352 1199 1632 1299 decipit.
1676 1199 1970 1273 Utinam
2013 1201 2307 1298 quidem
2351 1202 2682 1301 ejusmodi

606 1315 1129 1417 tempestatibus
1160 1315 1534 1412 productus
1557 1341 1734 1388 esses
1753 1372 1772 1406 ,
1801 1314 2008 1415 puer!
2044 1337 2118 1387 tu
2143 1315 2381 1414 potius
2407 1338 2680 1387 matrem

606 1434 986 1533 reliquisses
1011 1430 1061 1503 ³.
1112 1431 1432 1529 Denique
1479 1458 1619 1528 quo
1668 1453 1978 1531 tempore
2021 1430 2480 1503 submersus?
2527 1432 2682 1503 dum

606 1548 957 1648 applicant
978 1548 1245 1647 piratae,
1272 1573 1364 1619 an
1388 1546 1589 1619 ante?
1614 1547 1914 1619 necdum
1941 1546 2112 1619 scis?
2137 1568 2282 1618 tam
2319 1574 2560 1619 secura
2577 1546 2682 1618 es?

600 1663 732 1735 hoe
777 1664 977 1735 matri
1027 1690 1172 1735 non
1216 1662 1443 1735 credo.
1489 1664 1635 1735 Cur
1677 1662 1870 1734 enim
1916 1687 2126 1733 nemo
2173 1660 2680 1759 ex,paedagogis

596 1780 809 1852 vidit?
848 1781 902 1851 si
932 1780 1137 1872 vidit,
1174 1806 1298 1852 cur
1334 1779 1676 1851 laboranti
1706 1777 2042 1851 auxilium
2079 1804 2227 1849 non
2265 1778 2472 1849 tulit?
2501 1780 2678 1848 Dum

597 1894 989 1994 applicant,
1034 1920 1307 1967 necesse
1348 1914 1451 1966 est
1481 1894 1728 1990 utique
1761 1914 1927 1966 tunc
1963 1892 2216 1965 fluctus
2251 1893 2596 1981 vitaverit,
2623 1913 2680 1963 et

596 2012 741 2110 ipse
765 2039 1045 2110 quoque
1078 2012 1331 2111 piratas
1357 2012 1636 2110 fugerit.
1669 2014 1780 2082 An
1810 2038 1968 2083 vero
1996 2010 2246 2082 eodem
2281 2032 2596 2110 tempore
2623 2030 2682 2079 et

597 2125 811 2223 pirata
838 2125 1174 2224 applicat,
1204 2146 1274 2198 et
1302 2126 1551 2197 fluctus
1574 2124 1958 2224 praedatur?
1990 2150 2156 2223 rogo
2183 2152 2304 2197 vos
2324 2182 2342 2214 ,
2377 2125 2498 2224 qui
2533 2145 2678 2195 ante

596 2240 971 2313 adventum
1007 2262 1193 2313 tutus
1228 2242 1396 2332 fuit,
1433 2242 1732 2313 adventu
1767 2242 2000 2339 piratae
2034 2240 2276 2339 periit?
2309 2242 2454 2311 Cur
2486 2267 2678 2339 ergo,

596 2352 893 2453 inquit4‚
928 2381 1137 2425 nemo
1172 2354 1586 2427 clamantem
1620 2354 1883 2427 audiit?
1914 2356 2226 2454 primum
2251 2354 2526 2427 vicinus
2555 2381 2678 2424 un·

592 2472 847 2544 darum
868 2472 1293 2544 saevientium
1311 2474 1543 2571 fragor
1563 2472 1999 2546 audientium
2020 2473 2308 2544 auribus
2339 2472 2674 2546 minorem

596 2587 1005 2662 excludebat
1022 2613 1273 2661 sonum
1288 2645 1306 2679 ‚
1328 2588 1583 2660 deinde
1604 2589 1676 2660 in
1697 2609 1887 2660 tanto
1901 2587 2210 2659 tumultu
2231 2588 2672 2687 fugientium,

597 2705 998 2804 praeteriisse
1020 2731 1259 2778 vocem
1286 2731 1432 2778 non
1463 2704 1727 2776 mirum
1752 2726 1874 2777 est.
1898 2704 2090 2795 Quid
2121 2705 2213 2775 ita
2237 2730 2384 2776 non
2407 2705 2674 2776 auditus

594 2819 739 2891 est?
770 2847 859 2892 ne
884 2847 1147 2918 qua-so,
1179 2821 1438 2893 infelici
1467 2847 1682 2920 puero
1709 2821 2043 2893 vilitatem
2072 2821 2180 2892 sui
2203 2819 2672 2920 imputaverit,

596 2937 783 3030 quod
832 2935 1107 3008 relictus
1126 2937 1152 2982 ⁵
1174 2997 1191 3029 ‚
1240 2937 1429 3036 quod
1484 2938 1790 3009 desertus
1837 2958 1956 3009 est.
2007 2938 2152 3009 Cur
2195 2962 2346 3008 non
2393 2931 2676 3007 audisti?

594 3045 871 3145 longius
893 3051 1203 3147 fugeras:
1230 3053 1351 3123 sed
1375 3073 1531 3151 post
1552 3079 1810 3152 paucos
1839 3052 2018 3141 dies,
2043 3077 2294 3149 corpus
2317 3048 2670 3149 expulsum

671 3258 714 3293 1.
742 3231 941 3303 Facies,
962 3253 1013 3292 et
1036 3243 1144 3294 tibi.
1172 3243 1361 3297 Facies.
1388 3246 1492 3299 Sed
1509 3247 1602 3298 tibi
1681 3247 1799 3318 ple,
1827 3267 1984 3321 quam
2014 3247 2110 3300 illa
2146 3260 2208 3300 te.
2245 3249 2330 3300 Tu
2367 3248 2672 3300 conterritus

594 3323 946 3392 opportunitas
984 3323 1258 3374 secundum
1302 3325 1411 3395 ipsa
1450 3325 1599 3376 haba·-
1679 3337 1987 3398 tempestate
2013 3327 2165 3378 citins
2188 3325 2334 3377 illam
2359 3325 2672 3396 reliquisseS‚

594 3401 731 3476 tanti
759 3400 941 3468 litora,
966 3419 1071 3454 non
1096 3403 1374 3474 rapienda,
1402 3405 1490 3456 sed
1513 3425 1599 3457 ex·
1680 3423 1840 3476 quam
1863 3405 1954 3457 illa
1975 3420 2055 3470 te,
2073 3420 2134 3457 ut
2153 3409 2414 3478 rapereris
2433 3425 2464 3456 a
2481 3405 2674 3476 piratis.

591 3483 868 3550 spectanda
884 3485 1163 3554 processim·
1182 3483 1262 3536 vel
1286 3487 1594 3558 progressio.-
1677 3483 1841 3534 Gnon.
1891 3481 2114 3534 Matrem
2135 3523 2154 3550 ,
2197 3483 2398 3535 Schult.
2441 3482 2563 3535 Obr.
2607 3509 2676 3520 --

594 3579 689 3624 an,
710 3561 947 3631 egressio,
971 3581 1065 3627 an,
1090 3564 1320 3615 occasio?
1340 3563 1558 3615 Senum.
1676 3561 1815 3612 Dum
1845 3561 2129 3634 applicant.
2156 3563 2244 3613 An
2272 3563 2394 3614 dum
2421 3581 2535 3631 app.
2561 3561 2672 3612 AEr.

668 3639 853 3692 2.Non
871 3641 1246 3710 rapienda‚sed
1258 3644 1597 3715 exspectanda
1746 3643 1797 3706 4.
1831 3643 1933 3693 Cur
1963 3659 2082 3714 ergo
2119 3643 2309 3714 inquit.
2351 3643 2512 3710 Quum
2547 3657 2673 3712 erqo

594 3717 800 3770 obsessio
836 3727 922 3768 est.
964 3717 1067 3769 Alii
1106 3721 1248 3791 apud
1284 3723 1558 3775 AErodium
1578 3763 1595 3790 ‚
1674 3720 1909 3772 interiit?
1936 3739 2103 3773 nemo.
2137 3721 2356 3773 Senum.
2381 3749 2448 3758 —
2473 3717 2674 3770 Exclu·

592 3795 811 3848 insessio.
860 3798 1014 3848 Forte
1034 3836 1051 3864 ‚
1098 3799 1381 3854 oblectatio.
1426 3801 1592 3855 Giton.
1675 3800 1827 3851 debat
1861 3819 2059 3853 sonum.
2097 3799 2215 3852 Val.
2259 3799 2412 3851 flac,
2441 3800 2494 3862 1,
2537 3797 2670 3867 319:

596 3874 833 3940 occasio,
856 3875 986 3928 Obr.
1015 3878 1261 3931 Possessio
1276 3921 1292 3945 ‚
1318 3879 1401 3934 ed.
1429 3881 1495 3933 al.
1680 3901 1702 3925 α
1721 3879 2126 3934 Obruatldaeam
2137 3875 2534 3948 quantumtuba
2547 3895 2674 3927 mae-

663 3953 713 4003 3.
750 3953 829 4002 Tu
862 3955 1031 4022 potius
1061 3966 1263 4026 patrem
1300 3955 1592 4028 reliquisses.
1679 3981 1702 4004 ι
1723 3961 1796 4010 tia
1815 3957 2029 4009 buxum.
2053 3981 2076 4004 ι

594 4028 980 4103 Supple‚quam
996 4045 1236 4100 matrem,
1257 4038 1427 4109 inquit
1447 4039 1594 4088 AEro-
1746 4037 1795 4090 5.
1843 4037 1994 4108 Quod
2033 4037 2252 4090 relicuas.
2295 4036 2669 4108 Impurum-is,

596 4103 731 4158 dius.
754 4111 919 4162 Immo
942 4111 1085 4182 lege,
1110 4127 1324 4168 matr-em
1344 4137 1359 4166 .-
1392 4129 1445 4169 et
1471 4135 1594 4190 sup·
1671 4118 1768 4188 qui
1799 4114 2034 4186 relictus,
2062 4116 2156 4188 qui
2185 4119 2410 4172 desertus
2435 4128 2522 4169 est.
2555 4113 2664 4165 Seu.
