2855 4871
570 371 1414 439 DECLAMATIONES.
1463 374 1815 440 GCCVII.
2116 381 2240 468 237

170 520 263 571 est
274 496 741 570 misericordia
764 524 779 567 ε
816 496 937 593 qui
950 496 1275 567 misereri
1294 496 1662 595 proditoris
1681 519 1930 598 potest,
1952 499 2246 573 crudelis

170 634 262 685 est
293 643 307 686 ε
340 640 487 685 non
523 637 681 710 ergo
702 625 719 655 ¹
760 610 941 682 istud
974 609 1296 682 amicitiae
1328 631 1466 684 tuae
1501 611 1938 685 miseratione
1969 615 2192 688 fecisti
2228 643 2244 687 τ

165 730 296 829 jam
323 729 447 801 tibi
480 726 946 800 nunciabatur
978 753 1303 826 suprema
1330 742 1481 832 ¹v'mt.
1505 727 1630 799 Vis
1660 730 1832 800 scire
1867 757 2085 828 quam
2112 731 2245 805 hoc

174 870 300 916 non
319 841 629 915 amicitia
647 841 925 914 feceris?
942 868 1031 913 ne
1051 856 1511 940 torqueretur,
1537 870 1682 915 non
1704 843 1950 917 dedisti
1973 872 1986 915 :
2010 871 2248 944 passus

176 986 270 1048 es,
312 978 391 1030 ut
432 976 875 1055 torqueretur
907 983 921 1026 :
962 954 1116 1055 jam
1154 982 1341 1028 anne
1384 957 1582 1028 tertio
1612 978 2072 1056 torqueretur,
2107 960 2250 1031 mi-

178 1072 347 1145 nime
379 1071 471 1144 ad
502 1072 739 1171 ipsum
768 1070 1195 1169 pertinebat?
1225 1073 1414 1143 Bene
1433 1127 1451 1161 ,
1489 1069 1678 1170 quod
1713 1099 1968 1173 magna
1999 1074 2252 1154 scelera

182 1186 273 1258 his
306 1187 502 1287 ipsis»,
533 1185 803 1285 {quibus
836 1184 1166 1258 occultari
1198 1183 1549 1276 videntur,
1581 1186 1994 1285 aperiuntur
2025 1216 2040 1258 :
2079 1187 2252 1259 dum

181 1301 296 1374 hoc
324 1302 505 1401 agis,
538 1329 633 1373 ne
664 1300 933 1373 amicus
962 1321 1124 1372 tuus
1151 1302 1470 1391 fateatur,
1507 1300 1654 1398 ipse
1686 1304 2040 1375 confessus
2073 1328 2164 1375 ee.

496 1604 1073 1701 FINIUNT
1140 1603 1916 1726 TRACTATAE‚

574 1782 1159 1929 IDiCIPIUNT
1202 1838 1844 1929 'COLORATAE.

186 2154 2262 2179 mmmmmvmmwmmmu

954 2341 1466 2420 CCCVIII.

912 2574 1071 2644 Duo
1106 2588 1520 2647 testamenta.

188 2773 574 2833 Tem-Ama
619 2792 857 2834 omnm
904 2791 1065 2833 nau
1115 2792 1271 2834 sut-r.
1320 2774 1792 2833 lumen-roam
1841 2790 1983 2832 sum
2027 2789 2266 2832 munnio

260 2892 642 2934 nonwonuu
684 2892 845 2932 notu
885 2891 1145 2932 Pnoxmr
1187 2891 1486 2932 rmum-r.
1525 2870 1800 2947 Quidam
1839 2872 2044 2954 primo
2084 2883 2265 2931 testa-

258 2981 461 3030 mento
494 2970 768 3030 instituit
796 2967 1084 3029 heredem
1112 2969 1415 3052 amicum:
1447 2966 1719 3028 secundo
1749 2967 1948 3045 facto,
1980 2967 2264 3028 alterum.

252 3069 549 3130 Decoesit:
580 3069 877 3150 posterius
900 3078 1374 3127 testamentum²
1399 3066 1768 3127 damnatum
1793 3078 1898 3127 est.
1927 3066 2268 3148 Ambigunt

256 3163 328 3227 de
354 3164 575 3243 bonis,
596 3165 805 3248 priore
831 3175 1203 3224 testamento
1230 3163 1403 3227 heres
1430 3165 1717 3248 scriptus,
1741 3177 1802 3225 et
1821 3165 2178 3248 propinqui.

869 3309 1586 3416 DECLAMATloss

272 3513 359 3582 Et
390 3511 469 3582 in
506 3536 701 3582 more
736 3507 1064 3598 civitatiS‚
1112 3528 1181 3580 et
1225 3507 1299 3578 in
1344 3507 1614 3607 legibus
1661 3507 1968 3607 positum
2013 3527 2147 3596 est,
2191 3525 2271 3577 ut

191 3625 449 3722 quoties
486 3623 636 3696 fieri
668 3623 1002 3723 potuerit,
1046 3621 1534 3695 defunctorum
1569 3643 1979 3695 testamento
2018 3643 2268 3709 stetur;

258 3793 303 3827 ι.
321 3776 447 3828 Non
467 3793 608 3847 erqo.
626 3777 711 3826 An
736 3793 917 3847 quum,
938 3793 1005 3825 an
1024 3775 1192 3826 num?
1267 3803 1337 3814 --·
1374 3773 1516 3826 Bene
1549 3775 1702 3847 quod.
1739 3775 1881 3826 Bene
1913 3773 2065 3824 habet
2091 3769 2232 3843 quod
2250 3805 2268 3832 ,

190 3884 252 3894 -
278 3855 349 3906 Ut
386 3865 723 3926 torqueretur.
772 3853 842 3906 Ut
866 3853 1055 3916 iterum
1092 3865 1191 3905 tor*-
1268 3852 1450 3905 AErod.
1486 3881 1554 3893 —
1585 3854 1686 3906 His
1719 3853 1852 3925 ipsis.
1892 3851 1972 3903 Ab
2009 3850 2091 3903 his
2123 3849 2268 3921 ipsis,

190 3945 449 4006 queretur,
474 3933 655 3986 AErod.
672 3962 737 3972 ——
753 3935 874 3985 Jam
890 3951 1045 3984 anne.
1064 3931 1189 3982 Jam
1268 3930 1446 3983 AErod.

190 4015 327 4069 delet
356 4016 617 4068 Latinius.
648 4045 722 4055 —
751 4015 979 4067 Minime
1006 4015 1078 4066 ad
1107 4015 1190 4084 ip-
1343 4031 1391 4064 2.
1424 4013 1680 4066 Posterius
1711 4019 2088 4063 testamentum.
2124 4006 2272 4059 Prius

188 4112 314 4148 sum.
332 4095 689 4160 An‚maxime
700 4095 771 4147 ad
784 4095 954 4147 istum.
970 4095 1187 4148 Senti-‘r-
1271 4103 1309 4144 t.
1334 4109 1498 4162 marg.
1525 4087 1700 4142 AErod.
