<?xml version="1.0" encoding="UTF-8"?>
<!DOCTYPE html PUBLIC "-//W3C//DTD XHTML 1.0 Transitional//EN"
    "http://www.w3.org/TR/xhtml1/DTD/xhtml1-transitional.dtd">
<html xmlns="http://www.w3.org/1999/xhtml" xml:lang="en" lang="en">
 <head>
  <title>
</title>
<meta http-equiv="Content-Type" content="text/html;charset=utf-8" />
  <meta name='ocr-system' content='tesseract 3.04.00' />
  <meta name='ocr-capabilities' content='ocr_page ocr_carea ocr_par ocr_line ocrx_word'/>
</head>
<body>
  <div class='ocr_page' id='page_1' title='image "./marcusfabiusqui06spalgoog_0454.png"; bbox 0 0 2855 4871; ppageno 0'>
   <div class='ocr_carea' id='block_1_1' title="bbox 595 405 2381 554">
    <p class='ocr_par' dir='ltr' id='par_1_1' title="bbox 595 405 2381 554">
     <span class='ocr_line' id='line_1_1' title="bbox 595 405 2381 554; baseline 0.001 -35"><span class='ocrx_word' id='word_1_1' title='bbox 595 445 1436 544; x_wconf 81' lang='lat' dir='ltr'><strong>DECLAMATIONES.</strong></span> <span class='ocrx_word' id='word_1_2' title='bbox 1486 454 1873 522; x_wconf 89' lang='lat' dir='ltr'>CCCLIII.</span> <span class='ocrx_word' id='word_1_3' title='bbox 2158 456 2285 554; x_wconf 73' lang='lat'><strong>449&#39;</strong></span> <span class='ocrx_word' id='word_1_4' title='bbox 2369 405 2381 412; x_wconf 87' lang='lat'><em>-</em></span> 
     </span>
    </p>
   </div>
   <div class='ocr_carea' id='block_1_2' title="bbox 174 556 2283 963">
    <p class='ocr_par' dir='ltr' id='par_1_2' title="bbox 174 556 2283 963">
     <span class='ocr_line' id='line_1_2' title="bbox 175 556 2281 670; baseline 0.002 -27"><span class='ocrx_word' id='word_1_5' title='bbox 175 601 338 643; x_wconf 88' lang='lat' dir='ltr'><strong>cere</strong></span> <span class='ocrx_word' id='word_1_6' title='bbox 361 628 378 656; x_wconf 85' lang='lat'>,</span> <span class='ocrx_word' id='word_1_7' title='bbox 426 577 581 667; x_wconf 87' lang='lat' dir='ltr'><strong>quia</strong></span> <span class='ocrx_word' id='word_1_8' title='bbox 617 595 892 664; x_wconf 79' lang='lat' dir='ltr'><strong>urgetur</strong></span> <span class='ocrx_word' id='word_1_9' title='bbox 929 598 1051 664; x_wconf 86' lang='lat' dir='ltr'><strong>per</strong></span> <span class='ocrx_word' id='word_1_10' title='bbox 1097 556 1725 664; x_wconf 69' lang='lat' dir='ltr'><strong>interrogationem,</strong></span> <span class='ocrx_word' id='word_1_11' title='bbox 1776 603 1975 670; x_wconf 87' lang='lat' dir='ltr'><strong>quam</strong></span> <span class='ocrx_word' id='word_1_12' title='bbox 2020 605 2281 650; x_wconf 88' lang='lat' dir='ltr'><strong>causam</strong></span> 
     </span>
     <span class='ocr_line' id='line_1_3' title="bbox 175 681 2283 778; baseline 0.004 -27"><span class='ocrx_word' id='word_1_13' title='bbox 175 683 573 774; x_wconf 87' lang='lat' dir='ltr'><strong>deponendi</strong></span> <span class='ocrx_word' id='word_1_14' title='bbox 610 683 933 749; x_wconf 87' lang='lat' dir='ltr'><strong>habuerit.</strong></span> <span class='ocrx_word' id='word_1_15' title='bbox 971 682 1308 748; x_wconf 81' lang='lat' dir='ltr'><strong>Inficiator</strong></span> <span class='ocrx_word' id='word_1_16' title='bbox 1341 681 1517 747; x_wconf 87' lang='lat' dir='ltr'><strong>dicat</strong></span> <span class='ocrx_word' id='word_1_17' title='bbox 1553 702 1846 772; x_wconf 82' lang='lat' dir='ltr'><strong>oportet,</strong></span> <span class='ocrx_word' id='word_1_18' title='bbox 1879 687 2283 778; x_wconf 87' lang='lat' dir='ltr'><strong>dispensato-</strong></span> 
     </span>
     <span class='ocr_line' id='line_1_4' title="bbox 177 791 2281 880; baseline 0.004 -24"><span class='ocrx_word' id='word_1_19' title='bbox 177 815 330 856; x_wconf 88' lang='lat' dir='ltr'><strong>rem</strong></span> <span class='ocrx_word' id='word_1_20' title='bbox 356 815 553 857; x_wconf 87' lang='lat' dir='ltr'><strong>suum</strong></span> <span class='ocrx_word' id='word_1_21' title='bbox 579 791 783 854; x_wconf 85' lang='lat' dir='ltr'><strong>finem</strong></span> <span class='ocrx_word' id='word_1_22' title='bbox 810 806 1293 856; x_wconf 89' lang='lat' dir='ltr'><strong>tormentorum</strong></span> <span class='ocrx_word' id='word_1_23' title='bbox 1324 791 1674 879; x_wconf 78' lang='lat' dir='ltr'><strong>quaesisse3</strong></span> <span class='ocrx_word' id='word_1_24' title='bbox 1698 791 1855 860; x_wconf 91' lang='lat' dir='ltr'><strong>ideo</strong></span> <span class='ocrx_word' id='word_1_25' title='bbox 1874 797 2281 880; x_wconf 87' lang='lat' dir='ltr'><strong>confessum,</strong></span> 
     </span>
     <span class='ocr_line' id='line_1_5' title="bbox 174 896 752 963; baseline -0.005 0"><span class='ocrx_word' id='word_1_26' title='bbox 174 915 256 963; x_wconf 90' lang='lat' dir='ltr'><strong>ut</strong></span> <span class='ocrx_word' id='word_1_27' title='bbox 281 896 752 963; x_wconf 85' lang='lat' dir='ltr'><strong>dimitteretur.</strong></span> 
     </span>
    </p>
   </div>
   <div class='ocr_carea' id='block_1_3' title="bbox 177 1174 2287 1204">
    <p class='ocr_par' dir='ltr' id='par_1_3' title="bbox 177 1174 2287 1204">
     <span class='ocr_line' id='line_1_6' title="bbox 177 1174 2287 1204; baseline 0.003 -6"><span class='ocrx_word' id='word_1_28' title='bbox 177 1174 1649 1198; x_wconf 58' lang='lat' dir='ltr'><strong>mmmmmwmm</strong></span> <span class='ocrx_word' id='word_1_29' title='bbox 1652 1177 2229 1204; x_wconf 60' lang='lat' dir='ltr'><strong>mmm</strong></span> <span class='ocrx_word' id='word_1_30' title='bbox 2232 1185 2287 1204; x_wconf 59' lang='lat' dir='ltr'><strong>§fl-</strong></span> 
     </span>
    </p>
   </div>
   <div class='ocr_carea' id='block_1_4' title="bbox 1000 1392 1487 1472">
    <p class='ocr_par' dir='ltr' id='par_1_4' title="bbox 1000 1392 1487 1472">
     <span class='ocr_line' id='line_1_7' title="bbox 1000 1392 1487 1472; baseline 0.004 -2"><span class='ocrx_word' id='word_1_31' title='bbox 1000 1392 1487 1472; x_wconf 89' lang='lat' dir='ltr'>CCCLIV.</span> 
     </span>
    </p>
   </div>
   <div class='ocr_carea' id='block_1_5' title="bbox 721 1624 1753 1723">
    <p class='ocr_par' dir='ltr' id='par_1_5' title="bbox 721 1624 1753 1723">
     <span class='ocr_line' id='line_1_8' title="bbox 721 1624 1753 1723; baseline 0.002 -26"><span class='ocrx_word' id='word_1_32' title='bbox 721 1627 1084 1712; x_wconf 84' lang='lat' dir='ltr'><strong><em>Morietur,</em></strong></span> <span class='ocrx_word' id='word_1_33' title='bbox 1116 1642 1489 1723; x_wconf 83' lang='lat' dir='ltr'><strong>antequam</strong></span> <span class='ocrx_word' id='word_1_34' title='bbox 1520 1624 1753 1698; x_wconf 82' lang='lat' dir='ltr'><strong>nubat.</strong></span> 
     </span>
    </p>
   </div>
   <div class='ocr_carea' id='block_1_6' title="bbox 189 1833 2302 2410">
    <p class='ocr_par' dir='ltr' id='par_1_6' title="bbox 189 1833 2302 2410">
     <span class='ocr_line' id='line_1_9' title="bbox 189 1833 2297 1924; baseline 0.004 -25"><span class='ocrx_word' id='word_1_35' title='bbox 189 1836 470 1918; x_wconf 82' lang='lat' dir='ltr'><strong>Quidam</strong></span> <span class='ocrx_word' id='word_1_36' title='bbox 506 1835 785 1896; x_wconf 86' lang='lat' dir='ltr'><strong>nubilem</strong></span> <span class='ocrx_word' id='word_1_37' title='bbox 822 1833 1018 1895; x_wconf 86' lang='lat' dir='ltr'><strong>filiam</strong></span> <span class='ocrx_word' id='word_1_38' title='bbox 1061 1833 1332 1910; x_wconf 81' lang='lat' dir='ltr'><strong>habens,</strong></span> <span class='ocrx_word' id='word_1_39' title='bbox 1370 1856 1625 1896; x_wconf 83' lang='lat' dir='ltr'><strong>uxorem</strong></span> <span class='ocrx_word' id='word_1_40' title='bbox 1665 1849 1893 1900; x_wconf 89' lang='lat' dir='ltr'><strong>secreto</strong></span> <span class='ocrx_word' id='word_1_41' title='bbox 1931 1839 2297 1924; x_wconf 86' lang='lat' dir='ltr'><strong>loquentem</strong></span> 
     </span>
     <span class='ocr_line' id='line_1_10' title="bbox 270 1933 2297 2021; baseline 0.003 -25"><span class='ocrx_word' id='word_1_42' title='bbox 270 1957 418 1996; x_wconf 87' lang='lat' dir='ltr'><strong>cum</strong></span> <span class='ocrx_word' id='word_1_43' title='bbox 468 1934 853 1995; x_wconf 77' lang='lat' dir='ltr'><strong>adolescente</strong></span> <span class='ocrx_word' id='word_1_44' title='bbox 894 1934 1103 1994; x_wconf 80' lang='lat' dir='ltr'><strong>vicino</strong></span> <span class='ocrx_word' id='word_1_45' title='bbox 1151 1933 1431 1994; x_wconf 86' lang='lat' dir='ltr'><strong>formoso</strong></span> <span class='ocrx_word' id='word_1_46' title='bbox 1481 1933 1927 2016; x_wconf 82' lang='lat' dir='ltr'><strong>deprehendit3</strong></span> <span class='ocrx_word' id='word_1_47' title='bbox 1974 1944 2297 2021; x_wconf 63' lang='lat' dir='ltr'><strong>quaesivit,</strong></span> 
     </span>
     <span class='ocr_line' id='line_1_11' title="bbox 269 2028 2299 2116; baseline 0.003 -24"><span class='ocrx_word' id='word_1_48' title='bbox 269 2033 427 2116; x_wconf 87' lang='lat' dir='ltr'><strong>quid</strong></span> <span class='ocrx_word' id='word_1_49' title='bbox 473 2032 734 2113; x_wconf 85' lang='lat' dir='ltr'><strong>loquuta</strong></span> <span class='ocrx_word' id='word_1_50' title='bbox 776 2043 960 2092; x_wconf 85' lang='lat' dir='ltr'><strong>esset:</strong></span> <span class='ocrx_word' id='word_1_51' title='bbox 993 2028 1330 2112; x_wconf 61' lang='lat' dir='ltr'><strong>,respondit</strong></span> <span class='ocrx_word' id='word_1_52' title='bbox 1364 2031 1620 2109; x_wconf 85' lang='lat' dir='ltr'><strong>mulier,</strong></span> <span class='ocrx_word' id='word_1_53' title='bbox 1662 2033 2014 2116; x_wconf 74' lang='lat' dir='ltr'><strong>tle-nuptiis</strong></span> <span class='ocrx_word' id='word_1_54' title='bbox 2056 2035 2200 2098; x_wconf 85' lang='lat' dir='ltr'><strong>filiae</strong></span> <span class='ocrx_word' id='word_1_55' title='bbox 2236 2060 2299 2100; x_wconf 88' lang='lat' dir='ltr'><strong>se</strong></span> 
     </span>
     <span class='ocr_line' id='line_1_12' title="bbox 269 2127 2302 2214; baseline 0.003 -23"><span class='ocrx_word' id='word_1_56' title='bbox 269 2132 622 2214; x_wconf 85' lang='lat' dir='ltr'><strong>loquutam.</strong></span> <span class='ocrx_word' id='word_1_57' title='bbox 655 2131 730 2189; x_wconf 89' lang='lat' dir='ltr'><strong>Ei</strong></span> <span class='ocrx_word' id='word_1_58' title='bbox 767 2129 1022 2189; x_wconf 82' lang='lat' dir='ltr'><strong>maritus</strong></span> <span class='ocrx_word' id='word_1_59' title='bbox 1055 2127 1254 2188; x_wconf 85' lang='lat' dir='ltr'><strong>filiam</strong></span> <span class='ocrx_word' id='word_1_60' title='bbox 1291 2129 1659 2211; x_wconf 80' lang='lat' dir='ltr'><strong>despondit:</strong></span> <span class='ocrx_word' id='word_1_61' title='bbox 1698 2145 1894 2193; x_wconf 88' lang='lat' dir='ltr'><strong>mater</strong></span> <span class='ocrx_word' id='word_1_62' title='bbox 1926 2135 2044 2212; x_wconf 83' lang='lat' dir='ltr'><strong>ait,</strong></span> <span class='ocrx_word' id='word_1_63' title='bbox 2077 2157 2302 2198; x_wconf 71' lang='lat' dir='ltr'><strong>monin-</strong></span> 
     </span>
     <span class='ocr_line' id='line_1_13' title="bbox 269 2224 2297 2313; baseline 0.003 -24"><span class='ocrx_word' id='word_1_64' title='bbox 269 2249 398 2289; x_wconf 71' lang='lat' dir='ltr'><strong>Tnn</strong></span> <span class='ocrx_word' id='word_1_65' title='bbox 420 2239 436 2264; x_wconf 87' lang='lat'>¹</span> <span class='ocrx_word' id='word_1_66' title='bbox 465 2247 800 2300; x_wconf 71' lang='lat' dir='ltr'><strong>ANTEQUAM</strong></span> <span class='ocrx_word' id='word_1_67' title='bbox 826 2246 1052 2287; x_wconf 64' lang='lat' dir='ltr'><strong>nunu.</strong></span> <span class='ocrx_word' id='word_1_68' title='bbox 1079 2227 1237 2285; x_wconf 82' lang='lat' dir='ltr'><strong>Ante</strong></span> <span class='ocrx_word' id='word_1_69' title='bbox 1261 2224 1429 2288; x_wconf 88' lang='lat' dir='ltr'><strong>diem</strong></span> <span class='ocrx_word' id='word_1_70' title='bbox 1459 2229 1821 2310; x_wconf 83' lang='lat' dir='ltr'><strong>nuptiarum</strong></span> <span class='ocrx_word' id='word_1_71' title='bbox 1847 2231 2058 2313; x_wconf 89' lang='lat' dir='ltr'><strong>puella</strong></span> <span class='ocrx_word' id='word_1_72' title='bbox 2089 2234 2297 2296; x_wconf 86' lang='lat' dir='ltr'><strong>subito</strong></span> 
     </span>
     <span class='ocr_line' id='line_1_14' title="bbox 271 2323 2295 2410; baseline 0.003 -25"><span class='ocrx_word' id='word_1_73' title='bbox 271 2328 467 2410; x_wconf 85' lang='lat' dir='ltr'><strong>perit:</strong></span> <span class='ocrx_word' id='word_1_74' title='bbox 495 2323 722 2384; x_wconf 83' lang='lat' dir='ltr'><strong>livores</strong></span> <span class='ocrx_word' id='word_1_75' title='bbox 747 2337 810 2384; x_wconf 92' lang='lat' dir='ltr'><strong>et</strong></span> <span class='ocrx_word' id='word_1_76' title='bbox 836 2337 1110 2384; x_wconf 87' lang='lat' dir='ltr'><strong>tumores</strong></span> <span class='ocrx_word' id='word_1_77' title='bbox 1135 2325 1202 2384; x_wconf 90' lang='lat' dir='ltr'><strong>in</strong></span> <span class='ocrx_word' id='word_1_78' title='bbox 1226 2344 1489 2406; x_wconf 89' lang='lat' dir='ltr'><strong>corpore</strong></span> <span class='ocrx_word' id='word_1_79' title='bbox 1510 2323 1785 2387; x_wconf 86' lang='lat' dir='ltr'><strong>fuerunt.</strong></span> <span class='ocrx_word' id='word_1_80' title='bbox 1810 2327 2037 2390; x_wconf 86' lang='lat' dir='ltr'><strong>Mulier</strong></span> <span class='ocrx_word' id='word_1_81' title='bbox 2059 2349 2163 2390; x_wconf 82' lang='lat' dir='ltr'><strong>rea</strong></span> <span class='ocrx_word' id='word_1_82' title='bbox 2188 2345 2295 2394; x_wconf 80' lang='lat' dir='ltr'><strong>est.</strong></span> 
     </span>
    </p>
   </div>
   <div class='ocr_carea' id='block_1_7' title="bbox 1059 2515 1424 2584">
    <p class='ocr_par' dir='ltr' id='par_1_7' title="bbox 1059 2515 1424 2584">
     <span class='ocr_line' id='line_1_15' title="bbox 1059 2515 1424 2584; baseline -0.011 0"><span class='ocrx_word' id='word_1_83' title='bbox 1059 2515 1424 2584; x_wconf 87' lang='lat' dir='ltr'><strong>SERMO.</strong></span> 
     </span>
    </p>
   </div>
   <div class='ocr_carea' id='block_1_8' title="bbox 198 2672 2299 2971">
    <p class='ocr_par' dir='ltr' id='par_1_8' title="bbox 198 2672 2299 2971">
     <span class='ocr_line' id='line_1_16' title="bbox 283 2672 2295 2766; baseline -0.001 -22"><span class='ocrx_word' id='word_1_84' title='bbox 283 2679 482 2744; x_wconf 81' lang='lat' dir='ltr'><strong>Dicet</strong></span> <span class='ocrx_word' id='word_1_85' title='bbox 511 2674 654 2741; x_wconf 87' lang='lat' dir='ltr'><strong>haec</strong></span> <span class='ocrx_word' id='word_1_86' title='bbox 691 2674 988 2753; x_wconf 79' lang='lat' dir='ltr'><strong>mulier²‚</strong></span> <span class='ocrx_word' id='word_1_87' title='bbox 1021 2674 1341 2764; x_wconf 80' lang='lat' dir='ltr'><strong>juvenem</strong></span> <span class='ocrx_word' id='word_1_88' title='bbox 1383 2672 1571 2738; x_wconf 86' lang='lat' dir='ltr'><strong>illum</strong></span> <span class='ocrx_word' id='word_1_89' title='bbox 1609 2697 1951 2763; x_wconf 86' lang='lat' dir='ltr'><strong>nunquam</strong></span> <span class='ocrx_word' id='word_1_90' title='bbox 1994 2675 2118 2741; x_wconf 85' lang='lat' dir='ltr'><strong>sibi</strong></span> <span class='ocrx_word' id='word_1_91' title='bbox 2159 2677 2295 2766; x_wconf 87' lang='lat' dir='ltr'><strong>pla·</strong></span> 
     </span>
     <span class='ocr_line' id='line_1_17' title="bbox 198 2776 2299 2869; baseline -0 -21"><span class='ocrx_word' id='word_1_92' title='bbox 198 2785 414 2849; x_wconf 86' lang='lat' dir='ltr'><strong>cuisse</strong></span> <span class='ocrx_word' id='word_1_93' title='bbox 433 2831 450 2862; x_wconf 89' lang='lat'><strong>,</strong></span> <span class='ocrx_word' id='word_1_94' title='bbox 477 2798 542 2846; x_wconf 91' lang='lat' dir='ltr'><strong>et</strong></span> <span class='ocrx_word' id='word_1_95' title='bbox 569 2801 972 2869; x_wconf 79' lang='lat' dir='ltr'><strong>repugnasse</strong></span> <span class='ocrx_word' id='word_1_96' title='bbox 1004 2800 1074 2843; x_wconf 89' lang='lat' dir='ltr'><strong>se</strong></span> <span class='ocrx_word' id='word_1_97' title='bbox 1091 2829 1107 2859; x_wconf 88' lang='lat'>‚</span> <span class='ocrx_word' id='word_1_98' title='bbox 1141 2800 1348 2867; x_wconf 91' lang='lat' dir='ltr'><strong>quum</strong></span> <span class='ocrx_word' id='word_1_99' title='bbox 1374 2776 1717 2843; x_wconf 82' lang='lat' dir='ltr'><strong>videretur</strong></span> <span class='ocrx_word' id='word_1_100' title='bbox 1740 2778 1833 2843; x_wconf 91' lang='lat' dir='ltr'><strong>illi</strong></span> <span class='ocrx_word' id='word_1_101' title='bbox 1856 2780 2077 2867; x_wconf 89' lang='lat' dir='ltr'><strong>puella</strong></span> <span class='ocrx_word' id='word_1_102' title='bbox 2103 2780 2299 2848; x_wconf 85' lang='lat' dir='ltr'><strong>desti·</strong></span> 
     </span>
     <span class='ocr_line' id='line_1_18' title="bbox 199 2881 2293 2971; baseline 0.001 -20"><span class='ocrx_word' id='word_1_103' title='bbox 199 2889 380 2953; x_wconf 84' lang='lat' dir='ltr'><strong>nari:</strong></span> <span class='ocrx_word' id='word_1_104' title='bbox 411 2885 596 2949; x_wconf 90' lang='lat' dir='ltr'><strong>illum</strong></span> <span class='ocrx_word' id='word_1_105' title='bbox 631 2900 856 2949; x_wconf 90' lang='lat' dir='ltr'><strong>autem</strong></span> <span class='ocrx_word' id='word_1_106' title='bbox 886 2882 1116 2971; x_wconf 88' lang='lat' dir='ltr'><strong>utique</strong></span> <span class='ocrx_word' id='word_1_107' title='bbox 1137 2881 1475 2946; x_wconf 82' lang='lat' dir='ltr'><strong>volentem</strong></span> <span class='ocrx_word' id='word_1_108' title='bbox 1504 2881 1677 2947; x_wconf 91' lang='lat' dir='ltr'><strong>hanc</strong></span> <span class='ocrx_word' id='word_1_109' title='bbox 1703 2906 1974 2949; x_wconf 85' lang='lat' dir='ltr'><strong>uxorem</strong></span> <span class='ocrx_word' id='word_1_110' title='bbox 2008 2883 2255 2952; x_wconf 85' lang='lat' dir='ltr'><strong>habere</strong></span> <span class='ocrx_word' id='word_1_111' title='bbox 2276 2938 2293 2970; x_wconf 87' lang='lat'>,</span> 
     </span>
    </p>
   </div>
   <div class='ocr_carea' id='block_1_9' title="bbox 199 2989 2299 3081">
    <p class='ocr_par' dir='ltr' id='par_1_9' title="bbox 199 2989 2299 3081">
     <span class='ocr_line' id='line_1_19' title="bbox 199 2989 2299 3081; baseline 0.001 -20"><span class='ocrx_word' id='word_1_112' title='bbox 199 2994 281 3061; x_wconf 86' lang='lat' dir='ltr'><strong>ad</strong></span> <span class='ocrx_word' id='word_1_113' title='bbox 307 2994 820 3062; x_wconf 80' lang='lat' dir='ltr'><strong>satisfactionem</strong></span> <span class='ocrx_word' id='word_1_114' title='bbox 841 2992 1130 3071; x_wconf 81' lang='lat' dir='ltr'><strong>venisse,</strong></span> <span class='ocrx_word' id='word_1_115' title='bbox 1153 3006 1314 3055; x_wconf 89' lang='lat' dir='ltr'><strong>tunc</strong></span> <span class='ocrx_word' id='word_1_116' title='bbox 1333 3012 1493 3055; x_wconf 83' lang='lat' dir='ltr'><strong>vero</strong></span> <span class='ocrx_word' id='word_1_117' title='bbox 1514 2991 1731 3056; x_wconf 90' lang='lat' dir='ltr'><strong>minus</strong></span> <span class='ocrx_word' id='word_1_118' title='bbox 1756 2989 2080 3081; x_wconf 84' lang='lat' dir='ltr'><strong>placuisse</strong></span> <span class='ocrx_word' id='word_1_119' title='bbox 2104 2998 2299 3063; x_wconf 84' lang='lat' dir='ltr'><strong>matri</strong></span> 
     </span>
    </p>
   </div>
   <div class='ocr_carea' id='block_1_10' title="bbox 202 3098 2299 3405">
    <p class='ocr_par' dir='ltr' id='par_1_10' title="bbox 202 3098 2299 3405">
     <span class='ocr_line' id='line_1_20' title="bbox 202 3098 2299 3195; baseline 0 -26"><span class='ocrx_word' id='word_1_120' title='bbox 202 3126 542 3195; x_wconf 79' lang='lat' dir='ltr'><strong>generum.</strong></span> <span class='ocrx_word' id='word_1_121' title='bbox 576 3104 807 3192; x_wconf 87' lang='lat' dir='ltr'><strong>Itaque</strong></span> <span class='ocrx_word' id='word_1_122' title='bbox 834 3124 1037 3189; x_wconf 89' lang='lat' dir='ltr'><strong>quum</strong></span> <span class='ocrx_word' id='word_1_123' title='bbox 1075 3099 1471 3188; x_wconf 86' lang='lat' dir='ltr'><strong>desponsam</strong></span> <span class='ocrx_word' id='word_1_124' title='bbox 1496 3098 1788 3167; x_wconf 87' lang='lat' dir='ltr'><strong>audisset</strong></span> <span class='ocrx_word' id='word_1_125' title='bbox 1820 3099 2019 3166; x_wconf 86' lang='lat' dir='ltr'><strong>filiam</strong></span> <span class='ocrx_word' id='word_1_126' title='bbox 2038 3153 2054 3183; x_wconf 90' lang='lat'>,</span> <span class='ocrx_word' id='word_1_127' title='bbox 2082 3108 2299 3194; x_wconf 90' lang='lat' dir='ltr'><strong>quoti-</strong></span> 
     </span>
     <span class='ocr_line' id='line_1_21' title="bbox 203 3204 2295 3295; baseline -0.001 -19"><span class='ocrx_word' id='word_1_128' title='bbox 203 3211 394 3277; x_wconf 86' lang='lat' dir='ltr'><strong>diana</strong></span> <span class='ocrx_word' id='word_1_129' title='bbox 433 3207 918 3274; x_wconf 85' lang='lat' dir='ltr'><strong>consuetudine</strong></span> <span class='ocrx_word' id='word_1_130' title='bbox 959 3206 1139 3295; x_wconf 78' lang='lat' dir='ltr'><strong>vulgi</strong></span> <span class='ocrx_word' id='word_1_131' title='bbox 1174 3205 1406 3271; x_wconf 87' lang='lat' dir='ltr'><strong>iratam</strong></span> <span class='ocrx_word' id='word_1_132' title='bbox 1445 3204 1719 3285; x_wconf 87' lang='lat' dir='ltr'><strong>dixisse,</strong></span> <span class='ocrx_word' id='word_1_133' title='bbox 1758 3209 2087 3273; x_wconf 87' lang='lat' dir='ltr'><strong>Morietur</strong></span> <span class='ocrx_word' id='word_1_134' title='bbox 2121 3211 2295 3275; x_wconf 88' lang='lat' dir='ltr'><strong>cele·</strong></span> 
     </span>
     <span class='ocr_line' id='line_1_22' title="bbox 202 3311 2295 3405; baseline -0.002 -22"><span class='ocrx_word' id='word_1_135' title='bbox 202 3320 374 3397; x_wconf 87' lang='lat' dir='ltr'><strong>rius,</strong></span> <span class='ocrx_word' id='word_1_136' title='bbox 401 3338 600 3405; x_wconf 88' lang='lat' dir='ltr'><strong>quam</strong></span> <span class='ocrx_word' id='word_1_137' title='bbox 633 3314 860 3379; x_wconf 89' lang='lat' dir='ltr'><strong>nubat.</strong></span> <span class='ocrx_word' id='word_1_138' title='bbox 895 3315 1221 3378; x_wconf 87' lang='lat' dir='ltr'><strong>Caeterum</strong></span> <span class='ocrx_word' id='word_1_139' title='bbox 1255 3311 1340 3377; x_wconf 87' lang='lat' dir='ltr'><strong>de</strong></span> <span class='ocrx_word' id='word_1_140' title='bbox 1374 3313 1511 3377; x_wconf 85' lang='lat' dir='ltr'><strong>fato</strong></span> <span class='ocrx_word' id='word_1_141' title='bbox 1539 3312 1811 3401; x_wconf 69' lang='lat' dir='ltr'><strong>puellas,</strong></span> <span class='ocrx_word' id='word_1_142' title='bbox 1842 3336 1972 3377; x_wconf 87' lang='lat' dir='ltr'><strong>una</strong></span> <span class='ocrx_word' id='word_1_143' title='bbox 2006 3336 2159 3380; x_wconf 88' lang='lat' dir='ltr'><strong>cum</strong></span> <span class='ocrx_word' id='word_1_144' title='bbox 2190 3336 2295 3379; x_wconf 83' lang='lat' dir='ltr'><strong>ac·</strong></span> 
     </span>
    </p>
   </div>
   <div class='ocr_carea' id='block_1_11' title="bbox 203 3418 2070 3515">
    <p class='ocr_par' dir='ltr' id='par_1_11' title="bbox 203 3418 2070 3515">
     <span class='ocr_line' id='line_1_23' title="bbox 203 3418 2070 3515; baseline -0.004 -22"><span class='ocrx_word' id='word_1_145' title='bbox 203 3442 505 3493; x_wconf 89' lang='lat' dir='ltr'><strong>cusatore</strong></span> <span class='ocrx_word' id='word_1_146' title='bbox 535 3442 871 3515; x_wconf 87' lang='lat' dir='ltr'><strong>queretur.</strong></span> <span class='ocrx_word' id='word_1_147' title='bbox 896 3424 1173 3487; x_wconf 87' lang='lat' dir='ltr'><strong>Causam</strong></span> <span class='ocrx_word' id='word_1_148' title='bbox 1197 3421 1314 3486; x_wconf 83' lang='lat' dir='ltr'><strong>fati</strong></span> <span class='ocrx_word' id='word_1_149' title='bbox 1339 3418 1754 3486; x_wconf 65' lang='lat' dir='ltr'><strong>crudelitati-⁹1</strong></span> <span class='ocrx_word' id='word_1_150' title='bbox 1782 3420 2070 3507; x_wconf 78' lang='lat' dir='ltr'><strong>fingitur.</strong></span> 
     </span>
    </p>
   </div>
   <div class='ocr_carea' id='block_1_12' title="bbox 279 3624 2293 3700">
    <p class='ocr_par' dir='ltr' id='par_1_12' title="bbox 279 3624 2293 3700">
     <span class='ocr_line' id='line_1_24' title="bbox 279 3624 2293 3700; baseline -0.002 -17"><span class='ocrx_word' id='word_1_151' title='bbox 279 3649 324 3683; x_wconf 85' lang='grc' dir='ltr'><strong>ι.</strong></span> <span class='ocrx_word' id='word_1_152' title='bbox 371 3629 640 3683; x_wconf 76' lang='lat' dir='ltr'><strong>Morietur.</strong></span> <span class='ocrx_word' id='word_1_153' title='bbox 673 3628 807 3681; x_wconf 84' lang='lat' dir='ltr'><strong>Vide</strong></span> <span class='ocrx_word' id='word_1_154' title='bbox 842 3627 991 3699; x_wconf 85' lang='lat' dir='ltr'><strong>Calp.</strong></span> <span class='ocrx_word' id='word_1_155' title='bbox 1033 3628 1203 3680; x_wconf 85' lang='lat' dir='ltr'><strong>Flacc.</strong></span> <span class='ocrx_word' id='word_1_156' title='bbox 1287 3624 1617 3700; x_wconf 60' lang='lat' dir='ltr'><strong>qffinqatum</strong></span> <span class='ocrx_word' id='word_1_157' title='bbox 1662 3624 1781 3691; x_wconf 87' lang='lat' dir='ltr'><strong>vel,</strong></span> <span class='ocrx_word' id='word_1_158' title='bbox 1827 3644 2035 3678; x_wconf 82' lang='lat' dir='ltr'><strong>causam</strong></span> <span class='ocrx_word' id='word_1_159' title='bbox 2085 3626 2293 3679; x_wconf 79' lang='lat' dir='ltr'><strong>nullam</strong></span> 
     </span>
    </p>
   </div>
   <div class='ocr_carea' id='block_1_13' title="bbox 203 3702 2297 3935">
    <p class='ocr_par' dir='ltr' id='par_1_13' title="bbox 203 3702 2297 3935">
     <span class='ocr_line' id='line_1_25' title="bbox 205 3702 2297 3779; baseline -0.003 -15"><span class='ocrx_word' id='word_1_160' title='bbox 205 3710 352 3764; x_wconf 88' lang='lat' dir='ltr'><strong>Decl.</strong></span> <span class='ocrx_word' id='word_1_161' title='bbox 383 3708 624 3761; x_wconf 79' lang='lat' dir='ltr'><strong>XXXIX.</strong></span> <span class='ocrx_word' id='word_1_162' title='bbox 1288 3718 1449 3759; x_wconf 79' lang='lat' dir='ltr'><strong>tantoe</strong></span> <span class='ocrx_word' id='word_1_163' title='bbox 1476 3704 1772 3756; x_wconf 81' lang='lat' dir='ltr'><strong>crudelitati</strong></span> <span class='ocrx_word' id='word_1_164' title='bbox 1785 3702 1967 3779; x_wconf 71' lang='lat' dir='ltr'><strong>finqit.</strong></span> <span class='ocrx_word' id='word_1_165' title='bbox 1992 3706 2107 3769; x_wconf 81' lang='lat' dir='ltr'><strong>An,</strong></span> <span class='ocrx_word' id='word_1_166' title='bbox 2139 3724 2297 3759; x_wconf 80' lang='lat' dir='ltr'><strong>caua</strong></span> 
     </span>
     <span class='ocr_line' id='line_1_26' title="bbox 279 3782 2295 3859; baseline -0.004 -14"><span class='ocrx_word' id='word_1_167' title='bbox 279 3812 328 3847; x_wconf 82' lang='lat'><strong>2.</strong></span> <span class='ocrx_word' id='word_1_168' title='bbox 353 3792 500 3843; x_wconf 80' lang='lat' dir='ltr'><strong>Dicet</strong></span> <span class='ocrx_word' id='word_1_169' title='bbox 525 3788 636 3842; x_wconf 76' lang='lat' dir='ltr'><strong>haec</strong></span> <span class='ocrx_word' id='word_1_170' title='bbox 657 3787 862 3841; x_wconf 83' lang='lat' dir='ltr'><strong>mulier.</strong></span> <span class='ocrx_word' id='word_1_171' title='bbox 879 3786 998 3839; x_wconf 80' lang='lat' dir='ltr'><strong>vid.</strong></span> <span class='ocrx_word' id='word_1_172' title='bbox 1023 3788 1206 3841; x_wconf 85' lang='lat' dir='ltr'><strong>Senec.</strong></span> <span class='ocrx_word' id='word_1_173' title='bbox 1276 3786 1392 3859; x_wconf 82' lang='lat' dir='ltr'><strong>fati</strong></span> <span class='ocrx_word' id='word_1_174' title='bbox 1403 3784 1709 3838; x_wconf 74' lang='lat' dir='ltr'><strong>crudelitate</strong></span> <span class='ocrx_word' id='word_1_175' title='bbox 1710 3782 1925 3856; x_wconf 83' lang='lat' dir='ltr'><strong>finitur,-</strong></span> <span class='ocrx_word' id='word_1_176' title='bbox 1942 3798 2033 3835; x_wconf 86' lang='lat' dir='ltr'><strong>aut</strong></span> <span class='ocrx_word' id='word_1_177' title='bbox 2033 3782 2251 3857; x_wconf 74' lang='lat' dir='ltr'><strong>finiatut</strong></span> <span class='ocrx_word' id='word_1_178' title='bbox 2265 3787 2295 3837; x_wconf 70' lang='grc' dir='ltr'><em>ἲ</em></span> 
     </span>
     <span class='ocr_line' id='line_1_27' title="bbox 203 3864 2292 3935; baseline -0.004 -9"><span class='ocrx_word' id='word_1_179' title='bbox 203 3872 296 3926; x_wconf 81' lang='lat' dir='ltr'><strong>lib.</strong></span> <span class='ocrx_word' id='word_1_180' title='bbox 316 3874 419 3935; x_wconf 80' lang='lat' dir='ltr'><strong>vl,</strong></span> <span class='ocrx_word' id='word_1_181' title='bbox 445 3868 588 3921; x_wconf 88' lang='lat' dir='ltr'><strong>Decl.</strong></span> <span class='ocrx_word' id='word_1_182' title='bbox 614 3868 664 3919; x_wconf 88' lang='grc'><strong>6.</strong></span> <span class='ocrx_word' id='word_1_183' title='bbox 693 3869 871 3919; x_wconf 79' lang='lat' dir='ltr'><strong>AEnon.</strong></span> <span class='ocrx_word' id='word_1_184' title='bbox 1291 3881 1349 3918; x_wconf 91' lang='lat' dir='ltr'><strong>ut</strong></span> <span class='ocrx_word' id='word_1_185' title='bbox 1381 3866 1506 3918; x_wconf 82' lang='lat' dir='ltr'><strong>velit</strong></span> <span class='ocrx_word' id='word_1_186' title='bbox 1536 3868 1695 3917; x_wconf 84' lang='lat' dir='ltr'><strong>finem</strong></span> <span class='ocrx_word' id='word_1_187' title='bbox 1728 3865 1845 3915; x_wconf 85' lang='lat' dir='ltr'><strong>fore</strong></span> <span class='ocrx_word' id='word_1_188' title='bbox 1876 3864 2292 3934; x_wconf 81' lang='lat' dir='ltr'><strong>Declamatioui,</strong></span> 
     </span>
    </p>
   </div>
   <div class='ocr_carea' id='block_1_14' title="bbox 277 3942 2289 4020">
    <p class='ocr_par' dir='ltr' id='par_1_14' title="bbox 277 3942 2289 4020">
     <span class='ocr_line' id='line_1_28' title="bbox 277 3942 2289 4020; baseline -0.003 -17"><span class='ocrx_word' id='word_1_189' title='bbox 277 3951 328 4003; x_wconf 87' lang='grc'><strong>3.</strong></span> <span class='ocrx_word' id='word_1_190' title='bbox 361 3952 578 4002; x_wconf 77' lang='lat' dir='ltr'><strong>Causam</strong></span> <span class='ocrx_word' id='word_1_191' title='bbox 597 3945 710 4017; x_wconf 82' lang='lat' dir='ltr'><strong>fati</strong></span> <span class='ocrx_word' id='word_1_192' title='bbox 731 3945 1025 3997; x_wconf 80' lang='lat' dir='ltr'><strong>crudelitati</strong></span> <span class='ocrx_word' id='word_1_193' title='bbox 1038 3942 1211 4020; x_wconf 76' lang='lat' dir='ltr'><strong>finqi-</strong></span> <span class='ocrx_word' id='word_1_194' title='bbox 1293 3943 1557 4015; x_wconf 85' lang='lat' dir='ltr'><strong>querelam</strong></span> <span class='ocrx_word' id='word_1_195' title='bbox 1588 3944 1653 3995; x_wconf 89' lang='lat' dir='ltr'><strong>de</strong></span> <span class='ocrx_word' id='word_1_196' title='bbox 1684 3942 1993 3995; x_wconf 85' lang='lat' dir='ltr'><strong>crudelitate</strong></span> <span class='ocrx_word' id='word_1_197' title='bbox 2028 3944 2137 3995; x_wconf 85' lang='lat' dir='ltr'><strong>fati.</strong></span> <span class='ocrx_word' id='word_1_198' title='bbox 2172 3946 2289 3997; x_wconf 70' lang='lat' dir='ltr'><strong>Sca.</strong></span> 
     </span>
    </p>
   </div>
   <div class='ocr_carea' id='block_1_15' title="bbox 207 4020 2294 4177">
    <p class='ocr_par' dir='ltr' id='par_1_15' title="bbox 207 4020 2294 4177">
     <span class='ocr_line' id='line_1_29' title="bbox 211 4020 2292 4099; baseline -0.003 -17"><span class='ocrx_word' id='word_1_199' title='bbox 211 4042 309 4083; x_wconf 86' lang='lat' dir='ltr'><strong>tur.</strong></span> <span class='ocrx_word' id='word_1_200' title='bbox 363 4029 544 4081; x_wconf 84' lang='lat' dir='ltr'><strong>Malim</strong></span> <span class='ocrx_word' id='word_1_201' title='bbox 564 4066 581 4095; x_wconf 82' lang='lat'><strong>‚</strong></span> <span class='ocrx_word' id='word_1_202' title='bbox 628 4026 923 4079; x_wconf 84' lang='lat' dir='ltr'><strong>crudelitati</strong></span> <span class='ocrx_word' id='word_1_203' title='bbox 969 4022 1209 4099; x_wconf 73' lang='lat' dir='ltr'><strong>affinqet.</strong></span> <span class='ocrx_word' id='word_1_204' title='bbox 1289 4024 1446 4073; x_wconf 88' lang='lat' dir='ltr'><strong>Forte</strong></span> <span class='ocrx_word' id='word_1_205' title='bbox 1463 4060 1479 4088; x_wconf 92' lang='lat'>,</span> <span class='ocrx_word' id='word_1_206' title='bbox 1506 4040 1659 4073; x_wconf 79' lang='lat' dir='ltr'><strong>causa</strong></span> <span class='ocrx_word' id='word_1_207' title='bbox 1672 4020 1787 4092; x_wconf 82' lang='lat' dir='ltr'><strong>fati</strong></span> <span class='ocrx_word' id='word_1_208' title='bbox 1808 4020 2292 4096; x_wconf 74' lang='lat' dir='ltr'><strong>cruditasfinqetur.</strong></span> 
     </span>
     <span class='ocr_line' id='line_1_30' title="bbox 207 4101 2294 4177; baseline -0.006 -16"><span class='ocrx_word' id='word_1_209' title='bbox 207 4112 358 4161; x_wconf 76' lang='lat' dir='ltr'><strong>Prrn.</strong></span> <span class='ocrx_word' id='word_1_210' title='bbox 387 4110 576 4172; x_wconf 76' lang='lat' dir='ltr'><strong>Causa,</strong></span> <span class='ocrx_word' id='word_1_211' title='bbox 592 4105 734 4177; x_wconf 81' lang='lat' dir='ltr'><strong>facti</strong></span> <span class='ocrx_word' id='word_1_212' title='bbox 755 4105 1078 4171; x_wconf 82' lang='lat' dir='ltr'><strong>crudelitate,</strong></span> <span class='ocrx_word' id='word_1_213' title='bbox 1093 4101 1213 4176; x_wconf 78' lang='lat' dir='ltr'><strong>fin-</strong></span> <span class='ocrx_word' id='word_1_214' title='bbox 1292 4104 1368 4155; x_wconf 81' lang='lat' dir='ltr'><strong>Ita</strong></span> <span class='ocrx_word' id='word_1_215' title='bbox 1394 4122 1531 4173; x_wconf 69' lang='lat' dir='ltr'><strong>swpe</strong></span> <span class='ocrx_word' id='word_1_216' title='bbox 1553 4102 1775 4154; x_wconf 80' lang='lat' dir='ltr'><strong>cruditas</strong></span> <span class='ocrx_word' id='word_1_217' title='bbox 1796 4114 1849 4153; x_wconf 86' lang='lat' dir='ltr'><strong>et</strong></span> <span class='ocrx_word' id='word_1_218' title='bbox 1872 4102 2145 4157; x_wconf 82' lang='lat' dir='ltr'><strong>crudelitas</strong></span> <span class='ocrx_word' id='word_1_219' title='bbox 2166 4124 2294 4157; x_wconf 85' lang='lat' dir='ltr'><strong>con.</strong></span> 
     </span>
    </p>
   </div>
   <div class='ocr_carea' id='block_1_16' title="bbox 208 4186 2052 4344">
    <p class='ocr_par' dir='ltr' id='par_1_16' title="bbox 208 4186 2052 4344">
     <span class='ocr_line' id='line_1_31' title="bbox 208 4186 1571 4258; baseline -0.007 -14"><span class='ocrx_word' id='word_1_220' title='bbox 208 4191 368 4256; x_wconf 72' lang='lat' dir='ltr'><strong>citur,</strong></span> <span class='ocrx_word' id='word_1_221' title='bbox 395 4188 572 4241; x_wconf 80' lang='lat' dir='ltr'><strong>AErod.</strong></span> <span class='ocrx_word' id='word_1_222' title='bbox 605 4190 756 4242; x_wconf 78' lang='lat' dir='ltr'><strong>Casus</strong></span> <span class='ocrx_word' id='word_1_223' title='bbox 775 4186 889 4258; x_wconf 78' lang='lat' dir='ltr'><strong>fati</strong></span> <span class='ocrx_word' id='word_1_224' title='bbox 919 4186 1214 4239; x_wconf 78' lang='lat' dir='ltr'><strong>crudelitati</strong></span> <span class='ocrx_word' id='word_1_225' title='bbox 1291 4186 1410 4238; x_wconf 77' lang='lat' dir='ltr'><strong>fusa</strong></span> <span class='ocrx_word' id='word_1_226' title='bbox 1431 4196 1571 4236; x_wconf 83' lang='lat' dir='ltr'><strong>sunt.</strong></span> 
     </span>
     <span class='ocr_line' id='line_1_32' title="bbox 425 4280 2052 4344; baseline -0.005 -11"><span class='ocrx_word' id='word_1_227' title='bbox 425 4280 478 4333; x_wconf 76' lang='lat'><strong>6.</strong></span> <span class='ocrx_word' id='word_1_228' title='bbox 1986 4290 2052 4344; x_wconf 82' lang='lat'><strong>²9</strong></span> 
     </span>
    </p>
   </div>
  </div>
 </body>
</html>
