2855 4871
552 375 633 458 54
1056 379 1148 442 Μ.
1198 378 1448 442 FABH
1495 377 2133 460 QUINTILIANI

550 501 1049 576 infelicissimis
1089 501 1225 576 illis
1260 501 1642 604 juvenibus
1682 501 1892 590 meis,
1935 502 2306 603 praestab03
2350 528 2441 575 ne
2487 501 2624 601 quis

553 642 795 689 eorum
826 637 1046 689 morte
1076 618 1405 716 gaudeat,
1439 643 1528 689 ne
1562 617 1676 689 cui
1711 617 1958 716 prosit,
1993 617 2186 715 quod
2229 616 2411 690 filios
2453 643 2625 689 meos

558 730 821 802 occidi.¹

1184 991 1570 1014 mmm
1578 991 2542 1014 mmmmmmw
2551 991 2631 1010 m

1376 1195 1825 1272 CCLVII.

1012 1419 1298 1526 Nuptiae'
1314 1429 1494 1532 inter
1519 1431 1956 1498 inimicorum
1981 1426 2184 1524 filios,

551 1633 676 1710 Qui
716 1629 983 1692 habebat
1019 1629 1259 1708 filium,
1299 1645 1363 1692 et
1399 1631 1653 1693 divitem
1689 1633 2018 1693 inimicum
2039 1677 2056 1708 ,
2098 1644 2313 1714 captus
2357 1653 2393 1690 a
2435 1631 2638 1714 piratis

631 1729 869 1812 scripsit
892 1727 1024 1791 filio
1050 1729 1125 1790 de
1148 1727 1584 1813 redemptione.
1609 1727 1718 1790 Ille
1737 1751 1934 1811 quum
1957 1730 2285 1812 pecuniam
2309 1748 2443 1788 non
2465 1727 2642 1788 habe-

632 1841 759 1902 ret,
797 1825 1100 1888 offerente
1133 1825 1324 1888 divite
1356 1823 1556 1886 filiam
1593 1847 1803 1901 suam,
1842 1825 2018 1885 duxit
2051 1845 2188 1885 eam
2225 1824 2294 1885 in
2329 1823 2640 1884 matrimo-

634 1929 809 1988 nium
824 1971 844 2004 ,
866 1939 929 1987 et
950 1926 1211 2010 pecuina
1232 1924 1490 1986 redemit
1512 1936 1770 2008 patrem.
1794 1925 2090 1986 Reversus
2119 1923 2226 1984 ille
2239 1966 2258 1998 ‚
2289 1925 2557 2005 imperat
2581 1937 2644 1980 ut

636 2023 937 2087 dimittat:
968 2024 1283 2116 nolentem
1308 2021 1574 2084 abdicat.

1248 2209 1945 2275 DECLAMATIO.

650 2373 727 2448 Si
762 2371 855 2445 ab
889 2371 1028 2445 alio
1060 2369 1460 2471 redemptus
1489 2389 1666 2445 esset
1697 2389 1923 2469 pater,
1968 2367 2198 2441 statim
2236 2388 2316 2440 ut
2347 2365 2650 2440 rediisset

556 2515 597 2560 a
628 2486 1025 2588 gravissima
1054 2487 1377 2574 fortuna,
1408 2505 1478 2558 et
1507 2482 1828 2557 abdicare
1857 2508 1974 2555 me
2007 2482 2443 2573 instituisset,
2471 2482 2649 2555 dice·

556 2629 705 2676 rem
752 2622 1021 2691 tamen,
1072 2598 1247 2699 quid
1300 2598 1480 2671 intra
1517 2618 1662 2671 tam
1705 2596 1934 2671 breve·
1957 2618 2232 2697 tempus
2283 2596 2652 2669 commisi?

556 2719 729 2820 quid
760 2740 909 2793 tam
942 2715 1263 2791 scelerate
1295 2742 1338 2789 a
1366 2741 1484 2787 me
1511 2714 1776 2787 factum
1809 2734 1947 2805 est,
1985 2735 2066 2787 ut
2096 2713 2200 2786 ira
2231 2714 2446 2814 patris
2473 2740 2653 2814 prae·

556 2834 831 2907 cederet
868 2833 1091 2934 ipsam
1132 2827 1706 2931 gratulationem?
1744 2830 1952 2901 Nunc
1981 2848 2254 2901 certum
2284 2828 2514 2902 haheo
2547 2829 2655 2901 in-

559 2950 775 3048 digna
793 2947 1113 3048 quaedam
1140 2967 1531 3047 exspectare
1554 2972 1671 3020 vos
1692 2948 2031 3037 facinora,
2049 2973 2274 3046 quum
2289 2947 2656 3019 abdicetur

560 3062 748 3135 filius
769 3118 789 3152 ‚
832 3062 955 3161 qui
996 3060 1334 3136 redemit:
1380 3080 1482 3133 est
1523 3060 1672 3135 sine
1731 3062 1950 3135 dubio
1982 3062 2167 3137 istud
2234 3088 2378 3135 non
2408 3088 2652 3135 meum

559 3178 1015 3269 beneficium,
1066 3198 1131 3248 et
1173 3202 1385 3250 omne
1417 3176 1762 3277 redempti
1805 3179 2014 3279 patris
2047 3205 2310 3251 munus
2345 3178 2437 3250 ad
2470 3204 2658 3252 soce-

561 3284 721 3366 ru'm
755 3292 949 3368 redit.
990 3294 1141 3392 Ego
1182 3312 1418 3365 tamen
1463 3293 1816 3392 navigavi:
1848 3320 1977 3393 ego
2012 3292 2399 3394 periculosa
2431 3294 2658 3369 maria

558 3410 904 3507 ingressus
920 3423 1142 3501 sum¹,
1169 3429 1248 3482 ut
1271 3408 1692 3481 redimerem
1714 3430 1984 3509 patrem
1999 3466 2018 3502 ,
2046 3409 2670 3509 quemadmodum,

561 3526 795 3627 ipsum
838 3526 1066 3600 dicere
1110 3526 1401 3600 audistis
1440 3555 1454 3599 :
1506 3528 1830 3627 quaedam
1877 3528 2086 3603 etiam
2132 3555 2275 3602 non
2331 3528 2658 3603 facienda

558 3668 799 3742 passus
830 3670 1013 3715 sum.
1052 3643 1231 3735 Quae
1277 3645 1342 3717 ei
1384 3643 1561 3717 ratio
1597 3644 2058 3718 abdicationis
2095 3644 2239 3718 est?
2267 3671 2412 3717 non
2453 3646 2662 3718 obse-

559 3760 788 3859 queris
804 3772 859 3855 ²,
884 3760 1153 3861 inquit,
1178 3759 1482 3853 milit-Si
1510 3758 1644 3836 hoc
1667 3762 1758 3835 ad
1781 3760 2255 3836 abdicandum
2276 3760 2436 3833 satis
2463 3782 2661 3847 esset,

634 3956 679 3991 1.
704 3939 963 4014 Inqressus
981 3958 1115 3995 sum.
1135 3938 1256 3991 Vid.
1284 3936 1351 3991 sd
1372 3937 1565 3991 Deels-
1640 3940 1746 3995 lex
1769 3942 1912 3993 enim
1934 3953 2015 3993 est
2029 3978 2047 4007 .,
2069 3940 2244 3992 minus
2266 3938 2406 3991 dicto
2431 3940 2662 3993 audien-

560 4022 845 4074 mationem
868 4022 968 4089 Vl,
996 4038 1079 4073 αι.
1645 4030 1746 4071 tem
1756 4016 1942 4091 filium
1967 4017 2128 4070 liceat
2147 4016 2403 4070 abdicare.
2431 4016 2660 4087 Quintil.

634 4116 680 4151 α.
704 4099 829 4153 Non
849 4100 1157 4175 obsequeris,
1185 4099 1387 4175 inquit,
1411 4098 1560 4153 mihi.
1644 4100 1810 4152 Instit.
1829 4100 1975 4154 Orat.
2004 4097 2212 4166 lib.v11‚
2236 4117 2282 4153 c.
2309 4116 2356 4169 ι,
2384 4098 2429 4171 §-
2453 4118 2545 4169 21,
2567 4100 2664 4155 sed
