2855 4871
593 438 1433 505 DECLAMA'rtoNES.
1481 441 1817 505 chxv.
2167 442 2255 530 93

182 560 302 633 hoc
326 582 446 635 tuo
471 563 684 653 facto,
715 585 784 636 et
812 563 968 636 ideo
997 561 1155 635 duae
1184 589 1422 662 poenae.
1458 566 1568 635 An
1597 591 1756 636 vero
1786 564 2110 664 iniquum
2144 564 2253 637 vi-

185 676 314 749 deri
334 698 579 777 potest,
604 706 769 752 eum
785 736 804 769 ‚
821 678 1039 779 quiin
1062 677 1326 777 templo
1345 678 1747 778 pulsaverit,
1769 680 2009 753 decem
2032 679 2257 752 millia

186 791 424 866 civitati
455 794 665 867 dare?
696 795 870 895 quid
894 796 1088 869 enim
1119 795 1344 895 magis
1375 796 1446 867 in
1473 796 1620 868 ulla
1648 796 2007 895 republica
2036 796 2256 868 curari

185 906 650 1010 observarique
675 931 977 1010 oportet,
1013 938 1227 1010 quam
1263 910 1723 1009 religionem?
1748 938 1913 983 sane
1944 911 2259 1010 petulan-

184 1022 268 1093 tia
305 1022 452 1095 aliis
491 1024 658 1097 locis
705 1015 1131 1099 mediocrem
1173 1026 1424 1101 habeat
1475 1028 2131 1127 reprehensionem:
2182 1027 2257 1099 in

185 1139 425 1238 templo
455 1168 652 1232 vero,
689 1143 764 1215 in
797 1169 938 1241 quo
969 1142 1193 1217 verbis
1228 1144 1647 1243 parcimus¹,
1688 1144 1762 1215 in
1804 1171 1945 1244 quo
1986 1144 2259 1215 animos

185 1258 690 1355 componimus,
735 1258 808 1330 in
851 1285 994 1356 quo
1032 1260 1306 1332 tacitam
1345 1260 1555 1333 etiam
1600 1281 1910 1333 mentem
1954 1280 2259 1332 nostram

183 1374 632 1465 custodimus,
673 1375 946 1476 pulsare
987 1376 1174 1449 velut
1216 1378 1290 1448 in
1334 1375 1749 1469 solitudine,
1792 1398 2045 1450 secreto
2078 1404 2263 1475 quo-

184 1486 364 1579 dam,
397 1517 545 1563 non
581 1512 682 1563 est
713 1492 1110 1564 ferendum.
1137 1491 1268 1563 Dic
1297 1518 1521 1581 nunc,
1549 1490 2059 1590 ignominiosus
2083 1510 2254 1562 erat:

181 1604 286 1675 sed
323 1604 392 1676 in
437 1606 727 1706 templo.
762 1608 1044 1706 Captis²
1085 1607 1414 1698 urbibus,
1449 1608 1549 1679 vis
1577 1608 1887 1681 hostium
1922 1632 2003 1679 ac
2037 1627 2263 1678 metus

183 1717 496 1817 religione
541 1721 963 1821 templorum
1005 1722 1445 1796 defenditur:
1492 1723 1614 1821 qui
1646 1724 1804 1824 jam
1846 1749 2044 1794 arma
2086 1722 2261 1792 ferre

185 1860 309 1906 non
341 1858 670 1936 possunt,
705 1839 827 1936 qui
869 1839 1162 1911 salutem
1197 1866 1400 1911 suam
1438 1840 1617 1911 tueri
1658 1840 1825 1937 fuga
1865 1856 2262 1936 nequeunt,

183 1947 335 2021 circa
377 1976 532 2023 aras
561 1951 819 2053 jacent.
865 1954 947 2025 ln
998 1951 1259 2051 templo
1307 1952 1596 2051 pulsasti
1640 1952 2007 2026 hominem
2051 1980 2066 2024 :
2116 1979 2263 2024 rem

187 2066 596 2161 petulantem
627 2069 848 2140 fecisti
881 2068 1059 2141 inter
1093 2095 1281 2142 sacra
1306 2125 1324 2157 ,
1353 2067 1579 2141 fecisti
1615 2068 2135 2168 religiosissimo
2170 2069 2267 2141 lo·

185 2206 299 2250 co:
343 2202 411 2253 et
453 2202 854 2281 utcunque,
899 2184 1260 2257 temeraria
1293 2182 1489 2272 licet,
1536 2182 1771 2283 aliqua
1813 2182 1984 2256 ratio
2028 2202 2266 2255 tamen

185 2320 531 2394 appareret
547 2298 714 2371 facti
742 2300 843 2370 tui
861 2357 881 2389 ‚
909 2301 967 2372 si
990 2300 1258 2399 impetu
1280 2299 1515 2399 lapsus
1539 2327 1750 2389 esseS,
1774 2300 1832 2373 si
1853 2300 2101 2373 ductus
2128 2300 2263 2373 ira:

187 2410 440 2484 nullam
474 2412 935 2512 petulantiam
959 2414 1180 2516 magis
1209 2414 1362 2503 odi,
1397 2443 1617 2514 quam
1652 2443 1805 2515 quae
1831 2438 2109 2517 propter
2137 2414 2271 2488 hoc

189 2551 249 2596 se
266 2526 505 2600 exserit
520 2527 572 2618 3,
594 2529 760 2628 quia
781 2551 978 2629 putat
995 2530 1221 2602 licere.
1243 2532 1364 2602 Est
1381 2531 1533 2602 sine
1554 2530 1773 2603 dubio
1794 2553 1864 2604 et
1881 2530 2015 2603 hoc
2035 2530 2269 2630 ipsum

191 2637 468 2739 dignum
515 2643 710 2737 odio,
759 2646 1079 2745 persequi
1129 2645 1498 2718 hominem
1523 2639 1831 2718 ⁶fortasse
1877 2645 2270 2738 infelicem,

187 2757 651 2831 verecundum
691 2783 868 2834 certe
888 2819 908 2853 ,
942 2760 1134 2863 quod
1172 2762 1531 2834 coufessus
1564 2760 1672 2833 sit.
1708 2761 1891 2834 Sane
1924 2781 2275 2842 mereatur

257 2988 294 3021 ι.
327 2971 510 3024 Verbis
535 2972 810 3042 parcimus.
842 2975 1004 3026 Forte
1034 2971 1182 3025 deest

181 3053 535 3120 petulantibus,
548 3052 631 3104 vel
647 3053 944 3119 inhonestis,
957 3054 1041 3108 vel
1055 3055 1181 3106 omi-

1263 2971 1346 3024 Sic
1363 2984 1539 3024 antem
1557 2985 1607 3024 et
1624 2969 1867 3026 AErodius
1878 3012 1895 3038 ,
1913 2991 2079 3045 quum
2094 2987 2273 3026 tamen

1261 3051 1751 3124 interpungendum
1798 3055 1863 3105 sit
1889 3073 1902 3104 ε
1950 3053 2051 3104 Dic
2094 3071 2239 3104 nunc
2254 3094 2273 3122 ‚

187 3135 342 3200 mosis,
378 3135 464 3186 vel
509 3133 652 3186 male
695 3135 941 3188 omittatis
958 3173 975 3201 ,
1017 3139 1177 3188 Henr.

189 3212 356 3287 Steph.
387 3217 556 3288 Epist.
593 3215 663 3268 ad
693 3215 1022 3288 Dalechaup.
1054 3217 1184 3282 XII,

187 3314 234 3366 p.
259 3297 356 3362 50,
387 3310 438 3350 et
467 3316 588 3349 mox
619 3296 717 3368 leg.
745 3298 996 3350 intactam
1024 3288 1181 3350 etlam

187 3387 420 3427 mentem.
445 3378 644 3429 Ama.
665 3375 766 3428 Sed
787 3389 964 3446 potest
983 3377 1184 3448 simpli—

189 3457 310 3509 citer
332 3458 485 3528 cupi,
512 3471 572 3509 ut
601 3459 668 3508 sit
694 3456 834 3509 idem
857 3457 1004 3528 quod
1022 3459 1184 3530 fave-

189 3557 294 3592 mus
324 3537 534 3611 linquis.
569 3536 726 3590 Unde
758 3550 810 3590 et
839 3557 1047 3610 pascere
1079 3538 1185 3590 lin-

129 3680 140 3696 ·
189 3635 339 3688 quam
351 3619 569 3688 antiquo
579 3634 825 3669 sermone
840 3636 940 3688 pro
951 3636 1183 3688 parcere,

193 3693 442 3748 dicebam.
465 3695 584 3748 Vid.
611 3695 748 3746 Fest.
777 3697 830 3746 in
855 3695 1052 3768 pascito
1081 3695 1187 3747 tin-

191 3791 338 3843 guam
349 3813 368 3840 ,
387 3775 438 3826 id
456 3787 538 3827 est
549 3814 564 3838 ‚
585 3785 832 3825 coerceto
847 3794 862 3837 ;
883 3773 1065 3827 Horat.
1080 3774 1183 3827 Od.

191 3851 286 3916 III,
311 3853 394 3920 14,
424 3869 502 3904 ιι.
533 3855 702 3904 nunu.
1049 3897 1066 3908 .

262 3947 308 3982 2.
327 3931 424 3983 Sed
443 3935 496 3984 a'n
519 3930 714 4001 templo
734 3929 910 4000 captis.
933 3932 1186 4002 Magnum

193 4023 504 4062 momentum
527 4007 640 4060 haee
665 4021 820 4060 acute
841 4007 982 4062 dicta
1005 4013 1062 4061 in
1089 4011 1190 4063 dis·

193 4089 526 4144 tinctionibus
551 4090 746 4142 habere
766 4103 908 4143 recte
933 4094 1096 4144 sensit
1113 4094 1191 4144 Pi·

195 4165 374 4222 them.
411 4169 470 4222 td
507 4183 563 4222 et
593 4168 719 4221 hinc
753 4187 1010 4239 agnoscas
1045 4171 1188 4224 licet.

1263 3129 1636 3204 {quominiosus
1666 3141 1813 3192 ern,-
1848 3131 1937 3183 sed
1968 3131 2025 3183 in
2058 3130 2273 3202 templo.

1264 3211 1503 3284 (Supple
1526 3226 1730 3278 mente,
1754 3213 1913 3284 erat.)
1940 3213 2113 3282 Captis
2134 3213 2277 3264 urbi-

1267 3295 1380 3361 bus,
1409 3295 1483 3346 vis
1508 3293 1731 3347 hostium
1755 3314 1819 3346 ac
1840 3305 2005 3347 metus
2026 3294 2277 3367 religione

1268 3369 1582 3443 templorum
1608 3371 1925 3443 defendimr.
1950 3373 2117 3424 Giton.

1337 3453 1390 3504 3.
1415 3455 1638 3508 Exserit.
1664 3456 1747 3504 An
1765 3445 2033 3518 exseritur,
2048 3454 2150 3505 nisi
2166 3471 2279 3506 ma-

1264 3537 1342 3587 vis
1366 3546 1645 3586 exer-cetur.
1675 3533 1898 3586 Senum.
1920 3535 2043 3586 Vid.
2074 3533 2145 3586 ad
2170 3537 2279 3587 De-

1265 3616 1418 3668 clam.
1442 3617 1587 3682 xm,
1608 3614 1671 3678 63
1692 3615 1784 3668 sed
1802 3633 1901 3687 ego
1923 3615 2136 3667 mallem
2156 3635 2279 3668 cum

1267 3693 1486 3746 AErodio
1502 3732 1519 3760 ,
1542 3711 1700 3766 quam
1724 3711 1840 3769 quoe
1863 3704 2076 3768 propter
2102 3693 2199 3746 hoc
2225 3711 2281 3744 se

1267 3775 1465 3826 exserit.
1492 3775 1561 3826 Ut
1584 3773 1675 3826 lib.
1700 3774 1793 3840 lv,
1814 3773 1943 3826 lust.
1969 3775 2117 3826 Orat.
2146 3790 2193 3824 c.
2222 3788 2241 3823 1
2260 3809 2277 3838 ‚

1270 3851 1316 3924 §.
1341 3852 1408 3906 55
1429 3875 1441 3904 ε
1469 3876 1492 3899 α
1510 3852 1729 3906 Fiducia
1747 3872 1805 3907 se
1824 3857 1937 3927 ipsa
1958 3855 2179 3906 nimium
2198 3871 2281 3906 ex-

1273 3957 1296 3982 ·
1316 3952 1489 3987 serere
1530 3953 1640 3988 non
1686 3935 1859 3988 debet.
1890 3959 1913 3982 ιι
1963 3935 2163 3988 Seneca
2210 3933 2276 3986 de

1267 4011 1432 4066 elem.
1448 4013 1539 4065 lib.
1561 4016 1611 4080 1,
1636 4031 1721 4084 ¹9²
1749 4036 1772 4059 ιι
1792 4015 1885 4065 Est
1905 4011 1980 4064 illi
1998 4031 2115 4064 mos
2134 4029 2278 4065 exse-

1275 4116 1297 4140 ·
1318 4113 1435 4147 rere
1454 4113 1511 4146 se
1530 4096 1585 4145 in
1604 4097 1807 4166 parvis,
1824 4117 1845 4142 ι
1866 4093 1961 4146 ubi
1981 4107 2032 4145 et
2051 4103 2279 4148 exercere

1273 4173 1375 4226 atii.
1406 4175 1571 4225 Bona.
