2855 4871
524 398 1370 467 DECLAMATIONES.
1417 398 1985 467 cccxxxvn.
2176 402 2305 492 379
2372 494 2379 501 .

187 524 578 597 voluntatis
607 550 802 597 meae.
837 524 1018 597 Odit
1049 550 1166 596 me
1195 524 1565 611 exercitus,
1604 551 1760 624 pars
1797 524 2037 624 populi
2070 527 2306 600 fortis-

191 640 374 712 sima
396 699 417 731 ‚
447 667 604 740 pars
631 639 876 739 populi
913 639 1174 738 optime
1201 640 1289 711 de
1323 640 1679 739 republica
1710 641 1997 715 merita:
2034 640 2133 713 illi
2168 643 2310 715 mi-

193 756 355 828 lites
401 756 684 832 victores
708 812 726 843 ‚
772 756 874 827 illi
925 756 1232 835 hostium
1279 756 1501 855 spolia
1542 758 1951 857 referentes,
1998 784 2137 829 non
2192 788 2306 833 mc

193 871 644 961 occiderunt,
683 871 804 943 sed
847 872 1100 943 liberos
1129 898 1364 961 meos,
1397 872 1776 973 conjugem
1806 888 2093 945 meam¹.
2132 876 2306 947 Puta

197 986 405 1057 illos²
433 984 541 1057 his
576 986 884 1058 aetatibus
919 986 1225 1062 hostium
1265 987 1648 1086 pepercisse
1684 1015 1699 1058 ε
1736 987 1854 1061 illa
1892 988 2104 1060 modo
2137 988 2308 1061 victa

196 1101 440 1173 civitas
469 1100 641 1173 nihil
660 1159 679 1191 ,
709 1101 904 1200 quod
929 1100 1018 1174 ad
1049 1103 1347 1175 feminas
1374 1102 1706 1201 pertinet,
1744 1130 1939 1201 passa
1968 1124 2101 1192 est,
2135 1130 2311 1203 prae-

195 1239 301 1289 ter
331 1217 805 1315 captivitatem
843 1244 858 1288 :
897 1216 1192 1292 domum
1235 1246 1469 1289 meam
1513 1218 1827 1291 incendit
1860 1246 1875 1289 ε
1920 1240 2103 1292 stant
2138 1218 2306 1307 illae,

197 1358 375 1428 quas
393 1330 708 1403 vicimus
730 1331 916 1403 Illud
941 1351 1178 1405 tamen
1203 1332 1384 1403 inter
1401 1332 1647 1403 omnia
1668 1332 2149 1431 gravissimum
2174 1354 2305 1421 est3

197 1472 428 1545 quum
468 1444 614 1517 haec
641 1446 958 1533 fecerint,
999 1446 1400 1518 existimant
1432 1474 1502 1517 se
1529 1448 1691 1548 jure
1720 1448 1979 1520 fecisse.
2018 1448 2307 1537 Omnia,

199 1561 472 1660 inquit,
501 1560 646 1633 haec
673 1582 740 1633 et
773 1588 900 1660 ego
934 1588 1178 1661 passus
1207 1588 1388 1635 sum.
1423 1564 1614 1653 Scio,
1651 1592 1793 1661 quo
1823 1566 2197 1664 pertineat,
2232 1586 2311 1639 ut

195 1676 436 1748 videar
475 1702 604 1775 ego
639 1677 890 1752 merito
923 1700 1164 1775 passus
1198 1704 1212 1748 :
1255 1698 1358 1749 est
1391 1698 1459 1749 et
1494 1678 1639 1750 haec
1680 1706 1887 1751 causa
1921 1678 2308 1769 moriendi,

197 1792 252 1863 si
301 1812 580 1863 tantum
635 1792 952 1891 peccavi,
1003 1793 1061 1863 si
1115 1807 1196 1864 e'o
1241 1790 1357 1864 rne
1402 1792 1690 1865 deduxit
1732 1800 1959 1883 error,·
2006 1816 2085 1865 ut
2131 1794 2309 1867 filios

199 1908 442 1981 meos3
469 1908 882 1982 occiderem.
919 1908 1430 1984 Confitendum
1470 1929 1573 1982 est
1614 1910 1703 1982 de
1744 1910 1872 1982 hac
1908 1910 2311 2010 gravissima

197 2024 626 2097 calamitate:
663 2024 960 2097 domum
991 2050 1226 2097 meum
1258 2025 1573 2101 incendit
1604 2026 1973 2115 exercitus,
2008 2026 2310 2124 populus

199 2166 348 2211 non
377 2138 712 2212 defendit.
747 2140 1016 2213 Omnia
1049 2160 1286 2212 tamen
1322 2142 1571 2213 eadem
1602 2162 1671 2213 et
1700 2168 1835 2240 ego
1860 2166 2097 2241 passus
2128 2168 2305 2213 sum.

196 2258 493 2327 Possum
519 2254 746 2327 dicere
772 2257 906 2328 hoc
932 2276 1213 2329 tantum
1235 2312 1253 2343 ‚
1285 2258 1463 2332 ferre
1488 2258 1721 2356 potius
1747 2278 1973 2357 potes,
2000 2255 2311 2357 gratulor

198 2372 440 2444 animo
473 2392 598 2446 tuo
631 2401 646 2443 ε
681 2372 810 2446 ‘sed
846 2400 936 2446 ne
977 2374 1237 2448 mirum
1277 2375 1569 2474 quidem
1610 2394 1744 2462 est,
1786 2374 1975 2473 quod
2018 2394 2093 2447 tu
2130 2376 2309 2447 ferre

197 2490 434 2590 potius
457 2511 690 2590 potes3
717 2491 1030 2590 locuples
1055 2519 1148 2564 es.
1171 2491 1367 2582 Quid
1399 2493 1655 2564 horum
1678 2550 1695 2582 ‚
1724 2519 1880 2591 quen
1908 2491 2307 2591 perdidisti,

201 2631 625 2704 magnopere
657 2605 1044 2679 desideras?
1071 2607 1365 2679 domum
1385 2664 1403 2693 ‚
1436 2606 1687 2704 opinor
1720 2606 1925 2701 (hinc
1958 2606 2149 2676 enim
2191 2605 2309 2676 in·-

198 2721 530 2820 cipiam)‚
561 2721 918 2822 perdidisti
951 2750 965 2793 :
998 2722 1240 2794 infelix
1273 2749 1419 2793 non
1456 2721 1749 2792 habebis
1784 2741 2079 2807 tectum,
2114 2720 2308 2818 quod

197 2835 501 2908 subeas?
547 2837 621 2908 in
664 2838 948 2938 publico
989 2837 1118 2910 tibi
1159 2837 1598 2914 manendum
1642 2855 1741 2908 est
1770 2894 1787 2926 ‚
1840 2857 1904 2908 et
1944 2833 2077 2907 sub
2120 2835 2303 2907 caelo.

197 2955 509 3026 Fortasse
539 2954 757 3027 etiam
783 2954 1206 3028 contulerint
1235 2953 1360 3026 ista
1395 2953 1808 3026 detrimenta
1838 2952 2100 3025 deliciis
2128 2953 2301 3027 tuis:

197 3071 528 3142 novimus
556 3072 826 3142 animos
854 3091 1104 3143 vestros
1124 3128 1142 3160 ,
1173 3069 1500 3141 novimus
1528 3068 1807 3142 fastidia
1834 3094 1847 3140 :
1877 3068 1935 3140 si
1966 3095 2109 3140 non
2138 3090 2307 3141 esset

199 3187 488 3261 incensa
526 3190 815 3279 domus,
860 3187 1158 3263 subinde
1193 3187 1506 3277 diruere,
1542 3186 1845 3259 subinde
1880 3207 2153 3260 mutare
2186 3213 2305 3259 vos

281 3351 326 3384 r.
351 3334 631 3408 Conjuyem
664 3353 852 3387 meam.
892 3333 996 3387 Sed
1025 3335 1213 3407 conju-
1292 3359 1365 3372 ·--
1405 3330 1599 3382 Omnia
1638 3342 1828 3382 tamen.
1867 3329 2061 3382 Omnia
2094 3340 2301 3395 tumen,

192 3431 318 3486 grem
343 3431 533 3468 meum.
565 3413 748 3468 hod.
1295 3410 1493 3482 inquit,
1516 3410 1715 3465 eadem.
1742 3411 1964 3466 Senum.
1988 3437 2060 3451 --
2089 3409 2302 3466 Pomm

271 3512 322 3546 2.
350 3494 488 3546 Puta
513 3494 647 3550 illos.
673 3497 812 3548 Puto
836 3495 977 3564 illos,
1003 3493 1203 3548 schult.
1291 3491 1475 3544 diem.
1504 3492 1719 3544 Possum
1752 3491 1949 3556 dicere,
1980 3490 2095 3541 Hoc
2128 3500 2301 3542 tamn

197 3587 249 3626 et
271 3571 456 3626 ,ΕΙ-σᾶ.
481 3603 552 3614 —·
573 3575 730 3627 Stant
755 3575 878 3627 illoe.
904 3575 1060 3627 Stant
1082 3591 1209 3647 quas
1276 3573 1423 3644 serre
1442 3573 1620 3645 potius
1638 3585 1783 3644 potes
1798 3594 1813 3620 .·
1838 3572 2097 3646 9ναειιίον,
2126 3569 2297 3622 AErod.

195 3653 441 3718 ficimus,
461 3651 642 3705 AErod.
661 3683 732 3694 --
753 3654 923 3722 Quum
947 3653 1054 3705 hoec
1065 3651 1208 3721 fece·
1285 3654 1533 3723 Iaegerem
1548 3691 1564 3717 ,
1581 3652 1932 3724 fer-refertius
1946 3644 2116 3726 pote-si
2140 3664 2190 3704 et
2214 3649 2300 3702 hic

198 3736 320 3787 rint.
345 3733 498 3804 Quod
518 3751 676 3806 quum
701 3736 750 3786 k.
769 3735 821 3806 f.
847 3735 1116 3786 Francius.
1287 3748 1340 3786 et
1363 3753 1489 3786 mox
1514 3737 1737 3786 iterum:
1764 3747 1819 3786 et
1843 3735 1915 3786 itu
1940 3733 2123 3805 paullo
2150 3745 2298 3806 post,

266 3815 320 3867 3.
341 3814 507 3866 Error
521 3811 742 3886 utfih'ou
757 3831 896 3866 meos
935 3815 1112 3866 Ermr.
1139 3813 1212 3866 Ue
1275 3812 1481 3884 fortius
1510 3814 1835 3866 manebam.
1881 3812 2036 3866 Ovid.
2081 3810 2296 3864 Remed.

186 3894 338 3968 filios
362 3914 504 3948 meos
527 3914 634 3948 non
663 3896 950 3950 occiderent
969 3895 990 3964 (
1006 3909 1096 3948 aut
1119 3915 1210 3949 oc-
1287 3893 1404 3946 Am.
1434 3894 1569 3961 463:
1602 3917 1626 3942 ι
1646 3897 1853 3946 Fortius
1878 3913 1907 3945 e
1932 3892 2107 3946 multis
2134 3904 2301 3945 mater

193 3976 470 4047 cidissent)
506 3973 856 4048 confitendum
895 3988 966 4028 est
1001 3977 1100 4028 hac
1126 3994 1204 4050 9η
1295 3997 1317 4019 ι
1337 3972 1603 4025 desiderat
1619 3989 1835 4024 unum..
1854 3971 1957 4024 Ubi
1976 3969 2097 4022 vide
2117 3972 2293 4024 Heius.

195 4073 274 4106 ca.
297 4055 464 4127 quod,
485 4067 584 4106 ete.
603 4068 694 4106 aut
707 4055 984 4108 occiderem
997 4095 1014 4122 ,
1031 4054 1084 4106 id
1099 4067 1207 4122 est,
1288 4070 1341 4107 et
1363 4055 1431 4106 ad
1458 4056 1564 4106 Art.
1586 4057 1702 4106 Am.
1722 4057 1759 4116 Ι,
1790 4055 1881 4106 281
1895 4093 1906 4104 .
1925 4054 2094 4104 Buun.
2114 4081 2181 4092 -—
2196 4053 2301 4106 Sed

195 4151 364 4185 causa
391 4151 560 4186 essem
587 4147 648 4186 ut
675 4131 1060 4186 occiderentur.
1085 4135 1202 4187 Son.
1287 4136 1555 4188 nimirum.
1582 4135 1683 4188 Sed
1704 4133 1847 4187 nihil
1868 4135 2078 4187 misum.
2102 4135 2223 4190 Son.
