2855 4871
557 456 1407 533 DECLAMATIONES.
1456 464 1921 535 CCLXVIII.
2175 463 2292 531 105

193 588 277 658 ad
296 588 746 660 evertendam
767 616 911 660 rem
922 588 1281 687 publicam
1299 648 1318 680 ,
1337 588 1448 661 his
1466 589 1680 663 veluti
1701 590 1909 662 armis
1928 588 2251 662 succincti
2274 644 2293 677 ‚

193 703 665 776 accesserunt?
709 703 907 793 Quid
949 730 1078 803 ego
1123 704 1390 793 dicam,
1439 724 1788 804 quantum
1835 704 2085 777 civitati
2127 730 2293 803 pro·-

191 818 400 891 fuerit
421 818 866 919 eloquentia?
885 818 1018 890 sibi
1043 820 1310 892 nocuit.
1333 820 1667 893 Summos
1692 822 2057 921 utriusque
2083 820 2296 920 partis

191 954 490 1007 oratores
511 935 904 1007 videamus:
931 960 1166 1008 nonne
1191 936 1741 1009 Demosthenem
1759 935 1967 1008 illum
1984 993 2004 1025 ,
2024 963 2296 1037 oppres·

193 1078 346 1123 sum
371 1078 651 1124 veneno
686 1079 812 1125 suo
849 1052 1152 1124 scimus?
1183 1079 1422 1124 nonne
1454 1052 1869 1126 Ciceronem
1902 1054 1977 1124 in
2012 1052 2185 1143 illis,
2222 1054 2295 1125 in

191 1168 448 1264 quibus
490 1168 685 1239 toties
727 1167 1116 1267 placuerat,
1163 1169 1391 1240 rostris
1429 1196 1649 1268 poenoe
1691 1195 1832 1241 suae
1866 1168 2300 1268 expositum?

189 1285 354 1354 Haec
405 1282 662 1355 dixisse
709 1283 868 1355 satis
917 1304 1102 1355 erat:
1149 1310 1319 1356 nam
1368 1283 1426 1355 si
1476 1283 1734 1356 civitati
1771 1282 1950 1354 nihil
1987 1282 2299 1354 utilitatis

188 1398 505 1469 afferunt
537 1398 649 1488 hi,
680 1426 846 1471 cum
878 1399 1132 1497 quibus
1162 1399 1532 1487 contendi;
1569 1399 1729 1471 satis
1764 1421 1905 1471 erat
1927 1456 1945 1488 ,
1976 1398 2297 1471 relictum

189 1540 330 1586 esse
367 1542 490 1586 me
521 1516 773 1587 solum.
803 1514 1060 1615 Aliqua
1087 1538 1320 1589 tamen
1353 1516 1440 1588 de
1470 1517 1823 1590 medicina
1847 1516 2123 1606 dicam;
2154 1541 2299 1586 non

191 1629 596 1701 mehercule
612 1630 926 1732 jactandi
959 1632 1099 1705 mei
1119 1659 1325 1705 causa
1343 1689 1361 1723 ‚
1396 1632 1515 1705 sed
1537 1632 2113 1706 commendandae
2139 1631 2301 1703 artis

191 1745 409 1845 ipsius
427 1803 448 1835 ‚
471 1745 678 1845 cujus
702 1768 1010 1819 auctores
1037 1769 1196 1820 ante
1217 1748 1460 1820 omnia
1478 1748 1877 1847 accepimus
1896 1747 2057 1819 deos
2082 1774 2098 1817 ι
2126 1746 2300 1835 sive,

195 1880 268 1929 ut
309 1860 624 1933 maxime
665 1886 842 1952 reor,
891 1883 971 1934 ut
1009 1861 1154 1936 haec
1195 1862 1567 1936 infirmitas
1597 1862 1979 1936 hominum
2013 1861 2305 1934 haberet

199 1973 608 2074 adjumenta
650 1976 885 2075 aliqua
925 1998 1132 2076 atque
1173 1978 1449 2066 solatia3
1487 1978 1627 2051 sive
1659 1998 1937 2050 tantum
1970 1977 2139 2048 huic
2174 1975 2301 2048 arti

197 2089 494 2163 tribuere
516 2090 658 2193 maj
667 2118 816 2163 ores
830 2148 849 2180 ,
871 2113 949 2163 ut
967 2119 1122 2163 eam
1138 2094 1248 2164 vix
1264 2093 1623 2165 crederent
1638 2091 1973 2166 humanis
1992 2092 2302 2192 potuisse

199 2204 496 2304 ingeniis
542 2206 838 2280 inveniri
856 2238 884 2305 3·
925 2208 1064 2280 sive
1109 2208 1258 2311 ipsa
1301 2208 1654 2281 medicina
1693 2235 1818 2309 per
1857 2236 1929 2281 se
1979 2222 2301 2280 ¹sacrum

192 2339 332 2390 est:
371 2320 886 2393 contendamus
923 2348 1087 2421 sane
1126 2322 1326 2422 apud·
1365 2348 1658 2395 securos.
1704 2324 1776 2394 Si
1817 2350 2033 2423 quem
2077 2320 2304 2421 (quod

191 2434 372 2508 absit
411 2437 785 2534 omnibus)
827 2439 1056 2510 subita
1097 2438 1631 2538 deprehenderit
1666 2440 2025 2532 valetud0‚
2069 2460 2303 2512 orato-

193 2576 437 2622 remne
453 2551 814 2623 consulet?
831 2550 1025 2643 Quid
1051 2581 1246 2626 nunc
1268 2581 1395 2652 ego
1417 2581 1857 2643 enumerem,
1881 2576 2117 2627 contra
2134 2574 2305 2653 quot

193 2667 496 2737 fortunae
539 2665 832 2767 injurias
875 2667 1229 2740 medicina
1270 2670 1688 2743 advocetur?
1730 2669 1927 2741 illam
1960 2666 2305 2740 valetudi-

197 2806 376 2852 nem
397 2835 415 2869 ,
449 2807 580 2880 qua
610 2782 892 2882 spiritus
919 2783 1304 2884 frangitur?
1333 2813 1423 2857 an
1461 2785 1656 2857 illam
1676 2844 1695 2876 ‚
1728 2812 1869 2885 qua
1903 2783 2087 2856 visus
2119 2783 2305 2883 peri-

194 2895 572 2968 clitantur?
615 2925 706 2968 an
740 2897 935 2970 illam
957 2957 976 2987 ‚
1007 2926 1147 2999 qua
1175 2897 1468 2972 vulnera
1502 2898 1814 2971 curanda
1846 2897 2048 2971 sunt?
2082 2925 2173 2968 an
2212 2896 2304 2969 il—

195 3000 378 3099 lam',
413 3039 552 3109 qua
581 3011 918 3086 debilitati
949 3013 1380 3087 occurritur?
1407 3040 1808 3085 removeam
1839 3011 2263 3084 medicinam
2281 3068 2301 3101 ‚

199 3149 273 3198 tu
323 3125 781 3227 philosophe,
830 3128 1345 3202 consolaberis?
1389 3129 1607 3220 Quod
1656 3128 2031 3201 hominum
2082 3154 2305 3227 genus

197 3263 334 3331 est,
369 3242 493 3343 qui
530 3269 764 3332 sexus,
811 3271 964 3342 quae
1000 3266 1198 3335 aetas,
1249 3269 1404 3341 quae
1452 3271 1597 3316 non
1634 3242 2002 3342 utilitatem
2047 3269 2129 3312 ex
2172 3242 2303 3312 hac

201 3357 430 3456 petat?
463 3359 706 3455 Itaque
727 3415 744 3450 ‚
777 3358 1054 3431 etiamsi
1093 3358 1446 3431 medicina
1478 3359 1663 3430 vinci
1696 3359 1837 3430 fata
1866 3383 2013 3428 non
2050 3374 2303 3456 potue-

195 3494 396 3562 mnt‚
427 3474 802 3572 productus
829 3495 1065 3548 tamen
1091 3501 1312 3575 usque
1339 3475 1430 3547 ad
1456 3502 1614 3547 eam
1631 3489 1655 3520 ²
1684 3496 1877 3574 pater
1902 3493 2152 3563 noster,
2178 3471 2301 3570 qui

199 3609 328 3660 tres
353 3588 616 3662 liberos
643 3589 968 3662 habebat.

200 3757 412 3830 quidem
438 3778 576 3831 saepe
593 3762 667 3812 ita
685 3762 856 3815 solere
875 3776 1074 3816 veteres
1094 3780 1204 3815 uno
1287 3759 1570 3814 tendamus.
1593 3761 2004 3814 Contemnamur
2016 3778 2141 3812 sane
2158 3757 2303 3829 apud

197 3835 362 3889 verbo
381 3836 630 3912 defungi,
645 3839 740 3892 sed
760 3860 826 3894 an
846 3839 931 3894 hic
952 3861 1062 3894 non
1078 3862 1207 3915 prae-
1284 3860 1499 3896 securos.
1541 3843 1679 3894 Nam
1714 3861 1881 3914 egros
1917 3843 2091 3892 minus
2128 3837 2297 3891 decet.

195 3930 362 3968 staret
384 3917 560 3988 legere
583 3918 756 3971 aluit?
777 3921 944 3974 Eunu.
1287 3921 1509 3974 Senum.

273 4012 320 4046 1.
343 3995 450 4048 Per
463 4016 514 4050 se
529 4016 730 4050 sacrum
750 4012 837 4052 est.
857 3998 918 4052 Τδ
939 3997 1204 4054 θειότατον.
1361 4019 1410 4053 2.
1444 4001 1615 4076 Usque
1635 4003 1707 4056 ad
1725 4020 1858 4054 caan.
1884 4003 1950 4052 Et
1976 3999 2061 4051 hic
2089 4015 2299 4070 quoque

193 4074 332 4126 Vide
361 4075 616 4129 Meibom.
648 4076 719 4130 ad
743 4077 1047 4132 Cassiodori
1073 4081 1207 4132 For·
1285 4081 1439 4136 locus
1478 4083 1852 4136 emendatione
1889 4079 2105 4150 indiget.
2150 4082 2296 4132 Ptru.

193 4153 396 4207 mulam
422 4155 716 4222 Ambiani,
737 4175 856 4229 pag.
881 4155 964 4223 41.
988 4187 1056 4197 —-
1075 4161 1206 4212 Con·
1295 4161 1462 4232 Usque
1498 4163 1568 4214 ad
1602 4181 1717 4216 eam
1754 4173 1957 4216 oetatem
1972 4200 1991 4228 ,
2025 4159 2107 4214 vel
2144 4181 2301 4233 usquc
