2855 4871
587 458 704 499 100
1075 432 1168 495 M.
1217 429 1470 494 FABu
1515 424 2158 510 QUINTILIANI

573 555 919 627 temeritas
944 553 1208 626 miserit
1227 566 1275 642 ¹,
1303 551 1477 624 detis
1499 550 1737 621 locum
1765 546 2213 648 poenitentiae3
2250 546 2657 647 permittatis

577 668 968 757 emendari3
1007 667 1230 741 velitis
1266 665 1587 738 meliores
1620 664 1769 738 fieri
1802 663 2005 741 cives.

580 954 604 970 ι
609 952 668 971 Ἃ
674 950 862 971 ννῦἛΜ
865 944 1539 971 vmmmwbm
1544 936 2660 963 mmmmmmmu

1257 1144 1913 1221 'CCLXVIIL

1037 1380 1350 1462 Orator²‚
1385 1376 1711 1463 medicus,
1740 1372 2201 1475 philosophus.

573 1579 978 1641 Contendunt
1003 1590 1234 1654 orator,
1255 1577 1557 1653 medicus,
1584 1576 1995 1660 philosophus
2014 1578 2091 1637 de
2112 1578 2297 1638 bonis
2318 1582 2543 1661 patris,
2560 1580 2662 1659 qui

653 1691 1017 1738 testamento
1033 1698 1178 1737 eum
1192 1674 1483 1737 heredem
1497 1674 1825 1759 reliquerat
1835 1720 1853 1751 ‚
1869 1677 1977 1759 qui
1990 1697 2053 1737 se
2066 1674 2389 1760 probasset
2405 1676 2663 1759 amplius

655 1774 940 1861 prodesse
961 1773 1217 1836 civibus.

1272 1951 1974 2017 DECLAMATIO.

673 2118 814 2186 Lex
846 2114 1347 2206 contentioniS‚
1384 2134 1453 2185 et
1482 2110 1822 2201 formula,
1854 2133 1922 2185 et
1948 2139 2159 2185 omne
2192 2114 2665 2213 praescriptum

579 2258 659 2302 ex
693 2250 1104 2302 testamento
1143 2231 1356 2328 patris
1391 2227 1652 2328 pendet
1686 2256 1701 2300 ε
1741 2229 1938 2330 cujus
1972 2229 2074 2302 vis
2111 2255 2259 2301 non
2298 2250 2399 2301 est
2439 2254 2565 2321 ea,
2598 2247 2668 2298 ut

654 2395 672 2430 ι
687 2418 698 2429 .
727 2379 832 2432 Aut
857 2381 1112 2434 temeritas
1139 2382 1350 2434 miserit.
1373 2378 1549 2433 Credo
1566 2418 1584 2446 ‚
1670 2401 1695 2425 ιι
1714 2381 1815 2432 uiri
1830 2380 2047 2453 quidem
2061 2396 2265 2455 potest;
2281 2393 2341 2433 ut
2360 2384 2415 2433 in
2438 2381 2555 2448 ina,
2572 2382 2668 2451 Qui

573 2463 617 2514 si
638 2459 864 2534 aliquem
886 2463 1180 2534 reipublicae
1203 2481 1343 2515 error
1361 2475 1459 2514 aut
1469 2462 1587 2534 for-
1672 2481 1693 2505 ιι
1713 2473 1818 2512 tres
1846 2459 2042 2514 liberos
2068 2459 2303 2513 habebat
2318 2497 2336 2528 ‚
2369 2475 2639 2514 oratorem
2654 2498 2668 2524 ‚

575 2551 728 2604 uma,
749 2542 792 2594 si
809 2551 906 2593 aut
921 2539 1196 2593 consilium
1215 2553 1312 2594 aut
1331 2543 1587 2594 temeritas
1672 2563 1694 2588 ιι
1714 2539 2093 2615 philosophum
2105 2582 2123 2609 ‚
2161 2541 2427 2595 medicum
2443 2580 2462 2608 ‚
2515 2555 2670 2594 testa·

577 2619 855 2676 immiserit.
881 2623 996 2674 Hoc
1021 2637 1132 2688 est,
1161 2623 1206 2674 si
1235 2625 1350 2693 quis
1377 2641 1476 2693 per
1499 2641 1588 2675 en·
1672 2641 1696 2665 ι
1714 2635 1897 2672 mento
1937 2635 2167 2692 quatuor
2202 2635 2383 2692 partes
2418 2621 2553 2673 fecit
2572 2659 2589 2687 ‚
2623 2633 2671 2672 et

531 2731 536 2736 ·
575 2719 751 2752 rorem
784 2715 876 2752 aut
906 2701 1210 2766 fortunam,
1233 2715 1334 2753 etc.
1367 2719 1586 2772 rempu-
1673 2720 1695 2744 ιι
1716 2699 1949 2768 singulas
1966 2699 2185 2770 singulis
2198 2698 2549 2770 deditzunam
2564 2704 2669 2771 ejus

576 2777 770 2830 blicam
787 2781 1063 2845 invaserit,
1081 2777 1412 2852 tyrannidem
1431 2795 1587 2831 oecu—
1673 2796 1695 2821 ιι
1716 2793 1829 2828 esse
1856 2777 2053 2844 voluit,
2078 2778 2171 2850 qui
2198 2791 2338 2832 esset
2366 2779 2671 2832 utilissimus

577 2860 735 2926 parit.
769 2857 932 2908 Goon.
967 2856 1076 2910 Aut
1106 2857 1365 2910 temeritas
1399 2869 1589 2929 tyran-
1672 2875 1696 2900 ιι
1716 2854 1927 2907 civitati.
1945 2855 2315 2908 contendunt:
2334 2858 2457 2928 quis
2472 2859 2671 2929 primus

577 2955 708 2986 num
734 2937 940 2990 miserit.
968 2937 1146 2989 AErod.
1674 2951 1695 2979 ιι
1716 2931 1857 2984 dicat
1876 2973 1894 3000 ,
1927 2935 2189 2987 incertum
2220 2949 2333 2987 est:
2374 2937 2671 3008 propositio

653 3031 702 3065 2.
725 3014 927 3066 Orator.
948 3016 1168 3084 Quintil.
1187 3016 1350 3087 hujus
1367 3029 1591 3068 contro-
1675 3034 1697 3059 ιι
1716 3027 1893 3066 tamen
1922 3029 2093 3067 certa:
2127 3016 2195 3067 ab
2224 3035 2288 3068 eo
2319 3019 2463 3069 enim
2480 3056 2499 3084 ,
2527 3021 2673 3090 cujus

581 3095 758 3148 versia:
779 3098 1015 3148 meminit
1027 3099 1152 3148 lust.
1168 3097 1260 3148 lib.
1263 3098 1358 3148 v11
1369 3115 1521 3167 ‚.cap
1541 3113 1587 3164 ι,
1674 3115 1696 3139 ιι
1715 3113 1999 3165 personam
2012 3095 2297 3164 tuebimur,
2311 3098 2672 3170 incipiendum

583 3173 659 3246 §§.
665 3175 730 3243 37
734 3174 1066 3244 -20139-Muhis
1077 3175 1308 3228 millibus
1319 3195 1588 3244 versuum,
1674 3194 1698 3219 ιι
1717 3175 1832 3224 erit.
1857 3197 1880 3222 ιι
1908 3175 1976 3226 Et
1994 3193 2113 3246 cap.
2130 3175 2193 3242 4,
2215 3177 2264 3244 3.
2282 3176 2379 3245 39:
2404 3199 2426 3224 ιι
2442 3179 2673 3249 Fingam-

588 3257 833 3325 «inquit,
862 3257 972 3307 scio
1005 3254 1150 3325 apud
1183 3255 1445 3327 quosdam
1474 3276 1589 3310 esse
1676 3278 1699 3301 ιι
1719 3267 1805 3306 tur
1833 3268 1885 3306 et
1917 3269 2266 3324 testamenta,
2297 3261 2351 3309 in
2385 3259 2580 3330 quibus
2610 3256 2673 3308 de

587 3357 610 3380 a
631 3334 938 3405 qum-titum,
973 3351 1082 3405 quo
1120 3332 1280 3386 modo
1325 3335 1591 3389 iuvenire·
1676 3358 1698 3383 ιι
1720 3335 1834 3389 sola
1870 3351 2164 3409 qumi-atur,
2197 3352 2259 3390 ut
2287 3340 2343 3389 in
2375 3355 2675 3392 controver-

589 3437 610 3459 ιι
633 3431 767 3480 mus,
779 3428 896 3465 utra
914 3431 1034 3485 pars
1051 3413 1272 3467 deberet
1285 3418 1435 3486 prior
1450 3415 1591 3468 dice·
1676 3440 1699 3463 ι
1719 3419 1823 3484 sia,
1850 3436 2007 3489 quam
2028 3438 2189 3492 supra
2212 3423 2471 3490 exposui,
2497 3424 2554 3472 in
2575 3438 2673 3490 qua

589 3516 612 3539 ιι
633 3512 722 3554 re3
749 3493 898 3565 quod
930 3496 983 3545 in
1013 3496 1132 3548 foro
1149 3533 1166 3561 ‚
1195 3495 1278 3548 vel
1311 3498 1589 3549 atrocitate
1675 3516 1699 3541 ιι
1719 3493 1785 3548 de
1801 3511 1950 3568 parte
1965 3498 2269 3570 patrimonii
2284 3513 2504 3569 quarta,
2520 3517 2675 3572 quam

592 3599 613 3621 ιι
633 3573 984 3626 formularum
999 3613 1015 3640 ‚
1047 3577 1131 3628 vel
1171 3576 1333 3628 modo
1372 3578 1591 3650 petitio·
1677 3597 1699 3621 ιι
1720 3589 1873 3647 pater
1890 3577 2198 3647 dignissimo
2223 3598 2287 3631 ex
2310 3578 2429 3632 filiis
2454 3581 2675 3652 relique-

593 3677 614 3704 ιι
635 3673 792 3718 num,
811 3653 894 3704 vel
918 3655 1199 3707 novissime
1223 3669 1366 3708 sorte
1391 3654 1591 3726 dijudi-
1677 3679 1699 3704 ιι
1719 3671 1818 3723 rat,
1833 3657 2165 3712 contendunt
2179 3659 2561 3734 philosophus,
2578 3682 2676 3715 me-

593 3759 615 3783 «
635 3749 800 3787 catur.
831 3737 892 3787 ln
921 3735 1102 3788 schola
1127 3738 1288 3806 quaeri
1312 3735 1441 3788 nihil
1468 3740 1591 3789 atti-
1677 3759 1700 3783 ιι
1718 3736 1896 3808 dicus,
1916 3753 2159 3793 orator.»
2184 3743 2264 3794 De
2286 3741 2391 3794 hac
2416 3759 2569 3816 parte
2594 3743 2676 3797 hie

593 3841 615 3863 ι
635 3819 801 3881 tinet,
831 3835 995 3888 quum
1027 3817 1080 3868 in
1115 3815 1589 3872 deciamationibus
1670 3821 1859 3888 agitur,
1886 3840 1993 3873 non
2022 3821 2090 3874 de
2116 3823 2364 3876 omnibns
2392 3825 2552 3878 bonis
2582 3845 2677 3898 pa-

591 3895 820 3950 «iisdem
849 3913 1096 3958 narrare,
1121 3909 1174 3947 et
1195 3899 1591 3950 contractiones
1670 3901 1857 3950 ternis:
1884 3902 1957 3950 ait
1983 3904 2149 3968 enim,
2172 3915 2231 3954 ut
2251 3902 2389 3955 hane
2398 3924 2595 3976 ,quam
2623 3907 2676 3956 in

594 3995 615 4018 ιι
635 3973 868 4040 solvere,
900 3988 1009 4025 tam
1037 3972 1103 4025 ab
1137 3987 1346 4039 actore,
1376 3993 1531 4045 quam
1556 3993 1589 4028 a
1668 3979 1997 4030 contentione
2030 3979 2289 4052 reliquisse
2322 3983 2530 4038 videtur
2552 4001 2677 4056 par*-

593 4077 614 4098 ιι
633 4071 969 4123 possessore,
1011 4073 1324 4108 concessum
1362 4057 1449 4106 sit.
1486 4055 1587 4108 Sed
1668 4070 1799 4124 tem,
1834 4073 1933 4110 etc.
1967 4061 2149 4112 AEnon.
2169 4061 2302 4114 Vide
2338 4077 2391 4117 et
2422 4067 2677 4118 Fortuna·

586 4155 609 4180 ιι
626 4135 684 4188 in
703 4137 937 4208 plurimis
959 4139 1328 4200 controversiis
1349 4156 1418 4192 ne
1446 4138 1585 4193 inve·
1664 4139 1790 4193 tian.
1815 4159 1939 4214 pag.
1966 4141 2051 4210 43.
2078 4143 2298 4198 Senum.
