2855 4871
540 423 1375 490 DECLAMATIONES.
1423 422 1824 487 CCCXXV.
1910 484 1923 499 ,
2096 426 2215 491 321

123 548 407 650 ponde:
443 568 582 646 quo
607 547 896 621 merito?
919 547 1138 619 nullo.
1162 547 1340 639 Quis
1367 548 1637 645 ignorat
1658 569 2225 622 testamentorum

123 665 546 739 fortunam?
579 686 644 735 et
675 684 846 735 esset
883 665 1166 735 fortasse
1198 664 1272 733 in
1307 682 1529 734 totum
1570 663 1931 762 iniquum,
1968 665 2227 763 requiri

125 808 170 851 a
197 780 416 853 nobis
445 780 704 852 mentis
731 778 976 850 alienae
1015 778 1373 849 rationem.
1410 780 1591 849 Sunt
1626 778 1912 876 quidam
1952 779 2229 851 irratio-

129 896 412 968 nabiles
435 897 738 995 impetus
761 895 1162 967 animorum
1183 954 1201 985 ‚
1227 897 1549 995 quaedam
1572 899 1893 995 gratuita,
1924 919 2001 970 ut
2022 900 2231 998 vulgo

127 1033 497 1100 vocantur,
541 1012 768 1084 odia¹.
813 1012 1104 1102 Quoties
1145 1012 1538 1085 audivimus
1576 1014 1805 1085 filium
1845 1014 2231 1105 dicentem,

133 1156 284 1226 quo
317 1154 476 1199 meo
503 1128 748 1199 merito
773 1149 966 1227 pater
988 1154 1104 1199 me
1135 1127 1603 1200 exheredavit?
1627 1128 1899 1199 nullam
1927 1156 2073 1201 rem
2098 1132 2239 1201 fre-

137 1244 472 1343 quentior
501 1244 871 1315 admiratio
902 1244 1232 1341 sequitur.
1267 1243 1402 1315 Sed
1430 1244 1787 1317 tolerabile
1816 1267 1997 1334 erat,
2030 1246 2085 1316 si
2120 1246 2237 1316 in-

137 1380 660 1457 terrogaremur
695 1360 808 1431 hic
849 1380 1122 1432 tantum
1169 1358 1253 1430 de
1293 1360 1674 1431 hereditate
1712 1386 1726 1429 :
1763 1359 1967 1431 altius
2000 1362 2239 1430 convi-

141 1476 340 1547 cium
367 1474 656 1571 quaestio
687 1476 818 1549 ista
854 1476 1104 1548 habet:
1150 1475 1362 1575 quid?
1401 1477 1457 1547 si
1492 1503 1633 1547 non
1677 1478 2072 1549 communis
2110 1478 2243 1549 ista

143 1590 446 1661 infamia
470 1590 754 1663 fuisset?
776 1592 950 1690 quid
977 1590 1180 1691 ergo?
1203 1618 1454 1690 negem
1478 1592 1685 1665 fuisse
1708 1619 2057 1665 rumorem
2074 1649 2093 1681 ,
2118 1592 2241 1691 qui

145 1704 594 1803 adspergeret
615 1706 794 1779 hanc
817 1707 1199 1778 feminam?
1219 1727 1297 1779 tu
1318 1708 1474 1796 sciS,
1501 1734 1589 1777 an
1612 1732 1767 1777 vera
1792 1708 1931 1777 sint
1954 1734 1969 1777 ε
1994 1728 2059 1779 et
2077 1732 2247 1806 prae·

145 1822 327 1893 senti
347 1823 631 1894 fortasse
659 1822 758 1893 liti
787 1823 890 1895 vel
923 1822 1329 1921 expediebat
1356 1822 1704 1893 confiteri:
1735 1848 1899 1893 nam
1930 1822 1984 1893 si
2022 1823 2205 1894 istud
2225 1882 2244 1915 ‚

149 1935 346 2034 quod
377 1936 680 2033 intelligi
709 1937 810 2008 vis
828 1950 881 2028 ²,
915 1963 1158 2009 verum
1191 1956 1288 2009 est
1314 1968 1331 2026 ;
1367 1936 1609 2032 utique
1638 1935 1985 2007 hereditas
2016 1958 2250 2007 nostra

151 2074 288 2124 est:
321 2051 443 2123 sed
473 2052 771 2151 pecunia
798 2052 1033 2151 potius
1059 2052 1557 2152 periclitemur.
1590 2040 1885 2123 Nullum
1915 2053 2249 2123 meritum

152 2165 384 2237 uxoris
432 2185 565 2237 tuae
607 2165 926 2239 adversus
973 2166 1256 2241 divitem
1307 2168 1481 2240 fuit:
1533 2167 1726 2265 quasi
1772 2192 1931 2239 vero
1988 2167 2252 2239 meritis

157 2301 436 2353 tantum
463 2280 880 2355 hereditates
911 2282 1338 2382 contingant.
1359 2285 1673 2370 Interest,
1696 2310 1787 2355 an
1813 2301 2104 2370 ametur,
2130 2282 2253 2381 qui

159 2394 384 2468 amat?
421 2396 861 2501 potuit'hanc
900 2425 1160 2471 amasse
1197 2396 1541 2472 feminam
1575 2398 1798 2488 diveS,
1829 2396 2017 2470 salva
2044 2396 2257 2498 hujus

161 2511 621 2583 conscientia:
646 2534 787 2585 erat
801 2513 1142 2612 speciosa3
1167 2533 1340 2586 erat:
1366 2513 1594 2612 potuit
1617 2512 1689 2584 in
1709 2513 1899 2585 hunc
1923 2514 2257 2584 affectum

162 2626 503 2699 incidisse.
539 2629 753 2702 Multi
776 2651 975 2720 sunt,
1007 2629 1127 2729 qui
1156 2649 1567 2702 testamenta
1594 2628 1689 2700 sic
1717 2629 2059 2715 scribant,
2089 2648 2261 2697 tam-

163 2767 382 2839 quam
418 2741 594 2814 illud
624 2743 712 2815 ad
748 2744 958 2816 vitam
994 2769 1236 2815 eorum
1269 2742 1644 2841 pertineat:
1677 2741 1771 2811 sic
1801 2739 2093 2839 quidam
2130 2738 2262 2809 he-

165 2857 364 2930 redes
389 2858 706 2931 scribunt
735 2887 887 2951 eos,
923 2885 1096 2957 qnos
1129 2877 1437 2958 captant,
1472 2877 1834 2954 tamquam
1864 2853 2264 2928 intellectu-

167 2999 312 3064 ῐοε,
343 3000 777 3074 quamquam
809 2997 1068 3048 secreto
1103 2975 1386 3073 scriptos
1404 2971 1456 3043 3.
1496 2971 1729 3044 Potuit
1766 2999 1926 3070 ergo
1958 2999 2156 3043 amor
2190 2971 2271 3044 in

171 3115 375 3161 causa
403 3116 588 3180 esse,
633 3092 859 3192 potuit
903 3093 1050 3191 ipsa
1095 3087 1447 3191 pudicitiae
1492 3083 1917 3160 admiratio4
1956 3085 2029 3157 in
2064 3111 2275 3156 causa

250 3283 290 3317 ι.
336 3267 585 3320 Gratuita
625 3268 762 3320 odia.
808 3267 868 3321 ld
907 3282 1023 3334 est,
1065 3269 1179 3322 sine
1263 3263 1406 3336 apud
1422 3262 1891 3334 AErod.tamquam
1906 3260 1963 3311 in
1980 3261 2273 3313 amicitiam

177 3345 284 3398 ulla
331 3365 492 3400 causa
534 3363 778 3420 suscepta
798 3388 814 3414 ‚
863 3368 976 3422 quae
1019 3349 1180 3420 digna
1261 3345 1563 3411 allectat-os,
1588 3356 1858 3417 tamquam
1878 3340 1948 3394 ad
1963 3360 2014 3392 se
2031 3351 2275 3392 attractu-

175 3425 342 3478 videri
379 3439 576 3497 potest.
611 3428 745 3481 Vide
783 3429 862 3482 Cl.
899 3431 1075 3481 Wass.
1115 3427 1182 3480 ad
1266 3445 1345 3481 ros
1375 3438 1561 3480 secreto
1592 3426 1820 3495 scriptos.
1850 3425 2099 3476 Auctoris
2135 3423 2273 3473 fuit:

177 3505 386 3558 Sallust.
414 3505 626 3558 Catilin.
652 3525 770 3579 cap.
796 3507 934 3558 xvl.
1265 3507 1351 3560 Sic
1389 3507 1599 3579 quidam
1644 3503 1847 3556 heredes
1890 3503 2119 3555 scribunt
2156 3521 2275 3569 eos,

200 3601 208 3608 ’
247 3606 296 3638 2.
315 3587 376 3640 Si
393 3586 564 3650 istud,
581 3588 724 3660 quod
743 3587 972 3660 intelligi
991 3588 1077 3641 vis.
1091 3591 1189 3640 Im-
1265 3607 1390 3660 quos
1412 3595 1654 3658 captant,
1683 3597 1953 3656 tamquam
1978 3583 2278 3637 intellectu-

181 3683 298 3731 mo,
320 3665 466 3739 quod
491 3664 718 3738 intelligi
747 3685 852 3718 non
882 3667 971 3718 vis.
1001 3669 1187 3718 Patro·
1269 3684 1365 3730 ros,
1379 3682 1699 3736 quamquam
1716 3674 1901 3716 secreto
1915 3663 2143 3733 scriptos.
2156 3663 2280 3732 Spe-

183 3763 278 3796 nus
299 3746 535 3798 mulieris
555 3745 768 3798 volebat
786 3747 1033 3818 intelligi,
1055 3747 1187 3801 ‹livi-
1269 3760 1391 3798 rant
1409 3748 1549 3798 enim
1572 3762 1893 3817 quocunque
1912 3743 2137 3808 indicio,
2154 3759 2281 3812 qua-

183 3835 286 3874 tem
305 3827 498 3876 amoris
518 3827 791 3877 conscium
811 3827 975 3878 fuisse
994 3847 1006 3876 ε
1028 3824 1190 3898 idque
1269 3843 1485 3897 cunque
1505 3826 1806 3888 occasione,
1827 3823 1881 3874 id
1900 3820 2189 3892 aliquando
2210 3819 2281 3870 ad

183 3920 246 3952 ex
269 3905 574 3974 praescripto
593 3903 744 3956 Fabii
762 3926 774 3954 ε
803 3903 948 3956 dives
967 3918 1060 3956 aut
1077 3907 1190 3972 ejus
1273 3921 1365 3956 eos
1386 3917 1779 3968 emanaturum,
1800 3915 2097 3969 utcunque,
2116 3915 2281 3968 quum

183 3995 440 4049 patronus
467 3981 522 4033 id
545 3982 768 4054 intelligi
797 3982 1066 4034 nolebant.
1093 3985 1190 4036 Ga.
1276 3985 1600 4048 scriberent,
1640 4001 1731 4034 eos
1770 3979 2069 4032 celaverint.
2114 3978 2279 4030 Gnoit.

258 4059 307 4110 3.
333 4060 628 4132 Tamquam
662 4059 1032 4126 intellecturos,
1065 4072 1195 4128 tayn-
1278 4063 1356 4114 Ita
1385 4075 1439 4114 et
1467 4059 1825 4128 Schultingius
1854 4072 1910 4129 εῗιι
1928 4056 2085 4110 Obr.·

187 4155 346 4206 quam
383 4153 575 4192 secreto
608 4141 832 4211 scriptos.
879 4141 1000 4192 Non
1041 4159 1196 4192 nemo
1342 4137 2281 4212 4.Potut'tipsapudicitioeadmiraltt‘o.

403 4228 456 4279 6.
1975 4241 2035 4276 21
