2855 4871
589 390 708 431 112
1059 350 1181 433 'M.
1230 367 1483 431 FABn
1526 367 2169 449 QmN'rlLlAM

581 490 852 565 deatur.
878 491 1156 591 Alioqui
1181 492 1308 564 ista
1331 492 1630 579 ratione,
1661 512 1729 563 et
1750 490 1901 581 ille,
1926 492 2047 591 qui
2078 512 2455 563 nocentem
2478 518 2651 563 accu-

579 608 784 698 savit,
805 634 1012 679 causa
1031 608 1268 679 mortis
1287 608 1426 678 fuit
1445 634 1461 676 ε
1483 627 1551 677 et
1568 606 1682 677 ille
1697 664 1717 697 ,
1738 606 1860 703 qui
1880 606 2359 678 testimonium
2382 608 2456 678 in
2476 634 2651 678 reum

581 720 790 811 dixit,
814 720 1022 824 etiam
1046 723 1102 793 si
1121 748 1364 793 verum
1389 721 1463 792 id
1483 720 1650 809 fuit,
1682 748 1887 793 causa
1910 742 2147 793 tamen
2172 720 2415 793 mortis
2440 722 2653 793 haberi

579 855 810 934 potest
853 862 869 905 ε
924 855 993 907 et
1042 834 1161 907 ille
1214 834 1336 932 qui
1386 833 1733 907 adulteros
1780 836 2028 907 marito
2074 835 2383 936 prodidit
2402 892 2420 923 ,
2474 862 2655 907 causa

582 949 825 1021 mortis
854 949 1096 1021 haberi
1125 969 1386 1048 potest:
1419 970 1490 1021 et
1512 950 1626 1021 ille
1657 950 1781 1047 qui
1810 950 2227 1023 sceleratum
2251 952 2571 1052 produxit
2594 952 2653 1021 in

581 1066 971 1166 publicum.
999 1068 1147 1138 Cur
1169 1066 1387 1165 igitur
1408 1066 1484 1137 hi
1508 1068 1811 1139 accusari
1840 1067 1966 1139 ista
1988 1066 2143 1167 lege
2172 1096 2320 1139 non
2350 1067 2656 1169 possunt?

581 1184 919 1282 quoniam
967 1210 1114 1254 non
1159 1210 1283 1282 per
1325 1184 1509 1282 ipsos
1556 1205 1829 1255 tantum
1870 1186 2097 1272 stetit3
2143 1186 2483 1285 quoniam
2519 1186 2657 1287 jure

579 1301 934 1400 perierunt
963 1300 1037 1370 hi
1059 1354 1077 1379 ,
1112 1298 1370 1399 quibus
1409 1326 1599 1372 mors
1634 1300 1845 1373 allata
1870 1321 1990 1374 est.
2026 1301 2163 1373 Sed
2195 1301 2379 1374 hanc
2408 1323 2657 1401 partem

580 1442 1043 1489 reservemus:
1077 1414 1355 1487 interim
1378 1415 1741 1487 videamus
1758 1474 1778 1505 ,
1813 1415 1986 1516 quid
2008 1416 2095 1489 sit
2120 1436 2350 1490 CAUSA
2378 1435 2655 1489 Mon‘ns.

579 1536 725 1605 Nos
755 1532 824 1604 id
851 1531 1150 1604 dicimus
1179 1558 1470 1603 causam
1497 1559 1638 1605 esse
1664 1532 1907 1605 mortis
1924 1590 1945 1622 ,
1975 1533 2164 1631 quod
2194 1532 2471 1605 homini
2502 1559 2659 1603 mor-

582 1669 724 1720 tem
773 1646 1076 1719 attulerit
1099 1704 1118 1737 ,
1176 1646 1368 1747 quod
1424 1648 1656 1720 solum
1710 1646 1921 1719 nullis
1974 1668 2159 1720 extra
2208 1646 2660 1719 accidentibus

583 1763 802 1837 causis
831 1763 1121 1835 noxium
1149 1764 1396 1855 fuerit,
1421 1790 1565 1861 quo
1589 1764 1805 1835 homo
1833 1764 2177 1863 periturus
2206 1764 2447 1853 fuerit,
2474 1763 2661 1834 etiam

583 1878 638 1950 si
665 1877 842 1949 nihil
867 1878 1011 1977 ipse
1032 1877 1350 1951 fecisset:
1377 1878 1453 1949 id
1479 1878 1669 1975 quod
1690 1878 1984 1952 dicimus
2010 1877 2141 1951 tale
2168 1900 2297 1951 est:
2330 1876 2661 1949 intuendae

585 2016 751 2067 sunt
794 2022 901 2068 res
947 1996 1153 2096 ipsae,
1205 2022 1360 2095 quae
1411 1995 1487 2067 in
1535 1995 1801 2067 crimen
1852 1995 2322 2068 deducuntur.
2384 1992 2665 2066 Produxi

585 2110 806 2182 filiam
833 2111 922 2182 ad
954 2110 1436 2210 magistratum
1466 2138 1479 2181 :
1513 2109 1687 2207 quid
1715 2110 1849 2181 hoc
1879 2110 1965 2181 ad
1998 2110 2435 2186 inferendam
2466 2136 2584 2209 per
2604 2132 2663 2177 se

583 2228 882 2327 pertinet
902 2227 1244 2300 mortem?
1268 2228 1569 2327 Praecepi
1590 2285 1609 2315 ,
1634 2248 1715 2299 ut
1736 2248 2037 2299 mortem
2062 2248 2327 2327 optaret
2354 2254 2369 2298 :
2408 2224 2665 2300 detrahe

586 2342 776 2444 quod
803 2342 920 2415 ille
945 2365 1174 2442 raptor
1197 2364 1329 2432 est;
1361 2343 1641 2415 detrahe
1666 2342 1856 2444 quod
1889 2342 2031 2415 filia
2058 2364 2362 2415 mortem
2400 2339 2665 2443 raptoris

585 2459 880 2560 optavit3
925 2459 1156 2559 ipsum
1200 2460 1392 2560 quod
1427 2487 1556 2560 ego
1594 2460 1763 2552 feci,
1801 2480 2101 2532 mortem
2134 2459 2407 2531 homini
2442 2459 2667 2530 afferre

588 2603 732 2648 non
757 2576 1024 2676 potuit:
1057 2603 1198 2649 non
1219 2603 1506 2678 possum
1529 2603 1658 2675 ego
1677 2575 1890 2648 videri
1915 2601 2121 2647 causa
2152 2574 2390 2647 mortis
2414 2570 2669 2647 homini

585 2694 794 2766 fuisse
825 2721 840 2766 :
878 2693 1047 2791 quid
1079 2693 1255 2766 feci?
1291 2691 1483 2792 quod
1522 2691 1886 2764 innoxium
1917 2713 2098 2781 erat,
2134 2691 2187 2762 si
2218 2689 2397 2762 nihil
2433 2689 2542 2761 ine
2574 2690 2667 2759 fe-

588 2811 807 2882 cisset.
859 2809 1133 2910 Fingite
1185 2809 1376 2882 enim
1425 2809 1573 2882 haec
1621 2808 1929 2881 accidere
1980 2807 2279 2906 potuisse
2324 2835 2339 2878 :
2396 2803 2669 2907 produxi

592 2924 808 2997 filiam
837 2951 851 2997 :
889 2947 1124 3025 optare
1159 2947 1461 2999 mortem
1482 2924 1659 3026 jussi
1688 2953 1703 2996 :
1746 2923 2020 3023 ignoret
2046 2950 2249 3012 sane,
2287 2948 2447 3020 quae
2482 2920 2565 2992 sit
2592 2915 2669 2988 ad

595 3039 1024 3137 magistratus
1055 3039 1335 3113 educta:
1375 3039 1434 3112 si
1467 3060 1689 3138 potest
1716 3037 1977 3128 dicere,
2014 3035 2191 3107 nihil
2224 3035 2360 3108 tale
2394 3033 2667 3108 admisi:

595 3153 775 3225 nihil
809 3154 1181 3228 nocuerint
1209 3182 1327 3247 ea,
1363 3182 1518 3252 quae
1554 3181 1679 3252 ego
1720 3155 1873 3226 feci.
1910 3151 2108 3242 Quid
2148 3151 2311 3248 e'rgo
2348 3149 2451 3222 illi
2490 3173 2673 3221 causa

597 3269 832 3342 mortis
859 3269 1031 3342 fuit?
1069 3271 1258 3366 quod
1289 3269 1560 3370 rapuit,
1597 3269 1790 3367 quod
1822 3269 1929 3341 lex
1962 3288 2261 3339 mortem
2294 3261 2671 3337 constituit:

596 3405 663 3458 et
679 3386 812 3458 hoc
831 3412 1028 3485 paene
1045 3385 1595 3458 adversariorum
1616 3384 2047 3457 confessione
2068 3381 2526 3454 manifestum
2548 3397 2669 3449 est:

596 3527 739 3572 non
787 3522 1005 3599 agunt
1046 3528 1207 3573 cum
1249 3528 1364 3592 ea,
1408 3527 1562 3601 quae
1596 3500 1869 3600 optavit.
1906 3500 2149 3596 Neque
2184 3522 2313 3595 ego
2349 3522 2507 3566 sum
2542 3515 2671 3564 tarn

597 3613 810 3686 durus
843 3641 922 3686 ac
956 3614 1278 3707 demenS,
1315 3637 1394 3688 ut
1432 3643 1558 3715 pro
1593 3614 1814 3688 salute
1857 3613 2074 3685 filiam
2114 3637 2349 3683 meam
2386 3605 2673 3709 periculo

597 3757 758 3803 meo
785 3755 1140 3829 opponam
1169 3759 1185 3802 z
1222 3732 1341 3804 sed
1373 3732 1478 3804 uti
1508 3731 1687 3803 mihi
1714 3731 1844 3802 hoc
1867 3747 2277 3828 argumento
2300 3724 2495 3816 licet,
2520 3747 2673 3821 quo·

597 3847 787 3919 niam
815 3868 886 3920 et
912 3846 1036 3918 illa
1062 3867 1212 3920 tuta
1238 3869 1373 3920 est:
1402 3848 1647 3921 eadem
1675 3847 1866 3920 enim
1884 3903 1903 3938 ,
1936 3870 2092 3942 quae
2122 3842 2447 3915 dicuntur
2472 3867 2513 3911 a
2533 3863 2673 3925 me,

597 3963 685 4033 ab
727 3961 844 4034 illa
888 3961 1286 4035 dicerentur
1321 3989 1336 4034 ι
1386 3964 1616 4062 optavi
1659 3983 1957 4036 mortem
1996 3987 2011 4031 :
2056 3983 2231 4030 num
2278 3977 2511 4028 tamen
2552 3951 2675 4022 hoc

601 4077 978 4169 nocuisset,
1025 4079 1081 4151 si
1126 4077 1449 4152 adversus
1486 4077 1702 4152 alium
1744 4073 2106 4150 fecissem?
2146 4069 2526 4170 quemlibet
2554 4093 2675 4164 ap-
