2855 4871
624 417 757 503 ²74
1130 406 1225 471 Μ.
1272 408 1524 473 FABII
1565 408 2214 491 QU1NT1L1AM

612 541 763 611 Lex
812 532 1034 609 occidi
1088 558 1139 605 a*
1178 532 1327 607 viro
1375 532 1538 603 forti
1591 532 2006 606 desertorem
2052 534 2304 627 voluit,
2351 555 2686 636 tamquam

620 651 1158 726 inutilissimum
1178 706 1197 739 ‚
1226 670 1592 747 tamquam
1623 650 2195 723 inimicissimum
2222 680 2490 753 :neque
2517 656 2686 729 enim

618 792 899 869 poenam
942 766 1123 837 hanc
1156 765 1303 835 viro
1345 764 1504 835 forti
1537 764 1926 854 constituit,
1957 793 2186 865 neque
2224 768 2558 867 imposuit
2589 798 2686 843 re-

616 883 882 955 cusanti
896 939 915 973 ‚
939 906 1167 980 neque
1188 879 1411 952 ullam
1433 880 1908 953 necessitatem
1926 881 2216 955 nolenti.
2232 884 2432 974 Quid
2461 899 2478 929 ¹
2495 886 2682 959 etiam

613 999 914 1088 facietis,
948 999 1005 1071 si
1038 1024 1183 1071 non
1224 996 1586 1070 occidero?
1627 998 1786 1095 quis
1819 1018 1926 1071 est
1954 998 2165 1102 hujus
2197 1002 2682 1075 constitutionis

613 1115 878 1189 exitus?
904 1116 1131 1215 legem
1160 1114 1434 1188 nullam
1461 1114 1752 1187 habetis.
1789 1116 1924 1188 Sed
1951 1116 2298 1190 vindicare
2319 1146 2446 1191 vos
2463 1120 2680 1193 vultis:

614 1231 944 1305 adhibete
969 1230 1371 1303 carnificem
1392 1285 1411 1320 ,
1443 1230 1740 1303 occidite
1768 1250 2151 1331 utrumque
2181 1233 2408 1307 :bene
2431 1234 2680 1307 hercule

613 1344 1074 1422 exhortamini
1106 1371 1119 1415 :
1152 1366 1281 1436 est,
1313 1371 1530 1443 quare
1557 1370 1755 1417 arma
1779 1372 1988 1419 senex
2012 1372 2390 1420 resumam.
2420 1350 2682 1422 Fortiter

608 1462 870 1552 fecisti,
904 1461 1298 1560 plurimum
1338 1460 1736 1559 reipublicae
1769 1482 1904 1532 tuae
1939 1463 2305 1560 praestitisti
2325 1520 2344 1555 ,
2377 1464 2540 1537 velis
2573 1491 2681 1535 no-

608 1576 693 1649 lis
722 1603 735 1647 :
774 1576 946 1675 quid
978 1575 1187 1675 igitur
1220 1575 1363 1646 haec
1404 1573 1495 1645 ad
1534 1574 2034 1673 parricidium?
2065 1598 2137 1649 et
2169 1577 2402 1649 filium
2436 1577 2680 1665 occide,

610 1714 677 1765 et
712 1717 963 1791 parum
1002 1691 1090 1763 sit
1124 1689 1248 1763 tibi
1288 1688 1598 1789 perdere.
1622 1690 2028 1763 Vehemens
2057 1710 2234 1781 eret,
2273 1690 2328 1762 si
2361 1692 2678 1781 dicerem,

606 1806 773 1882 nolo
808 1805 1159 1878 occidere:
1206 1802 1574 1904 ignoscetis
1617 1804 1798 1876 mihi
1839 1804 2138 1896 dicenti,
2175 1808 2336 1878 Non
2373 1832 2678 1906 possum:

606 1948 863 1996 manus
912 1920 1066 2011 ina,
1112 1946 1284 2017 quae·
1316 1918 1510 1991 fortis
1557 1918 1939 2009 dicebatur,
1983 1918 2264 1993 defecit.
2309 1923 2468 1995 Seio
2511 1945 2678 1995 nunc

607 2062 747 2129 me,
763 2036 1061 2139 judices,
1084 2034 1495 2135 reprehendi
1516 2058 1558 2105 a
1576 2034 1782 2106 bonis
1799 2035 2132 2133 pastilam,
2153 2057 2518 2136 tamquam
2541 2064 2679 2138 prae·

604 2153 836 2225 mium
888 2172 1122 2251 optare
1168 2151 1476 2223 nesciam
1520 2178 1535 2221 :
1583 2150 1834 2222 melior
1877 2152 2072 2223 enim
2125 2174 2194 2224 et
2229 2153 2681 2254 indulgentior

606 2288 801 2367 pater
832 2265 972 2337 hoc
1004 2267 1304 2337 diceret:
1345 2264 1600 2337 donate
1637 2264 1904 2337 meritis
1945 2265 2120 2337 meis
2149 2266 2422 2341 filium:
2454 2269 2544 2341 ita
2571 2294 2680 2367 ego

606 2383 795 2482 quod
825 2381 1089 2453 fortiter
1110 2380 1243 2452 feci
1260 2439 1279 2471 ,
1308 2379 1500 2479 quod
1529 2378 1805 2452 tantum
1838 2380 2104 2454 hostilis
2133 2384 2492 2482 sanguinis
2516 2383 2678 2473 fudi,

605 2497 797 2600 quod
840 2497 1023 2568 inter
1066 2516 1432 2568 momenta
1465 2494 1766 2566 victorias
1809 2497 1951 2587 fui,
1995 2522 2140 2568 non
2183 2519 2284 2570 est
2327 2527 2458 2598 pro
2495 2523 2680 2600 opera

605 2611 957 2687 duorum?
978 2614 1128 2711 Ego
1142 2667 1161 2700 ‚
1192 2613 1249 2684 si
1276 2609 1526 2684 melior
1548 2634 1768 2683 essem
1793 2632 2013 2710 pater,
2041 2611 2216 2684 illud
2239 2641 2522 2715 quoque
2543 2616 2680 2687 sim·

604 2731 877 2832 pliciter
914 2729 1307 2819 confiterer,
1353 2727 1734 2802 deseruisse
1771 2727 2002 2799 filium
2045 2753 2205 2802 mea
2239 2731 2496 2830 culpa:
2531 2728 2676 2832 quid

606 2847 797 2919 enim
846 2872 1119 2918 neeesse
1165 2843 1302 2916 fuit
1342 2843 1636 2916 educere
1679 2843 1752 2914 in
1795 2845 2016 2916 aciem
2053 2843 2680 2920 adolescentulum?

605 2961 778 3060 quid
825 2988 1099 3034 necesse
1144 2961 1281 3032 fuit
1320 2960 1526 3032 rudes
1564 2983 1790 3030 annos
1829 2986 1992 3031 cum
2036 2961 2442 3059 gravissimo
2480 2964 2678 3052 hoste,

606 3076 1046 3149 acerbissimo
1066 3076 1300 3176 praelio
1322 3075 1783 3176 componere?
1801 3097 1918 3148 aut
1937 3097 2118 3150 certe
2135 3077 2192 3149 si
2215 3099 2454 3152 tamus
2473 3077 2680 3178 gloria

604 3217 826 3281 amor,
858 3191 915 3262 si
942 3211 1130 3262 tanta
1158 3192 1413 3292 cupido
1437 3193 1730 3265 laudum
1751 3251 1768 3281 ,
1801 3193 2113 3267 recedens
2137 3221 2179 3266 a
2203 3193 2348 3267 filio
2371 3223 2532 3270 mco
2553 3219 2678 3267 non

608 3307 993 3381 debueram
1016 3331 1030 3377 t
1058 3329 1125 3380 et
1144 3309 1277 3380 feci
1291 3367 1310 3399 ,
1327 3309 1603 3409 judices
1616 3368 1635 3401 ‚
1665 3309 1978 3408 primum
1995 3367 2014 3402 ‚
2035 3332 2103 3383 et
2123 3331 2488 3410 tamquam
2511 3311 2679 3384 insti·

606 3444 873 3494 tuerem
910 3421 1139 3494 filium
1175 3421 1423 3495 rudem
1461 3422 1938 3514 militiae,'non
1968 3425 2210 3523 procul
2239 3453 2279 3496 a
2311 3425 2516 3500 latere
2547 3421 2678 3496 reli-

606 3539 757 3640 qui.
774 3539 1065 3639 Decepit
1080 3565 1193 3611 me
1212 3540 1417 3613 ardor
1441 3539 1559 3612 ille
1579 3539 1746 3613 belli
1771 3568 1785 3610 :
1809 3561 1885 3612 ut
1907 3541 2220 3640 primum
2241 3542 2438 3642 signa
2453 3565 2678 3616 canere

608 3677 988 3769 coeperunt,
1010 3655 1322 3756 primum
1346 3677 1568 3730 totum
1589 3656 1916 3729 animum
1937 3657 2270 3754 percussit
2286 3657 2527 3756 patria,
2551 3653 2680 3728 sola

684 3843 728 3878 1.
784 3826 929 3898 Quid
974 3824 1151 3877 etiam.
1208 3825 1348 3897 Quid
1389 3836 1567 3878 autem
1589 3865 1609 3893 ‚
1691 3843 1802 3877 non
1833 3825 1996 3878 habet
2027 3825 2288 3878 AErodius.
2315 3857 2386 3866 —
2407 3828 2550 3878 Bene
2579 3825 2678 3876 her*

604 3905 878 3960 Francius.
920 3935 994 3944 —
1031 3905 1198 3976 Hujus
1236 3905 1614 3968 constitutionis
1692 3903 1822 3957 eule.
1841 3907 1964 3958 Haec
1975 3903 2228 3978 periodus
2243 3905 2573 3958 commodius
2587 3899 2678 3954 eol*

604 3987 786 4039 exitus.
821 3987 979 4038 Forte
996 4021 1013 4051 ,
1044 3984 1404 4037 contentionis.
1441 3984 1609 4036 Giton.
1690 3983 1960 4037 locaretur
1984 3997 2106 4037 ante
2127 3984 2302 4051 illam,
2327 4003 2444 4058 que
2473 3983 2677 4055 incipit,

604 4063 773 4116 Male:
796 4083 920 4118 nem
940 4083 1112 4137 nuper
1130 4063 1261 4116 dixit
1282 4062 1480 4115 honooe
1495 4081 1614 4115 eon·
1692 4059 1960 4117 vehemens
1987 4083 2146 4117 emm.
2181 4065 2396 4118 Satur.
2429 4093 2503 4104 --
2527 4059 2680 4118 Vehe-

604 4141 799 4202 stituto.
832 4145 925 4200 En.
955 4175 1027 4184 —
1060 4143 1339 4199 Vindicate
1370 4161 1472 4196 vos.
1511 4143 1614 4200 Vos
1689 4161 1834 4198 mem
1855 4153 1980 4197 emt.
2005 4143 2198 4212 Erum,
2221 4144 2493 4198 Francius.
