2855 4871
527 429 1368 500 DECLAMATIONES.
1418 426 1873 498 CCXLVIII.
2172 453 2251 527 19

189 578 372 631 nocet
397 558 469 630 in
501 558 943 657 exemplum,
983 582 1212 653 neque
1253 556 1342 647 is,
1382 554 1508 654 qui
1550 582 1621 627 se
1672 559 1974 656 agnoscit
2008 584 2255 635 contra

179 676 278 775 jus
313 675 592 764 reverti,
643 674 762 747 diu
807 674 992 746 intra
1017 674 1194 745 fines
1227 700 1599 746 mansurus
1633 692 1750 745 est.
1800 678 1863 747 Is
1897 704 2087 769 vero,
2134 678 2257 774 qui

187 812 397 863 contra
449 792 681 889 legem
724 790 948 862 sciens
989 789 1206 881 redit,
1253 809 1472 862 tentat
1510 790 1683 892 jura
1717 792 2021 883 vincere,
2069 814 2137 865 et
2178 794 2251 865 in

185 906 601 1005 impudentia
633 933 758 978 sua
776 926 1320 1004 perseveraturus
1349 926 1469 979 est.
1493 906 1881 979 Videamus
1908 935 2131 1002 nunc,
2165 938 2255 982 an

187 1023 337 1095 sicut
354 1050 584 1122 quum
605 1023 999 1096 decessisset
1019 1038 1065 1114 ¹,
1085 1022 1344 1095 occisus
1375 1042 1507 1113 est,
1529 1025 1769 1095 reverti
1797 1045 2108 1123 tempore
2136 1026 2257 1099 illo

189 1139 382 1214 liceat.
441 1145 940 1214 IMPRUDENTIS
1001 1160 1224 1213 cffims
1284 1159 1679 1214 DAMNATUS
1741 1160 2259 1230 QUINQUE-‚nmo

187 1278 509 1331 EXSULET.
573 1260 827 1330 Utrum
873 1257 1006 1329 hoc
1055 1255 1509 1355 intelligimus
1540 1316 1559 1347 ,
1621 1256 1911 1355 singulis
1962 1258 2261 1331 caedibus

187 1372 742 1473 quinquennium
785 1398 928 1445 esse
965 1372 1459 1444 constitutum?
1493 1399 1585 1444 an
1628 1373 1907 1445 interest
1943 1374 2214 1473 aliquid
2242 1434 2265 1467 ,

185 1492 436 1589 quoties
465 1488 762 1589 quisque
791 1488 1175 1588 peccaverit
1193 1545 1212 1576 ‚
1239 1486 1433 1559 nulla
1460 1488 1858 1559 invenietur
1883 1488 2092 1579 ratic,
2124 1515 2263 1588 qua

187 1606 322 1677 duae
347 1607 580 1678 caedes
599 1624 750 1677 octo
780 1604 980 1677 annis
1005 1604 1394 1677 exsulatum
1417 1618 1441 1649 ²
1480 1604 1831 1676 efficiant:
1864 1631 2027 1675 nam
2055 1604 2110 1675 si
2132 1606 2267 1677 im-

187 1724 526 1821 prudentis
551 1722 752 1795 caedis
777 1722 1191 1794 damnatum
1218 1720 1705 1820 quinquennio
1732 1722 2040 1793 exsulare
2060 1747 2267 1820 opor-

187 1859 301 1929 tet,
330 1840 518 1912 nihil
561 1838 918 1911 intererit3
954 1858 1124 1937 quot
1161 1838 1457 1937 quisque
1492 1837 1835 1910 occiderit.
1872 1840 2019 1937 Ego
2052 1838 2267 1937 igitur

186 1954 300 2025 hoc
327 1955 520 2044 dico,
549 1955 821 2051 quoties
849 1955 1218 2026 commissa
1247 1954 1337 2025 sit
1368 1954 1616 2044 caedes,
1652 1954 1847 2025 toties
1875 1954 2268 2052 quinquen-

187 2072 368 2143 nium
391 2098 536 2145 esse
561 2070 974 2170 ponendum
991 2130 1010 2163 ,
1038 2091 1103 2144 et
1119 2071 1252 2144 hoc
1274 2072 1435 2143 satis
1460 2072 1658 2143 firme
1681 2071 1859 2142 tueri
1875 2070 2266 2145 alienarum

189 2214 398 2259 rerum
429 2188 758 2287 exemplo
779 2212 1163 2285 possumus.
1197 2187 1581 2286 Fingamus
1602 2186 1811 2258 talem
1830 2244 1849 2277 ,
1882 2206 1960 2258 ut
1988 2187 2109 2283 qui
2138 2190 2270 2259 fur-

189 2324 322 2374 tum
361 2303 630 2394 fecerit,
666 2303 882 2375 solvat
923 2302 1437 2402 quadruplum:
1484 2328 1829 2400 ponamus
1880 2303 2271 2401 quamlibet

188 2445 442 2518 poenam
478 2419 581 2509 ei,
618 2419 743 2518 qui
788 2418 1212 2521 injuriarum
1247 2418 1457 2491 fuerit
1478 2418 1881 2490 damnatus:
1916 2445 2092 2489 num
2138 2419 2271 2491 du-

189 2532 372 2606 bium
402 2557 531 2626 est,
558 2535 735 2634 quin
755 2536 1024 2634 quoties
1049 2535 1382 2637 injuriam
1411 2535 1872 2625 commiserit,
1897 2535 2097 2606 toties
2123 2557 2269 2632 pas·

187 2676 374 2724 surus
389 2652 473 2725 sit
494 2674 564 2724 et
589 2651 910 2751 poenam?
937 2678 1099 2751 ergo
1121 2650 1177 2724 si
1203 2650 1706 2724 animadversio
1732 2671 1969 2722 contra
1992 2649 2270 2748 singula

187 2762 427 2835 delicta
443 2766 816 2838 constituta
835 2786 955 2859 est,
975 2767 1090 2838 hic
1114 2766 1220 2838 bis
1245 2765 1563 2864 deliquit,
1588 2765 1696 2837 bis
1723 2765 1957 2864 puniri
1982 2765 2222 2838 debuit
2250 2795 2263 2838 :

187 2878 418 2951 decem
442 2882 644 2953 annis
669 2882 990 2953 exsilium
1011 2880 1304 2980 implere
1326 2879 1591 2952 debuit.
1618 2879 1752 2950 Sed
1777 2907 1857 2951 ex
1883 2880 2269 2980 eo,inquit,

187 3016 518 3095 tempore,
547 3025 690 3097 quo
724 3019 1133 3097 sequentem
1164 2996 1422 3068 caedem
1454 2995 1841 3088 commisit,
1876 2997 2273 3096 quinquen-

189 3109 378 3181 nium
415 3111 733 3211 explevit.
774 3112 968 3184 Nihil
1004 3139 1162 3184 mea
1204 3113 1444 3202 refert,
1478 3133 1717 3183 utrum
1750 3112 2065 3210 sequenti
2104 3113 2271 3186 caedi

189 3249 324 3296 non
375 3226 757 3300 reddiderit
803 3249 1124 3327 tempuS,
1181 3227 1370 3328 quod
1413 3226 1727 3299 debebat·
1756 3228 1967 3300 etiam
2010 3229 2267 3328 priori:

191 3367 348 3412 nam
369 3343 426 3414 si
457 3343 1036 3443 quinquennium
1057 3371 1137 3416 ex
1162 3345 1465 3417 triennio
1489 3371 1850 3436 numeras,
1881 3345 2055 3415 illud
2081 3346 2273 3444 prius

191 3482 324 3528 non
371 3481 476 3532 est
529 3461 692 3533 satis
742 3460 1035 3560 plenum
1075 3487 1090 3532 ε
1139 3461 1196 3533 si
1245 3463 1549 3560 assignas
1592 3461 1807 3560 priori
1851 3461 2021 3532 caedi
2062 3489 2271 3533 suum

189 3593 489 3677 ternpus,
541 3605 690 3650 non
738 3580 940 3678 coepit
989 3579 1296 3652 exsulare
1340 3578 1656 3678 sequenti
1703 3578 1899 3670 caedi,
1945 3578 2079 3651 nisi
2123 3602 2277 3680 post

265 3765 406 3816 1.An
419 3769 549 3819 sieut
563 3785 729 3840 quum
745 3767 1037 3821 decessisset.
1055 3767 1192 3820 Con·
1267 3789 1320 3819 a.
1359 3766 1679 3819 exulandum
1721 3761 1979 3840 efficiunt.
2022 3769 2169 3820 Num
2214 3771 2273 3820 si.

193 3843 307 3912 jicio
323 3865 337 3894 ε
372 3869 394 3890 ι
413 3847 702 3901 Videamus
735 3867 876 3901 nunc
890 3888 907 3917 ,
936 3868 1002 3900 an
1027 3849 1154 3901 huie
1170 3887 1188 3915 ,
1271 3849 1493 3902 Senum.
1513 3850 1767 3903 Francius
1787 3849 1999 3902 volebat
2013 3887 2029 3915 ,
2056 3861 2168 3902 octo
2188 3869 2281 3902 an-

201 3943 222 3966 ·
242 3927 330 3994 qui
351 3944 518 3996 quum
556 3928 807 3994 redisset,
834 3929 1041 3980 occisus
1076 3943 1154 3982 est
1172 3965 1188 3996 ,
1271 3945 1474 3980 norum.

201 4025 222 4046 ι
243 4010 426 4058 reverti
475 4007 569 4060 illo
627 4022 866 4081 tempore
917 4008 1137 4062 licuerit.
1163 4034 1185 4058 n
1343 4007 1394 4058 3.
1411 4004 1571 4060 Nihil
1594 4007 1837 4058 intererit.
1859 4007 1971 4074 An,
1994 4015 2169 4057 tamen
2192 4025 2277 4059 ex-

195 4083 358 4136 Guon.
1273 4086 1429 4156 cidit,
1466 4088 1606 4140 nihil
1639 4079 1847 4142 tamen?
1870 4087 1952 4139 vel
1991 4106 2057 4139 an
2100 4087 2291 4160 legen-f

267 4179 316 4213 2-
356 4163 476 4218 Octo
505 4166 670 4218 annis
691 4165 957 4220 exulatmn
994 4168 1092 4241 effi
1129 4170 1192 4222 Ο.
1275 4167 1431 4238 dum,
1450 4170 1679 4222 multum
1700 4171 1946 4224 intererit.
1970 4171 2187 4226 Senum.

1950 4277 1996 4311 2.
