2855 4871
563 438 1405 508 DECLAMATIONES.
1452 439 1912 504 CCCXLIII.
2166 440 2293 520 413

174 567 402 638 fuisse
431 566 920 638 manifestum:
953 563 1076 664 qui
1103 563 1160 633 si
1199 582 1516 661 apparet,
1553 589 1593 633 a
1628 582 1693 634 te
1736 558 2293 661 circumscriptus

177 709 372 752 sum.
394 683 556 770 Jam
576 681 920 752 venimus¹
953 678 1043 752 ad
1070 678 1261 750 illam
1290 677 1565 774 tertiam
1594 699 1861 776 partem
1894 704 2116 750 causae
2144 705 2295 749 nos·-

176 816 300 867 trae
321 854 341 886 ,
377 797 454 867 in
484 823 626 894 qua
656 795 1022 867 ostendam
1051 794 1246 866 vobis
1264 850 1284 886 ,
1315 820 1531 890 quam
1560 793 1803 891 inique
1832 793 1965 866 sim
1996 793 2297 865 circum-

181 910 506 1010 scriptus,
539 911 836 1010 Nuptias
875 909 1034 980 filiae
1071 931 1205 982 tuae
1238 928 1479 1007 pactus
1506 935 1703 982 sum:
1740 935 1885 980 non
1921 909 2074 981 dico
2102 965 2121 998 ,
2157 934 2298 1006 qua
2334 961 2343 966 -

182 1026 550 1099 mercede:
584 1046 824 1126 pactus
849 1053 1008 1100 sum
1025 1039 1077 1097 ².
1115 1024 1322 1096 Fides
1347 1051 1755 1124 supremum
1782 1051 2015 1097 rerum
2046 1025 2299 1096 huma-

181 1166 445 1212 narum
474 1140 837 1213 vinculum
872 1159 1009 1211 est:
1052 1167 1240 1211 sacra
1276 1139 1426 1212 laus
1468 1140 1634 1212 fidei
1667 1139 1849 1212 inter
1881 1139 2109 1214 hostes
2132 1197 2151 1231 ,
2188 1166 2299 1212 sa-

183 1281 344 1344 cra,
381 1256 572 1353 quod
611 1281 840 1354 nuper
881 1255 1233 1354 comperi,
1281 1253 1461 1326 inter
1499 1255 1792 1354 piratas:
1838 1277 2045 1330 tantae
2082 1255 2295 1328 etiam

184 1369 382 1469 apud
414 1370 632 1443 malos
665 1370 1118 1460 auctoritatis,
1163 1389 1240 1441 ut
1281 1397 1505 1467 quum
1548 1369 1811 1442 tradere
1848 1370 2029 1442 mihi
2074 1370 2297 1441 filiam

184 1508 388 1557 tuam
415 1486 636 1558 nolles
651 1543 670 1576 ,
695 1512 946 1585 negare
973 1505 1203 1586 aperte
1227 1510 1372 1556 non
1398 1485 1827 1558 sustinueris,
1850 1488 1938 1557 Et
1960 1512 2099 1582 qua
2122 1512 2298 1557 mer-

185 1600 354 1671 cede
393 1621 636 1699 pactus
675 1599 907 1673 eram?
946 1621 1024 1672 ut
1063 1601 1521 1672 redimerem:
1560 1628 1705 1672 non
1736 1601 1891 1674 dico
1926 1628 1967 1674 a
1995 1601 2254 1700 quihus
2276 1631 2295 1692 3

186 1713 516 1786 nondum
550 1715 742 1805 dico,
777 1741 918 1813 quo
958 1714 1288 1813 periculo.
1327 1715 1605 1787 Scilicet
1642 1715 1829 1787 male
1861 1736 2097 1787 tecum
2131 1741 2295 1814 age-

185 1832 419 1923 batur,
450 1833 506 1903 si
533 1833 644 1904 cui
671 1852 963 1932 coeperat
991 1831 1145 1930 plus
1167 1832 1453 1922 debere,
1480 1859 1696 1930 quam
1719 1831 1840 1904 tibi
1869 1860 1883 1903 :
1918 1832 1995 1903 in
2018 1858 2301 1905 summa

188 1945 420 2044 qualis
465 1946 552 2017 sit
597 1946 723 2018 ista
769 1945 1118 2037 conditio,
1161 1946 1260 2017 sic
1303 1946 1797 2019 aestimandum
1852 1967 1995 2037 est3
2039 1967 2115 2019 tu
2164 1973 2298 2046 po-

189 2059 427 2131 suisti:
458 2060 588 2133 hoc
617 2061 704 2132 ad
739 2062 1072 2134 meritum
1108 2062 1439 2160 pertinet,
1472 2061 1652 2134 illud
1684 2062 1770 2134 ad
1806 2061 2136 2163 pericula.
2164 2063 2299 2134 Na-

187 2175 414 2274 vigavi
454 2174 544 2246 ad
588 2176 879 2275 piratas,
933 2178 1009 2248 in
1053 2203 1228 2276 quos
1277 2177 1583 2250 incidere
1627 2177 2105 2251 miserrimum
2149 2198 2293 2250 est:

192 2291 513 2389 quaesivi,
554 2318 799 2365 omnes
843 2293 1164 2392 scopulos
1206 2315 1545 2366 scrutatus
1577 2321 1779 2385 sum,
1814 2292 2057 2368 omnia
2099 2295 2303 2367 litora

192 2407 476 2481 excussi.
539 2407 820 2481 Accedit
869 2406 1140 2508 aliquid
1194 2408 1522 2510 ponderis
1572 2409 1739 2482 huic
1787 2409 2036 2482 merito
2087 2435 2294 2482 meo:

193 2551 460 2625 pauper
488 2525 621 2599 hoc
647 2526 825 2617 feci;
855 2552 1006 2599 rem
1036 2526 1233 2599 diviti
1259 2554 1541 2627 gravem
1562 2583 1579 2617 ,
1609 2526 1788 2599 mihi
1818 2528 2295 2599 necessariam.

189 2642 278 2711 Et
322 2667 538 2739 quare
579 2662 827 2741 negata
876 2640 1018 2713 est?
1055 2661 1134 2713 ut
1171 2640 1621 2713 collocaretur
1658 2640 1757 2731 ei,
1798 2641 1922 2738 qui
1955 2666 2099 2711 non
2136 2639 2298 2711 red-

193 2774 494 2845 emerat,
524 2755 645 2854 qui
671 2775 1209 2854 contempserat,
1245 2754 1368 2853 qui
1395 2754 1633 2854 piratis
1658 2753 2069 2851 reliquerat?
2100 2756 2299 2823 Tan-

193 2891 444 2943 tumne
498 2871 798 2969 pecunia
846 2867 1080 2942 valet?
1123 2889 1396 2941 tantum
1452 2868 1572 2940 ille
1622 2868 1856 2967 fulgor
1903 2868 2301 2941 divitiarum

193 3004 432 3055 contra
461 2983 816 3055 veritatem
853 2981 1121 3082 potest?
1160 3009 1354 3056 nunc
1393 2981 1511 3053 ille
1556 2981 1823 3055 melior.
1859 2984 2020 3055 Non
2060 3004 2295 3056 tamen

193 3127 324 3199 ego
350 3100 525 3172 feci:
561 3101 761 3199 quasi
787 3098 1334 3198 circumscriptio
1364 3099 1439 3170 in
1466 3099 1598 3171 hoc
1620 3099 1709 3171 sit
1730 3100 1911 3190 solo,
1936 3100 2127 3200 quod
2151 3128 2299 3173 non

191 3238 346 3291 acta
367 3244 490 3318 per
511 3238 754 3290 testem
771 3215 836 3289 3:
866 3237 964 3289 est
992 3216 1066 3288 in
1092 3216 1244 3308 illo,
1269 3216 1462 3314 quod
1486 3217 1859 3315 promisisti
1879 3248 1897 3307 ;
1924 3218 2117 3292 estin
2142 3218 2295 3313 illo,

191 3334 385 3431 quod
431 3360 588 3423 me,
637 3335 858 3407 donec
900 3332 1018 3405 ille
1062 3355 1367 3435 raperet,
1416 3334 1769 3419 distulisti.
1818 3338 1992 3433 Non·
2022 3357 2124 3408 est
2164 3335 2299 3409 hoc

191 3475 419 3553 genus
442 3475 700 3541 causae,
737 3448 812 3521 in
848 3476 988 3547 quo
1023 3450 1268 3523 omnia
1303 3448 1603 3523 crimina
1632 3452 1999 3523 transferre
2032 3452 2293 3551 possis:

193 3671 550 3740 manifestum.
585 3674 752 3723 Immo
781 3690 895 3727 esse.
923 3670 1089 3725 Grion.
1125 3674 1206 3725 Ita
1287 3670 1547 3725 mercede:
1571 3681 1913 3744 pactum,
1938 3669 2301 3743 Schultingim

191 3766 245 3803 et
269 3750 475 3804 Schult.
497 3752 610 3819 vel,
632 3754 708 3807 sie
727 3771 843 3807 esse.
868 3753 971 3807 Sed
988 3752 1202 3825 fecisse,
1287 3767 1338 3807 et
1361 3754 1683 3808 obrechms.

191 3828 518 3883 Obrechtus.
1355 3834 1406 3886 3.
1421 3834 1549 3887 Non
1570 3845 1685 3885 acta
1700 3852 1801 3904 per
1816 3843 2005 3885 testem.
2027 3830 2179 3901 Quod
2188 3848 2294 3897 ηοῃ

235 3914 1201 3968 1Jamvenimm.1amveniamus.AE1-.
1285 3926 1435 3987 rapta
1454 3934 1553 3989 per
1578 3925 1626 3967 te
1638 3937 1659 3979 ,-
1682 3915 1839 3967 etiam
1864 3926 1935 3967 est
1959 3914 2013 3964 in
2038 3911 2161 3979 illo,
2192 3927 2290 3965 etc.

229 4010 281 4045 2.
308 3994 424 4064 Qua
455 3996 686 4047 mercede
701 4006 888 4066 pactus
903 4016 1032 4048 sum.
1065 3997 1207 4049 Scri-
1284 3996 1415 4049 Obr.
1438 3998 1606 4069 Rapta
1626 4013 1725 4067 per
1742 4004 1910 4045 temet.
1934 3991 2151 4044 Senum.
2168 3994 2295 4049 Non

191 4074 262 4126 be
283 4096 298 4127 ι
345 4074 598 4129 Nondum
639 4076 758 4129 dico
770 4116 790 4143 ,
832 4096 936 4149 qua
978 4078 1207 4130 mercede
1285 4088 1403 4129 acta
1419 4094 1518 4149 per
1534 4084 1703 4127 testem
1726 4084 1813 4127 est.
1837 4072 1905 4123 In
1930 4071 2023 4125 illo
2041 4090 2092 4144 q.
2115 4093 2169 4145 p.
2192 4086 2290 4127 est:

191 4164 375 4226 pacm
415 4156 526 4209 sim.
569 4158 735 4211 Gnon.
779 4159 903 4211 Non
944 4158 1062 4211 dico
1103 4178 1208 4231 qua
1285 4158 1342 4209 in
1367 4156 1491 4224 illo,
1516 4170 1617 4209 etc.
1646 4154 1821 4208 AErod.
