2855 4871
569 407 695 488 428
1069 410 1163 472 M.
1210 407 1464 472 FABII
1510 407 2159 490 QUINTILIANJ.

569 530 767 602 aliud
810 531 1210 603 cubiculum
1234 547 1284 622 ¹,
1320 531 1521 631 juxta
1552 529 1899 603 adulteros
1932 559 2128 604 meos
2160 531 2675 604 collocaturus?

569 674 659 718 an
707 674 932 745 quum
976 648 1316 720 venissem
1365 647 1440 717 in
1490 646 1935 735 cubiculum,
1988 669 2059 720 et
2095 647 2444 750 jacentem
2494 675 2671 718 cum

571 761 884 835 adultero
932 789 1216 835 uxorem
1264 788 1498 834 meam
1548 761 2195 860 deprehendissem,
2244 763 2673 836 excitaturus

573 877 900 949 tantum?
947 877 1122 976 quid
1152 876 1453 950 deinde?
1496 898 2025 976 receptui-usne,
2074 904 2167 950 an
2208 876 2568 950 cessurus?
2616 877 2674 947 si

571 990 781 1063 talem
816 992 1178 1082 habiturus
1207 1014 1398 1064 eram
1423 992 1782 1084 animum,
1808 992 1942 1084 dii,
1966 995 2217 1092 gratias
2246 1020 2379 1092 ago
2392 1007 2447 1084 ²,
2478 991 2671 1090 quod

575 1127 775 1180 nocte
805 1107 982 1180 veni.
1008 1109 1152 1180 Vos
1177 1108 1517 1207 profecto,
1548 1108 1645 1179 dii
1676 1109 2079 1209 conjugales
2096 1167 2115 1199 ,
2139 1109 2322 1182 hanc
2345 1109 2449 1181 illi
2472 1134 2677 1180 men-

575 1243 720 1295 tem
768 1221 1092 1318 dedistis,
1145 1243 1226 1294 ut
1267 1222 1565 1295 domum
1609 1223 1685 1294 in
1735 1221 1972 1296 dotem
2016 1223 2246 1316 daret,
2296 1245 2374 1297 ut
2420 1223 2675 1296 eadem

576 1338 850 1411 familia
879 1340 1242 1418 excubaret
1259 1370 1279 1430 3
1315 1359 1393 1410 ut
1432 1339 1489 1412 is
1510 1338 1773 1440 janitor
1798 1361 2009 1432 esset,
2038 1341 2163 1439 qui
2192 1367 2309 1412 me
2344 1339 2677 1412 admitte-

583 1475 716 1543 ret3
759 1477 836 1526 ut
877 1483 1181 1530 reversus
1220 1457 1525 1553 denique
1558 1456 1734 1529 nihil
1770 1457 1933 1530 novi
1967 1457 2395 1548 invenirem,
2428 1477 2677 1557 praeter

577 1568 947 1643 adulteros.
983 1574 1164 1671 Ergo
1199 1571 1415 1644 uxot-3
1450 1572 1547 1646 sic
1579 1600 1620 1644 a
1656 1599 1770 1645 me
1810 1594 2077 1663 amata,
2120 1595 2536 1648 testamento
2570 1599 2677 1644 re-

581 1682 742 1756 licta
782 1685 1013 1778 heres,
1061 1687 1299 1761 audita
1339 1709 1559 1760 morte
1602 1688 1873 1781 mariti,
1915 1713 2061 1762 non
2108 1687 2506 1786 inquisivit,
2559 1685 2679 1759 uhi

584 1801 941 1901 periissem
961 1861 980 1895 ,
1019 1831 1164 1877 non
1201 1805 1469 1902 aliquos
1500 1806 1815 1879 certiores
1844 1807 2164 1896 nuntioS,
2198 1833 2343 1878 non
2374 1831 2678 1877 reversu-

585 1943 696 1990 ros
737 1944 777 1989 a
817 1920 1158 2018 supremis
1191 1920 1441 1993 officiis
1474 1921 1773 1994 servulos
1807 1920 2294 2021 exspectavit4:
2331 1919 2457 1994 sed
2488 1916 2677 1991 festi-

588 2051 752 2103 nato
785 2059 1066 2133 quoque
1100 2036 1374 2135 nupsit,
1410 2057 1482 2108 et
1512 2035 1589 2108 in
1617 2063 1809 2109 novae
1838 2036 2155 2110 libidinis
2187 2062 2501 2108 amorem
2526 2059 2679 2106 mea

579 2143 854 2244 judicia
884 2149 1203 2246 protinus
1235 2150 1620 2242 transtulit,
1659 2151 1732 2222 in
1762 2151 2006 2224 eadem
2044 2150 2291 2238 domo,
2328 2151 2403 2221 in
2434 2149 2675 2220 eodem

593 2259 951 2353 cubiculo,
1001 2263 1077 2334 in
1127 2264 1376 2336 eodem
1423 2264 1643 2339 lecto?
1688 2265 1863 2339 adeo
1910 2266 2142 2339 mariti
2185 2264 2437 2367 prioris
2478 2264 2679 2336 etiam

595 2379 936 2451 memoria
966 2380 1290 2455 abierat5.
1331 2382 1518 2455 Desii
1555 2383 1683 2457 ista
1716 2383 1995 2475 mirari,
2024 2409 2249 2484 quum
2283 2382 2679 2456 adulterum

593 2492 733 2566 vidi
771 2494 1146 2597 juvenem,
1194 2520 1477 2598 propter
1522 2526 1736 2598 quem
1780 2500 2049 2573 tamdiu
2090 2498 2304 2572 vidua
2350 2524 2497 2573 esse
2545 2520 2679 2570 non

673 2718 718 2753 1.
751 2702 839 2756 An
875 2724 958 2758 me
993 2707 1048 2759 in
1081 2706 1252 2761 alium
1285 2706 1597 2761 cubiculum.
1679 2712 1901 2766 servulos
1916 2710 2241 2785 exspectavit.
2264 2710 2485 2762 Porcius
2504 2704 2571 2758 de
2588 2704 2681 2755 Te·

595 2784 807 2849 Scribe,
840 2786 895 2838 iu
925 2787 1060 2839 idem
1088 2788 1407 2841 cubiculum.
1434 2789 1601 2841 Gnon.
1682 2795 1887 2847 tentio:
1922 2816 1946 2840 α
1964 2795 2163 2845 Eorum
2184 2792 2275 2843 ille
2304 2808 2471 2862 opera
2500 2808 2567 2840 ne
2592 2786 2679 2837 (lo-

595 2862 666 2913 1u
679 2880 852 2914 meum
867 2866 1186 2933 cubiculum,
1204 2866 1338 2919 obt.
1355 2869 1422 2919 In
1437 2866 1602 2933 aliud,

599 2940 800 2995 Schult.
831 2948 982 3015 cujus
1013 2946 1441 3001 emendationem
1468 2949 1605 3001 reci-

599 3023 803 3093 pimus,
827 3028 926 3077 etsi
953 3046 1137 3081 omnes
1167 3043 1356 3083 nostrae
1383 3030 1603 3083 edition.

599 3097 767 3152 alium
795 3104 1088 3157 cubiculum
1117 3106 1381 3171 habeant,
1409 3110 1608 3178 quippe

600 3200 717 3253 quae
735 3187 944 3253 gravius
965 3184 1274 3239 latinitatem
1302 3188 1511 3241 laedant.
1535 3191 1607 3240 Ut

599 3262 754 3317 valde
777 3265 1028 3318 miremur
1059 3266 1368 3321 mendosam
1399 3287 1607 3320 mascu-

601 3346 696 3399 lini
709 3348 912 3418 generis
927 3366 1049 3399 cum
1065 3360 1254 3400 neutro
1273 3351 1609 3419 conjunctio-

603 3444 727 3477 nem
751 3424 922 3479 doctis
941 3426 1316 3498 interpretibus
1342 3445 1457 3480 esse
1481 3448 1609 3500 prae-

602 3508 910 3559 termissam.
931 3509 1024 3560 En.
1044 3509 1113 3560 In
1132 3507 1273 3561 illud
1286 3508 1607 3577 cubiculum,

605 3586 872 3639 Francius.

678 3681 726 3716 2.
751 3662 1036 3730 Animum,
1061 3664 1139 3717 dia·
1155 3668 1349 3738 qmtias
1369 3686 1487 3741 ayo.
1514 3668 1610 3719 Hic

605 3746 784 3801 malim
809 3768 822 3799 ι
863 3747 924 3800 Si
966 3744 1122 3799 talem
1166 3747 1429 3801 habiturus
1468 3767 1610 3801 eram

605 3825 844 3879 animum
865 3864 884 3891 ‚
926 3826 1024 3879 diis
1059 3828 1258 3901 qratias
1296 3848 1429 3903 aqo,
1475 3828 1617 3901 quod

609 3915 757 3957 nocte
781 3904 915 3957 veni.
940 3904 1105 3957 Gnon.

679 3982 729 4035 3.
749 3984 891 4056 Ergo
915 4002 1061 4037 uxor.
1089 3984 1320 4036 Pertinet
1344 3998 1398 4037 et
1421 3983 1489 4037 ad
1510 3984 1615 4037 hoc

609 4058 647 4110 l.
673 4078 824 4113 uxor.
851 4062 906 4113 C.
935 4059 1002 4113 de
1025 4060 1232 4133 Repud.
1255 4066 1398 4115 Ριτιι.

678 4138 729 4207 4.
761 4143 1060 4197 newsum
1089 4164 1123 4195 a
1149 4145 1400 4217 supremis
1427 4140 1621 4219 officiis

1690 2894 1713 2919 ι
1734 2868 1901 2924 mum*
1920 2871 2133 2944 quidem
2176 2870 2367 2922 habuit
2412 2865 2680 2921 conducti·

1690 2966 1714 2989 ι
1734 2944 1899 3003 ciarm
1926 2942 2109 2996 saltem
2132 2954 2193 2995 ut
2214 2954 2384 3007 esset,
2404 2959 2515 3011 quo
2538 2938 2681 2991 refer-

1692 3048 1715 3073 ιι
1736 3038 1817 3077 ret
1867 3024 2073 3077 obitum
2127 3023 2333 3075 domini
2390 3021 2635 3073 servolus.
2656 3039 2676 3061 ι

1686 3106 1849 3174 Quod
1870 3106 2006 3159 male
2026 3108 2247 3158 mutavit
2268 3102 2503 3173 Scaliger
2518 3124 2533 3153 ε
2556 3124 2577 3147 c
2590 3095 2681 3165 Qui

1694 3206 1717 3231 ι
1738 3188 1957 3238 referret
1998 3185 2201 3237 obitum
2242 3182 2484 3245 domini,
2521 3193 2680 3233 servo·

1694 3289 1716 3313 ιι
1736 3265 1835 3319 lus.
1859 3290 1882 3315 a·
1914 3268 2155 3319 Gronov.
2190 3266 2463 3330 Reversus,
2490 3259 2681 3313 volebat

1688 3347 1963 3397 Francius.
1992 3346 2167 3396 -Bt
2198 3345 2255 3395 in
2294 3360 2442 3395 uovoe
2478 3335 2681 3392 libidinis

1690 3442 1935 3475 amorem.
1955 3423 2091 3475 Pu‘to
2108 3434 2392 3474 auctorem.
2419 3422 2547 3471 Mea
2550 3412 2683 3491 judi·

1691 3503 1773 3554 cia
1786 3542 1803 3569 ,
1824 3502 1879 3554 id
1898 3516 2003 3568 est,
2026 3500 2171 3573 quod
2192 3519 2291 3569 ego
2312 3500 2361 3552 ei
2384 3506 2680 3552 testamento

1690 3583 2023 3653 reliqueram.
2042 3584 2121 3634 Ne
2136 3584 2299 3633 facias
2316 3598 2439 3631 cum
2454 3576 2680 3633 Ain-odio,

1691 3662 2027 3734 meajudicia
2043 3660 2269 3713 eludens.
2292 3661 2463 3711 Gnon.
2484 3660 2601 3709 Mea
2616 3656 2683 3723 itt-

1692 3743 1828 3796 dicia
1868 3744 2109 3814 protinus
2148 3741 2363 3793 eludens
2378 3778 2397 3805 ,
2440 3734 2685 3791 transtulit

1693 3822 1946 3875 moechum
1974 3826 2027 3873 in
2054 3822 2262 3887 eadem,
2290 3817 2471 3869 AErod.

1768 3904 1816 3955 5.
1836 3903 2013 3953 Etiam
2030 3900 2279 3952 memoria
2298 3900 2511 3951 alu'erat.
2528 3890 2683 3947 Credo

1698 4002 1727 4035 e
1746 3982 1881 4034 libro
1902 4002 2017 4033 esse
2038 3981 2221 4032 Pinhoei
2261 3979 2477 4049 Alioqui
2496 3994 2603 4027 non
2621 3975 2683 4023 in·

1696 4062 1977 4116 commode
2008 4060 2303 4113 Thadclaeus
2340 4072 2389 4109 et
2428 4056 2652 4109 AErofflus
2668 4086 2681 4113 ‚

1698 4144 2001 4195 memoriam
2024 4142 2291 4208 abjecerat.
2318 4141 2491 4191 Giton.
