2855 4871
598 428 1439 495 DECLAMATIONES.
1482 430 1893 501 chxxx.
2010 388 2015 392 ⁴
2174 440 2292 507 155

187 580 336 627 non
375 579 518 627 una
553 572 755 627 nocte
789 552 1102 652 cognit03
1146 580 1274 626 nec
1315 575 1597 654 propter
1638 582 1937 631 errorem
1971 561 2255 637 fortasse
2275 594 2323 655 ‚·

187 697 318 742 nec
363 690 646 770 propter
667 684 686 715 ¹
725 668 1095 770 injuriam,
1137 669 1258 742 sed
1295 669 1599 762 delecto,
1644 673 1765 745 sed
1798 676 2090 775 probato
2108 734 2128 768 ,
2176 681 2297 755 sed

187 786 578 885 impetrato.
599 787 858 858 Tentat
885 812 1000 857 me
1023 786 1350 859 adversus
1381 786 1532 859 haec
1560 814 1751 861 socer
1776 814 1903 889 spe
1936 791 2205 887 fallere,
2230 816 2298 869 et

189 928 334 973 non
375 902 615 1000 palam
647 899 984 991 ostendit,
1023 900 1199 1000 quid
1241 901 1327 973 sit
1366 922 1770 1000 optaturus:
1808 904 1905 978 ita
1942 906 2299 982 blanditur

189 1033 472 1093 tamen²
521 1018 780 1093 actioni
827 1019 1125 1092 libenter
1150 1046 1174 1090 ι
1206 1017 1561 1119 judicium
1606 1020 1844 1112 credo,
1890 1046 2297 1098 remansura

189 1155 290 1207 est
331 1135 410 1207 in
453 1161 620 1208 meo
651 1134 1120 1207 matrimonio.
1165 1134 1499 1206 Misereor
1535 1135 1860 1234 raptoris;
1905 1162 2135 1237 neque
2168 1164 2295 1238 ego

189 1252 462 1350 primus
487 1252 661 1351 coepi
689 1278 706 1321 ε
739 1250 1092 1342 misereor,
1129 1249 1380 1322 erravit
1401 1251 1686 1323 fortasse
1704 1309 1723 1340 ,
1748 1273 1828 1324 ut
1854 1252 2076 1328 scelus
2108 1280 2299 1327 com·-

191 1366 499 1440 miserit:
537 1367 784 1458 homo,
820 1366 995 1439 dum
1027 1366 1479 1465 periclitatur,
1516 1367 1729 1440 etiam
1763 1368 1995 1467 imago
2030 1366 2297 1471 3poenae

153 1496 302 1555 ‘me
335 1482 754 1557 confundit:
792 1481 924 1555 hoc
959 1509 1184 1582 quum
1217 1481 1397 1555 mihi
1431 1482 1731 1573 accidat,
1776 1484 1953 1584 quid
1987 1485 2296 1558 accidere

189 1618 414 1697 potest
451 1596 746 1697 puellae?
787 1599 1034 1696 Neque
1077 1622 1206 1697 ego
1241 1618 1479 1671 tamen
1516 1598 1721 1671 illum
1757 1599 2097 1690 defend03
2134 1602 2297 1675 fecit

192 1712 383 1785 enim
421 1739 576 1785 rem
615 1712 1012 1813 improbam
1034 1770 1054 1804 ,
1087 1711 1254 1785 fecit
1281 1740 1433 1786 rem
1470 1714 1985 1788 inconsultam:
2021 1715 2141 1789 sed
2176 1742 2297 1789 ex-

191 1827 476 1920 sulavit,
521 1827 643 1899 sed
679 1828 927 1900 abfuit.
969 1830 1173 1919 Haec‚
1209 1829 1266 1900 si
1297 1829 1761 1902 confiderem:
1796 1828 1972 1901 illud
2010 1852 2172 1903 vero
2206 1831 2297 1903 ad

191 1966 420 2018 metus
449 1944 784 2043 pertinet,
811 1966 882 2018 et
902 1966 1138 2018 tamen
1162 1972 1308 2017 non
1341 1972 1471 2046 ego
1496 1946 1582 2019 de
1607 1972 1817 2019 uxore
1842 1946 2120 2039 diffido,
2151 1974 2294 2022 non

191 2059 272 2132 de
299 2059 548 2133 animo
580 2059 770 2132 illius
793 2059 1036 2131 dubito
1054 2089 1074 2149 3
1109 2059 1378 2159 alioqui
1415 2061 1653 2131 minus
1690 2059 2020 2134 sollicitus
2050 2088 2291 2135 essem.

192 2176 340 2247 Scio
371 2174 710 2248 meruisse
739 2200 890 2265 me,
915 2195 995 2246 ut
1017 2199 1311 2265 amarer,
1334 2174 1473 2247 scio
1502 2175 1951 2275 obsequium,
1974 2176 2115 2250 scio
2144 2203 2297 2250 om·-

1279 2384 1432 2470 m'us,
1462 2419 1524 2454 ac
1555 2401 1705 2474 quod
1730 2400 1820 2455 ille
1848 2400 2152 2471 substituit,
2180 2404 2295 2458 siue

1279 2498 1457 2532 sensu.
1486 2481 1567 2533 De
1595 2482 1767 2535 verbis
1796 2483 2028 2534 animum
2059 2482 2293 2554 despon-

193 2414 322 2454 εει-ει
364 2399 580 2454 locutos
599 2437 617 2466 ‚
655 2399 816 2454 docet
857 2400 1092 2454 Gronov.
1135 2418 1201 2454 ex

191 2479 316 2534 locis
331 2481 468 2534 Livii
481 2481 773 2548 xxxvffl,
792 2481 885 2542 25;
911 2495 962 2533 et
976 2482 1096 2548 XL,
1118 2481 1197 2533 15.

188 2559 308 2613 vid.
333 2561 435 2613 inf.
460 2561 696 2614 Declam.
722 2563 1022 2616 CCCXXV:
1058 2585 1081 2610 ι
1097 2561 1202 2614 sed

197 2665 218 2688 ι
235 2645 472 2713 pec-unia
515 2646 700 2715 potius
747 2644 1122 2718 periclitemur.
1168 2668 1192 2693 ι

189 2721 218 2771 J
225 2723 388 2773 ustin.
407 2722 674 2788 XXXVII,
697 2722 728 2775 3
749 2744 761 2774 :
793 2723 1043 2776 :Veneno
1067 2725 1202 2795 peri-

199 2825 221 2848 a
243 2801 462 2854 clitatus
485 2817 576 2856 est.
597 2828 620 2850 ι.

1279 2555 1380 2610 deo
1399 2579 1412 2610 ε
1443 2557 1538 2610 sed
1559 2562 1817 2612 sententia
1838 2559 2145 2631 hujusmodi
2165 2561 2292 2632 quid

1279 2638 1533 2709 requirit:
1562 2638 1634 2692 ita
1658 2637 1926 2692 blanditur
1942 2649 2145 2705 tamen,
2168 2657 2232 2690 ac
2248 2641 2292 2692 si

1279 2733 1386 2766 non
1413 2717 1669 2789 poeniteat
1686 2714 1888 2790 judicii
1919 2735 2055 2767 eum.
2086 2719 2290 2790 Nempe

1277 2797 1333 2847 in
1365 2813 1451 2848 me
1482 2803 1679 2868 genero
1710 2793 1953 2866 legendo.
1990 2795 2179 2861 Credo,
2214 2813 2288 2846 re-

269 2898 316 2932 r.
341 2881 459 2932 Nec
475 2895 687 2954 propter
705 2899 924 2934 errorem
942 2881 1194 2954 fortasse,

189 2979 282 3014 nec
297 2973 532 3034 propter.
549 2962 674 3016 Non
691 2960 868 3033 placet
877 2961 1103 3034 fortasse
1120 2975 1200 3015 to-

187 3041 282 3092 ties
319 3038 426 3091 bac
461 3039 859 3092 Declamatione
893 3043 1195 3112 repetitum.

188 3123 398 3190 Quare,
421 3139 592 3193 quum
615 3133 666 3173 et
688 3120 776 3174 hic
799 3121 1197 3175 incommodum

189 3205 280 3266 sit,
297 3216 660 3274 expungatur,
680 3217 730 3256 et
748 3203 971 3276 legatur,
989 3223 1086 3257 nee
1104 3223 1203 3276 per

187 3301 441 3348 erres-ern,
463 3303 558 3336 nec
578 3303 676 3356 per
690 3285 954 3358 injurtam.
976 3285 1195 3338 Senum.

255 3385 308 3419 2.
332 3368 424 3418 Ita
456 3365 728 3418 blanditur
751 3377 954 3434 tamen,
983 3380 1083 3418 etc.
1112 3367 1198 3419 Ita

188 3446 464 3499 blanditur
483 3448 690 3498 actione
717 3445 950 3514 libenter,
963 3447 1196 3519 judices',

185 3525 370 3592 credo,
405 3543 704 3576 remansura
734 3537 808 3578 est
837 3525 894 3576 in
926 3544 986 3577 eo
1017 3528 1198 3578 matri-

187 3605 384 3658 monio.
413 3606 500 3658 Sic
519 3606 651 3676 lego.
677 3605 779 3658 Sed
799 3607 999 3658 minuta
1017 3606 1196 3660 isthaec

185 3684 438 3756 prosequi
461 3686 630 3753 magis
654 3686 798 3755 piget
819 3701 979 3755 quam
1003 3684 1196 3756 pudet,

186 3763 366 3834 itaque
401 3779 465 3814 ea
499 3775 710 3814 tautum
744 3761 1044 3814 notabimus
1083 3781 1196 3834 quae

185 3843 404 3916 majoris
430 3845 686 3897 momenti
713 3843 1064 3897 videbuntur:
1099 3863 1197 3896 σε·

184 3939 294 3977 tera
339 3925 556 3977 lectoris
605 3924 886 3995 diligentiae
931 3924 1197 3996 relinque-

184 4022 319 4057 mus.
338 4007 488 4056 Pri-u.
510 4004 646 4071 Quis
663 4003 801 4055 ferat
818 4000 908 4054 hie
921 4001 1194 4056 fastidium

182 4083 607 4152 prestantissimi
623 4081 754 4134 viri?
777 4083 1010 4133 Hoeeine
1027 4083 1193 4133 miuu-

185 4165 336 4214 tum?
364 4166 526 4238 Atqui
559 4161 718 4216 locus
747 4174 830 4214 est
861 4164 1192 4235 corruptissi-

1278 2895 1525 2930 mansura
1568 2889 1641 2931 est
1680 2880 1737 2929 in
1776 2895 1890 2929 meo
1932 2877 2285 2930 matrimonio.

1277 2957 1512 3011 Guoth.
1538 2957 1609 3012 At
1632 2957 1900 3013 blanditur
1922 2969 2095 3010 tamen
2120 2955 2287 3030 assec-

1277 3038 1425 3092 tioni.
1452 3039 1712 3106 Libenter,
1722 3041 1928 3114 judices
1936 3081 1955 3110 ,
1979 3041 2155 3106 credo,
2184 3053 2283 3092 etc.

1276 3119 1493 3174 Senum.
1532 3121 1619 3172 Ita
1653 3119 1923 3174 blanditur
1959 3123 2167 3174 tandem
2201 3141 2286 3175 ac·

1279 3200 1424 3253 tioni.
1452 3201 1705 3269 Libenter,
1715 3201 1948 3275 judiees,
1969 3203 2146 3268 credo,
2172 3221 2210 3254 r.
2237 3222 2281 3255 e.

1278 3280 1312 3331 i.
1347 3299 1417 3332 m.
1454 3298 1523 3332 m.
1560 3282 1646 3334 sed
1678 3281 1933 3347 misereor,
1970 3293 2069 3332 etc.
2102 3279 2281 3333 AErod.

1275 3361 1361 3414 Ita
1385 3361 1666 3414 blanditur.
1694 3362 1891 3414 Tamen
1909 3361 2105 3416 actioni
2128 3362 2285 3414 liben-

1276 3453 1368 3509 ter,
1399 3461 1563 3513 marg.
1594 3443 1770 3496 AErod.
1803 3444 1887 3495 Ita
1917 3442 2182 3496 blanditur
2204 3455 2279 3496 ta·

1275 3539 1427 3586 men,
1452 3541 1515 3574 ac
1539 3522 1583 3574 si
1611 3540 1719 3574 non
1747 3521 2011 3573 inhibente
2034 3539 2116 3573 me
2125 3521 2280 3595 judi-

1275 3603 1412 3656 cium
1430 3641 1445 3665 ,
1467 3602 1616 3655 credo
1630 3641 1647 3668 ,
1670 3621 1970 3655 remansura
1990 3615 2111 3655 esset
2130 3605 2187 3655 in
2204 3622 2275 3654 m.

1275 3699 1346 3732 m.
1367 3679 1623 3732 Obrecth.
1643 3683 1804 3734 Forte
1825 3681 1898 3732 ita
1919 3681 1963 3734 b.
1982 3689 2018 3732 t.
2035 3699 2097 3732 ac
2111 3683 2154 3734 si
2172 3699 2279 3734 non

1277 3763 1559 3828 illibenter,
1570 3765 1797 3838 judices,
1824 3782 2151 3828 remansura,
2180 3773 2274 3815 ete.

1345 3845 1396 3898 3.
1426 3846 1613 3918 Imaqo
1636 3863 1822 3919 poenoe.
1847 3844 2003 3899 ovid.
2027 3846 2154 3897 Met.
2174 3844 2276 3910 vl,

1275 3923 1406 3977 586:
1453 3947 1475 3971 a
1498 3927 1771 3997 Poenaeque
1808 3927 1861 3975 in
1900 3925 2125 3994 imagine
2162 3935 2273 3975 tota

1277 4027 1300 4052 ι
1321 4019 1417 4060 est.
1440 4030 1461 4054 ιι
1504 4007 1570 4058 Et
1609 4008 1707 4077 Ep.
1749 4007 1900 4071 XIX,
1940 4005 2069 4073 193:
2121 4027 2143 4051 a
2162 4006 2273 4056 Nec

1278 4105 1302 4130 α
1320 4086 1495 4136 minus
1528 4081 1783 4136 hesternae
1810 4081 2115 4135 confundor
2142 4084 2271 4134 ima-

1278 4183 1300 4208 ·
1319 4165 1443 4234 gine
1472 4164 1659 4216 noctis.
1682 4185 1705 4209 n

2421 3703 2449 3740 h
