2855 4871
577 396 660 480 42
1077 393 1169 461 M.
1218 392 1471 458 mnu
1516 391 2156 476 QUINTILIANI

1308 659 1890 682 mmmmm

1410 861 1814 940 CCLlV.

948 1088 1175 1164 Exsul
1194 1105 1569 1179 accusator,
1605 1105 1671 1170 et
1691 1117 1808 1164 sen
1815 1097 2036 1169 tentioe
2053 1118 2272 1192 pares.
2443 1182 2456 1213 ι

572 1297 776 1357 Εκειπ,
794 1339 811 1371 ,
836 1314 943 1367 Qui
975 1313 1291 1356 secun-rum
1321 1317 1399 1356 An
1419 1317 1854 1357 nzmrunucna
1877 1317 2211 1358 rennuens
2239 1315 2528 1358 mchne
2550 1315 2647 1356 vo·

652 1413 906 1467 ιυιειιιτ,
946 1413 1185 1453 niem-r
1224 1414 1291 1453 m
1323 1413 1658 1454 civi-ruant
1693 1415 2000 1456 uenenum
2041 1415 2457 1455 Ροτεετᾼτεκι
2497 1414 2569 1454 m·
2601 1415 2648 1454 ει

652 1509 1075 1566 mchvtmr,
1093 1511 1343 1551 mmm-1·
1364 1513 1430 1551 m
1449 1511 1752 1552 mvn-un.
1775 1491 1956 1552 Exsul
1976 1492 2129 1553 dixit
2143 1513 2204 1552 se
2215 1489 2470 1567 habere,
2491 1489 2650 1574 quod

652 1585 730 1646 de
755 1585 1043 1647 affectata
1063 1587 1393 1669 tyrannide
1415 1588 1668 1650 diceret:
1689 1590 1942 1649 venitin
1965 1591 2304 1653 civitatem:
2331 1587 2652 1673 postulavit

651 1705 855 1748 reum:
883 1685 931 1746 is
955 1687 1146 1766 oequis
1168 1687 1482 1751 sententiis
1499 1687 1820 1750 absolutus
1837 1703 1956 1752 oet:
1981 1687 2108 1752 fert
2127 1689 2384 1771 quidam
2403 1689 2654 1770 rogatio-

654 1801 797 1846 nem
812 1827 831 1858 ,
856 1796 925 1842 ut
948 1796 1213 1846 maneat.
1236 1784 1363 1845 CD.
1393 1797 1411 1821 ¹

1416 1973 1818 2040 SERMO·.

662 2125 887 2190 Potest
903 2129 1131 2194 venire
1161 2128 1228 2192 in
1255 2125 1534 2214 dubium
1553 2179 1571 2210 ,
1602 2153 1737 2220 quo
1771 2151 2014 2220 genere
2047 2128 2389 2194 divisionis
2419 2127 2518 2192 uti
2547 2149 2657 2194 not

576 2232 642 2294 in
673 2229 798 2296 hac
820 2237 1267 2301 controversia
1290 2253 1612 2326 oporteat.
1636 2237 1919 2304 Videtur
1941 2238 2118 2304 enim
2143 2234 2448 2328 quaedam
2475 2256 2659 2324 posse

578 2337 801 2406 dicere
850 2344 1046 2408 etiam
1090 2346 1250 2411 citra
1290 2349 1708 2437 rogationem
1746 2346 2107 2414 advocatus
2148 2346 2348 2439 hujus
2393 2337 2660 2420 ex'suliS,

574 2468 697 2535 per
726 2470 875 2543 quae
899 2450 1010 2539 jus
1044 2452 1354 2518 manendi
1388 2453 1699 2521 vindicet.
1731 2456 1970 2519 Utrum
2008 2477 2165 2543 ergo
2187 2454 2366 2531 haec,
2401 2475 2556 2543 quae
2579 2450 2661 2516 ci·

575 2574 672 2624 tra
707 2558 1119 2649 rogationem
1150 2584 1417 2652 quoque
1453 2584 1574 2649 pro
1603 2560 1717 2626 illo
1745 2561 1965 2627 futura
1995 2560 2155 2639 sint,
2192 2557 2494 2623 dicemus
2521 2573 2664 2621 ante

573 2668 1009 2759 principium;
1050 2694 1135 2734 an
1179 2668 1398 2735 statim
1443 2684 1595 2757 post
1630 2668 2089 2758 rogationem?
2122 2665 2385 2755 Species
2424 2687 2512 2729 eo
2549 2662 2664 2729 du-

574 2774 698 2854 cit,
740 2792 815 2839 ut
848 2776 1165 2865 quoniam
1214 2792 1280 2841 et
1322 2773 1733 2866 praecedant‚
1775 2788 1841 2839 et
1885 2772 2132 2838 leviora
2173 2769 2562 2850 videantur,
2607 2783 2668 2833 et

576 2880 785 2968 prima
819 2882 969 2946 sint.
999 2882 1123 2949 Sed
1154 2882 1320 2948 ratio
1347 2880 1688 2946 diversum
1713 2878 1874 2944 mihi
1895 2877 2174 2944 suadere
2192 2875 2494 2943 videtur:
2521 2874 2668 2940 ideo

580 2982 763 3072 quod
798 2988 1165 3052 necessaria
1193 2986 1386 3054 nobis
1420 2987 1698 3076 quaestio
1731 2984 2102 3073 superabit,
2135 3006 2220 3048 an
2251 2982 2393 3048 haec
2415 2982 2668 3071 rogatio

577 3107 805 3157 contra
838 3092 1051 3183 legem
1086 3096 1363 3159 feratur:
1399 3098 1468 3159 in
1501 3096 1688 3185 cujus
1718 3111 1904 3183 parte
1933 3095 2063 3161 sint
2095 3114 2366 3159 necesse
2394 3107 2499 3158 est
2527 3090 2667 3169 illa,

582 3220 998 3291 quaecunque
1029 3198 1273 3268 dicturi
1299 3224 1528 3271 sumus
1544 3252 1562 3285 ,
1587 3224 1672 3273 an
1687 3201 1993 3267 videatur
2018 3200 2128 3267 hic
2154 3200 2356 3267 etiam
2376 3198 2506 3265 alia
2531 3198 2670 3287 lege

656 3411 701 3447 ι.
728 3395 831 3447 CD.
852 3396 993 3449 Nota
1014 3408 1092 3449 est
1119 3395 1586 3465 contradictionis,
1667 3395 1863 3450 dicitur
1903 3398 1956 3448 in
1997 3393 2300 3450 forensibus
2337 3392 2672 3455 actionibus,

580 3486 641 3529 ut
658 3488 879 3545 apparet
892 3494 955 3527 ex
973 3474 1291 3546 quibusdam
1310 3494 1587 3547 argumen-
1667 3492 1748 3532 est
1767 3496 1948 3536 averna
1967 3497 1996 3530 a
2017 3494 2246 3550 persona
2257 3473 2672 3545 judiciem-atio,

582 3556 651 3607 tis
706 3557 1039 3625 sequentium
1088 3557 1548 3611 Declamationum
1569 3598 1588 3626 ‚
1667 3557 1749 3610 vel
1773 3556 1844 3610 ad
1865 3576 2148 3622 eoronam,
2171 3556 2256 3608 vel
2283 3567 2574 3628 patronum
2595 3550 2672 3603 di·

578 3650 694 3687 tum
718 3654 779 3687 ex
804 3636 1030 3702 Seneca,
1053 3650 1163 3689 tum
1189 3658 1251 3691 ex
1274 3639 1390 3691 aliis
1415 3640 1590 3693 decla·
1669 3655 1829 3691 verse
1855 3638 2019 3708 partis
2034 3674 2053 3701 ‚
2073 3634 2155 3687 ve!
2184 3633 2252 3687 ad
2278 3636 2454 3705 ipsum
2485 3632 2673 3685 adver-

464 3762 477 3782 ,
577 3716 933 3783 mationibus,
957 3735 1072 3788 qua·
1096 3719 1230 3771 falso
1256 3719 1588 3791 Quintiliano
1670 3717 1881 3769 sarium.
1898 3717 2083 3783 Quint.
2105 3713 2235 3766 Inst.
2257 3712 2350 3765 lib.
2371 3714 2461 3777 lv,
2487 3731 2608 3785 cap.
2631 3727 2674 3771 1,

578 3796 705 3849 huic
728 3811 914 3851 nostro
934 3798 1255 3853 tribuuntur.
1278 3804 1357 3853 De
1376 3816 1590 3855 contra·
1672 3796 1714 3871 5
1739 3798 1828 3851 63.
1859 3800 1920 3849 In
1941 3795 2136 3849 scholis
2154 3812 2280 3848 vero
2305 3806 2386 3846 est
2411 3786 2677 3861 ἑποπθψῗ

580 3874 902 3931 dictionibus
918 3878 1117 3929 confer.
1143 3878 1277 3930 infra
1300 3880 1588 3933 Declamat.
1673 3874 1742 3929 ad
1757 3873 2067 3947 discipulos,
2083 3892 2192 3946 qun
2205 3874 2314 3925 fere
2326 3890 2542 3943 semper
2559 3881 2677 3922 ante

580 3954 995 4013 cccxxxvul.
1022 3959 1334 4013 AEnon.Vid.
1356 3960 1591 4015 Declam.
1672 3954 2154 4023 Declamationem,
2183 3966 2306 4027 post
2331 3955 2496 4007 etiam
2516 3970 2678 4025 saepe‚

580 4040 848 4098 ocxux.
1671 4054 1796 4088 raro
1815 4034 2175 4103 Quintilianus
2201 4036 2256 4087 in
2284 4030 2463 4085 medio
2493 4034 2673 4086 utimr.

614 4181 622 4190 ,
655 4138 704 4174 2.
729 4122 922 4175 Semo.
952 4124 1171 4189 Sermo,
1195 4122 1293 4211 qni
1324 4116 1592 4191 ἑποπμφδ
1671 4114 1935 4169 AEnonms.
2633 4162 2668 4175 -
