2855 4871
551 444 679 533 394
1059 440 1155 507 M.
1201 442 1454 507 FABII
1498 440 2140 525 QUINTILIANI

549 589 814 660 essent,
845 566 1122 667 indigni
1145 588 1381 639 tamen
1410 586 1688 665 propter
1711 564 2013 638 dedecus
2036 564 2364 665 proximae
2390 568 2677 641 militiae

547 705 764 759 erant.
808 688 908 756 Ac
945 684 1118 756 mihi
1160 684 1234 755 in
1279 683 1424 754 haec
1467 682 1843 754 dividenda
1881 682 2161 755 videtur
2204 684 2375 755 ratio
2404 698 2423 728 ¹
2462 685 2673 757 istius

547 800 918 891 orationis,
957 821 1032 871 ut
1065 824 1224 899 pars
1250 798 1340 870 ad
1375 799 1593 897 ἤρεσε,
1629 798 1716 869 de
1752 797 2007 895 quibus
2042 798 2321 897 loquor,
2356 822 2669 899 spectet,

546 942 704 1016 pars
749 915 836 989 ad
888 916 1282 987 universam
1331 913 1866 1015 rempublicam3
1914 914 2256 987 Adversus
2308 917 2473 989 istos
2530 918 2669 989 hoc

549 1032 796 1105 dixisse
849 1050 1218 1105 contentus
1273 1054 1431 1102 sum
1462 1059 1480 1119 ;
1536 1029 1811 1103 Bellum
1868 1029 2189 1102 adversus
2242 1030 2665 1130 Philippum

545 1147 976 1245 suscepimus
1001 1158 1126 1244 pro
1153 1142 1470 1216 libertate
1494 1144 1701 1217 totius
1731 1143 2047 1231 Graeciae,
2076 1169 2199 1242 pro
2224 1144 2449 1218 salute
2472 1170 2669 1216 eom-

546 1265 794 1335 muni:
847 1286 1016 1335 nam
1066 1262 1334 1333 etiamsi
1381 1260 1458 1331 in
1506 1261 1871 1360 praesentia
1914 1262 2217 1333 amicam
2258 1261 2663 1349 civitatem,

545 1378 920 1450 nobiscum
951 1375 1126 1448 olim
1159 1374 1651 1476 conjunctam,
1682 1376 1860 1447 tueri
1886 1376 2332 1466 videbamur,
2370 1400 2665 1450 eventus

545 1514 784 1563 tamen
819 1490 983 1563 belli
1017 1490 1106 1562 ad
1141 1518 1386 1564 omnes
1421 1490 1813 1591 pertinebat
1833 1522 1852 1579 3
1890 1511 1956 1563 et
1988 1489 2120 1563 hoc
2154 1491 2401 1581 nobis,
2438 1492 2667 1563 Athe-

515 1606 1072 1697 ·niensesstetus
1099 1628 1309 1706 atque
1335 1635 1376 1679 a
1404 1606 1792 1707 majoribus
1821 1605 2155 1678 traditum
2186 1626 2318 1697 est,
2346 1632 2483 1705 pro
2512 1607 2667 1679 uni·

541 1746 738 1795 versa
771 1721 1040 1793 Graecia
1071 1742 1288 1794 stare:
1331 1722 1426 1793 sic
1466 1740 1704 1793 contra
1736 1724 1974 1792 Persas
2006 1720 2223 1793 semel
2256 1720 2665 1821 iterumque

543 1838 1047 1937 pugnavimus,
1083 1864 1162 1909 ac
1199 1837 1477 1937 privatis
1504 1837 1769 1909 viribus
1792 1835 2257 1909 defendimus
2294 1836 2663 1935 publicam

543 1954 868 2027 salutem.
927 1957 1088 2025 Jam
1147 1954 1360 2053 igitur
1411 1980 1491 2025 ex
1538 1954 1671 2025 hoc
1727 1976 2012 2053 apparet
2066 1954 2372 2052 profecto
2420 1954 2661 2045 vobiS‚

543 2082 918 2172 nunquam
946 2069 1214 2171 majore
1240 2069 1513 2160 animo,
1538 2094 1905 2168 nunquam
1934 2068 2381 2140 concitatiore
2406 2071 2661 2169 spiritu

543 2188 756 2258 fuisse
787 2183 1294 2284 pugnandum:
1325 2205 1470 2255 non
1500 2183 1691 2255 enim
1722 2182 1926 2255 nobis
1958 2210 2121 2256 cum
2149 2182 2341 2255 hoste
2370 2186 2659 2257 Graeciae

545 2302 784 2400 aliquo
818 2328 924 2373 res
958 2320 1139 2390 erat,
1173 2301 1332 2391 ubi,
1369 2324 1805 2399 quamquam
1833 2299 1993 2371 victi
2014 2355 2032 2389 ‚
2070 2300 2256 2397 leges
2290 2320 2537 2373 tamen
2570 2300 2658 2373 si·-

543 2416 779 2508 miles,
817 2416 1280 2514 linguamque
1312 2435 1491 2488 certe
1520 2414 1841 2487 eamdem
1881 2434 2305 2512 pateremur3
2336 2414 2465 2486 sed
2490 2441 2655 2488 cum

543 2533 834 2606 homine
877 2534 1213 2623 barbam,
1249 2558 1415 2604 cum
1462 2532 1753 2603 homine
1796 2530 2059 2602 crudeli
2084 2587 2103 2620 ,
2148 2555 2313 2601 cum
2361 2530 2655 2604 homine

543 2651 817 2724 infesto.
842 2653 1303 2749 Quamquam
1325 2647 1499 2746 quid
1522 2672 1799 2720 necesse
1824 2667 1923 2719 est
1946 2646 2071 2718 ista
2094 2646 2359 2719 diutius
2384 2647 2656 2720 dicere?

545 2789 857 2867 pugnare
896 2769 1092 2840 enim
1132 2765 1398 2867 placuit
1438 2784 1506 2835 et
1536 2764 1782 2864 placet.
1828 2767 1910 2835 ln
1948 2763 2085 2835 hoc
2126 2762 2335 2860 igitur
2368 2763 2653 2862 praelio,

544 2885 778 2983 quod,
833 2906 911 2957 ut
961 2885 1148 2974 dixi,
1201 2909 1326 2982 pro
1378 2883 1701 2955 universa
1752 2879 2017 2953 Graecia
2079 2903 2651 2978 susceperamus,

544 2999 867 3071 nondum
888 2999 1066 3090 dico,
1085 3020 1434 3099 quantum
1458 2995 1777 3070 nocuerit
1796 2997 2087 3069 istorum
2112 2995 2342 3085 timor3
2369 2996 2649 3068 interim

545 3115 746 3214 cujus
783 3115 1114 3215 propositi
1143 3115 1354 3188 fuerit
1385 3115 1703 3204 animus,
1734 3112 2089 3184 attendite.
2121 3115 2366 3210 Longe
2398 3111 2653 3185 felicis—

544 3228 805 3301 simum
859 3228 932 3300 in
984 3228 1186 3302 bellis
1233 3250 1333 3301 est
1370 3227 1687 3302 vincere:
1732 3227 2232 3318 fortissimum,
2274 3228 2332 3298 si
2365 3227 2651 3299 victoria

545 3370 690 3418 non
725 3347 963 3437 detur,
999 3371 1124 3446 pro
1157 3372 1364 3420 causa
1393 3347 1608 3419 mori:
1640 3366 1739 3419 est
1772 3366 2008 3418 tamen
2044 3345 2328 3418 tertium
2361 3343 2643 3443 aliquod

543 3463 722 3534 inter
765 3462 1140 3552 dedecora3
1181 3463 1252 3536 in
1299 3462 1592 3563 patriam
1638 3481 1821 3534 certe
1862 3460 2121 3550 redire,
2168 3479 2240 3532 et
2280 3459 2337 3531 si
2370 3460 2645 3532 vincere

543 3600 688 3649 non
724 3577 945 3670 detur,
982 3579 1328 3678 effugere:
1367 3597 1591 3678 potest
1622 3577 1813 3648 enim
1848 3575 2072 3663 credi,
2112 3575 2235 3674 qui
2276 3574 2409 3646 hoc
2434 3574 2643 3666 fecit,

545 3692 633 3764 ad
663 3691 1043 3766 secundam
1080 3719 1150 3766 se
1178 3693 1400 3768 aciem
1424 3716 1721 3768 servasse
1740 3747 1759 3782 ,
1792 3710 1864 3765 et
1886 3690 2151 3762 victum
2177 3689 2473 3762 adversis
2501 3691 2647 3761 ani-

622 3947 664 3983 1.
696 3931 922 3986 Videtur
939 3935 1086 3987 ratio.
1113 3937 1265 3988 Ratio
1287 3932 1476 3987 excidit
1499 3936 1554 3985 iu
1636 3932 1799 3984 scium
1816 3967 1833 3997 ‚
1870 3931 1937 3982 sit
1960 3927 2125 3980 editio
2141 3965 2157 3996 ‚
2192 3927 2301 3980 hoc
2322 3928 2513 3980 vocab.
2548 3944 2645 3978 suo

548 4011 864 4082 quibusdam
894 4012 1279 4086 exemplaribus
1307 4013 1553 4066 editionis
1635 4009 1755 4062 loco
1772 4027 1987 4060 manere
1996 4009 2269 4078 jussimus.
2286 4009 2449 4060 Deest
2464 4019 2515 4058 et
2531 4005 2645 4056 edi-

544 4089 813 4144 Leidensis
832 4115 848 4157 5
873 4113 1038 4166 quum
1061 4107 1238 4147 tamen
1262 4097 1318 4146 in
1342 4094 1455 4146 aliis
1480 4112 1556 4146 re·
1637 4093 1771 4144 tioni
1788 4089 2104 4154 Pithoeanae,
2126 4087 2270 4141 uude
2296 4085 2497 4141 Schult.
2521 4105 2643 4158 mp-

544 4170 817 4240 periatur,
867 4185 918 4223 et
966 4191 1074 4224 una
1118 4187 1362 4240 tantum,
1409 4171 1555 4244 quod
1633 4171 1848 4248 plebat,
1868 4171 2119 4224 orationis
2142 4170 2229 4223 vis.
