<?xml version="1.0" encoding="UTF-8"?>
<!DOCTYPE html PUBLIC "-//W3C//DTD XHTML 1.0 Transitional//EN"
    "http://www.w3.org/TR/xhtml1/DTD/xhtml1-transitional.dtd">
<html xmlns="http://www.w3.org/1999/xhtml" xml:lang="en" lang="en">
 <head>
  <title>
</title>
<meta http-equiv="Content-Type" content="text/html;charset=utf-8" />
  <meta name='ocr-system' content='tesseract 3.04.00' />
  <meta name='ocr-capabilities' content='ocr_page ocr_carea ocr_par ocr_line ocrx_word'/>
</head>
<body>
  <div class='ocr_page' id='page_1' title='image "./marcusfabiusqui06spalgoog_0349.png"; bbox 0 0 2855 4871; ppageno 0'>
   <div class='ocr_carea' id='block_1_1' title="bbox 545 310 2129 395">
    <p class='ocr_par' dir='ltr' id='par_1_1' title="bbox 545 310 2129 395">
     <span class='ocr_line' id='line_1_1' title="bbox 545 310 2129 395; baseline -0.004 -12"><span class='ocrx_word' id='word_1_1' title='bbox 545 318 672 395; x_wconf 64' lang='lat'><strong>3252</strong></span> <span class='ocrx_word' id='word_1_2' title='bbox 1042 313 1136 375; x_wconf 89' lang='lat' dir='ltr'><strong>M.</strong></span> <span class='ocrx_word' id='word_1_3' title='bbox 1183 311 1439 375; x_wconf 87' lang='lat' dir='ltr'>FABII</span> <span class='ocrx_word' id='word_1_4' title='bbox 1484 310 2129 393; x_wconf 79' lang='lat' dir='ltr'><strong>QUINTILIANI</strong></span> 
     </span>
    </p>
   </div>
   <div class='ocr_carea' id='block_1_2' title="bbox 539 434 2645 1347">
    <p class='ocr_par' dir='ltr' id='par_1_2' title="bbox 539 434 2645 1347">
     <span class='ocr_line' id='line_1_2' title="bbox 543 434 2641 535; baseline -0.001 -22"><span class='ocrx_word' id='word_1_5' title='bbox 543 442 813 513; x_wconf 81' lang='lat' dir='ltr'><strong>miserae</strong></span> <span class='ocrx_word' id='word_1_6' title='bbox 845 438 1030 510; x_wconf 88' lang='lat' dir='ltr'><strong>illius</strong></span> <span class='ocrx_word' id='word_1_7' title='bbox 1058 436 1400 509; x_wconf 83' lang='lat' dir='ltr'>existimas</span> <span class='ocrx_word' id='word_1_8' title='bbox 1433 434 1642 507; x_wconf 88' lang='lat' dir='ltr'><strong>vitam</strong></span> <span class='ocrx_word' id='word_1_9' title='bbox 1664 491 1684 523; x_wconf 83' lang='lat'>,</span> <span class='ocrx_word' id='word_1_10' title='bbox 1712 462 1939 534; x_wconf 89' lang='lat' dir='ltr'><strong>quum</strong></span> <span class='ocrx_word' id='word_1_11' title='bbox 1968 435 2159 509; x_wconf 87' lang='lat' dir='ltr'><strong>cibos</strong></span> <span class='ocrx_word' id='word_1_12' title='bbox 2190 435 2641 535; x_wconf 86' lang='lat' dir='ltr'><strong>quotidianos</strong></span> 
     </span>
     <span class='ocr_line' id='line_1_3' title="bbox 542 538 2645 655; baseline -0.001 -29"><span class='ocrx_word' id='word_1_13' title='bbox 542 555 747 655; x_wconf 84' lang='lat' dir='ltr'><strong>petit,</strong></span> <span class='ocrx_word' id='word_1_14' title='bbox 791 574 858 625; x_wconf 91' lang='lat' dir='ltr'><strong>et</strong></span> <span class='ocrx_word' id='word_1_15' title='bbox 893 578 1168 651; x_wconf 82' lang='lat' dir='ltr'><strong>semper</strong></span> <span class='ocrx_word' id='word_1_16' title='bbox 1209 551 1284 623; x_wconf 88' lang='lat' dir='ltr'><strong>in</strong></span> <span class='ocrx_word' id='word_1_17' title='bbox 1328 538 1681 649; x_wconf 72' lang='lat' dir='ltr'><strong>posterum</strong></span> <span class='ocrx_word' id='word_1_18' title='bbox 1714 576 1925 649; x_wconf 80' lang='lat' dir='ltr'><strong>egens</strong></span> <span class='ocrx_word' id='word_1_19' title='bbox 1958 548 2103 625; x_wconf 82' lang='lat' dir='ltr'><strong>est?</strong></span> <span class='ocrx_word' id='word_1_20' title='bbox 2138 550 2488 648; x_wconf 88' lang='lat' dir='ltr'><strong>Equidem</strong></span> <span class='ocrx_word' id='word_1_21' title='bbox 2518 581 2645 625; x_wconf 74' lang='lat' dir='ltr'><strong>ve·-</strong></span> 
     </span>
     <span class='ocr_line' id='line_1_4' title="bbox 539 665 2641 769; baseline -0.001 -27"><span class='ocrx_word' id='word_1_22' title='bbox 539 696 717 760; x_wconf 77' lang='lat' dir='ltr'><strong>reor,</strong></span> <span class='ocrx_word' id='word_1_23' title='bbox 743 668 1052 769; x_wconf 85' lang='lat' dir='ltr'><strong>judices,</strong></span> <span class='ocrx_word' id='word_1_24' title='bbox 1087 693 1176 739; x_wconf 87' lang='lat' dir='ltr'><strong>ne</strong></span> <span class='ocrx_word' id='word_1_25' title='bbox 1209 687 1365 767; x_wconf 89' lang='lat' dir='ltr'><strong>post</strong></span> <span class='ocrx_word' id='word_1_26' title='bbox 1392 665 1573 737; x_wconf 88' lang='lat' dir='ltr'><strong>hanc</strong></span> <span class='ocrx_word' id='word_1_27' title='bbox 1606 692 1839 738; x_wconf 87' lang='lat' dir='ltr'><strong>meam</strong></span> <span class='ocrx_word' id='word_1_28' title='bbox 1878 666 2345 739; x_wconf 83' lang='lat' dir='ltr'><strong>calamitatem</strong></span> <span class='ocrx_word' id='word_1_29' title='bbox 2366 724 2385 755; x_wconf 92' lang='lat'><strong>‚</strong></span> <span class='ocrx_word' id='word_1_30' title='bbox 2420 694 2641 765; x_wconf 88' lang='lat' dir='ltr'><strong>quam</strong></span> 
     </span>
     <span class='ocr_line' id='line_1_5' title="bbox 542 782 2645 885; baseline 0 -28"><span class='ocrx_word' id='word_1_31' title='bbox 542 784 918 885; x_wconf 65' lang='lat' dir='ltr'><strong>praesertim</strong></span> <span class='ocrx_word' id='word_1_32' title='bbox 945 782 1308 882; x_wconf 84' lang='lat' dir='ltr'><strong>excepisse-¹</strong></span> <span class='ocrx_word' id='word_1_33' title='bbox 1339 809 1453 854; x_wconf 90' lang='lat' dir='ltr'><strong>me</strong></span> <span class='ocrx_word' id='word_1_34' title='bbox 1483 802 1759 882; x_wconf 84' lang='lat' dir='ltr'><strong>propter</strong></span> <span class='ocrx_word' id='word_1_35' title='bbox 1782 782 2324 857; x_wconf 84' lang='lat' dir='ltr'><strong>misericordiam</strong></span> <span class='ocrx_word' id='word_1_36' title='bbox 2356 784 2468 855; x_wconf 81' lang='lat' dir='ltr'><strong>sui</strong></span> <span class='ocrx_word' id='word_1_37' title='bbox 2500 812 2645 857; x_wconf 87' lang='lat' dir='ltr'><strong>cre-</strong></span> 
     </span>
     <span class='ocr_line' id='line_1_6' title="bbox 543 897 2641 998; baseline -0 -26"><span class='ocrx_word' id='word_1_38' title='bbox 543 899 680 990; x_wconf 87' lang='lat' dir='ltr'><strong>dit,</strong></span> <span class='ocrx_word' id='word_1_39' title='bbox 713 901 911 973; x_wconf 86' lang='lat' dir='ltr'><strong>finiat</strong></span> <span class='ocrx_word' id='word_1_40' title='bbox 937 899 1236 973; x_wconf 86' lang='lat' dir='ltr'><strong>invisam</strong></span> <span class='ocrx_word' id='word_1_41' title='bbox 1265 898 1386 970; x_wconf 87' lang='lat' dir='ltr'><strong>diu</strong></span> <span class='ocrx_word' id='word_1_42' title='bbox 1409 897 1623 971; x_wconf 84' lang='lat' dir='ltr'><strong>vitam</strong></span> <span class='ocrx_word' id='word_1_43' title='bbox 1642 956 1662 989; x_wconf 88' lang='lat'>‚</span> <span class='ocrx_word' id='word_1_44' title='bbox 1687 918 1759 971; x_wconf 89' lang='lat' dir='ltr'><strong>et</strong></span> <span class='ocrx_word' id='word_1_45' title='bbox 1786 897 1972 971; x_wconf 84' lang='lat' dir='ltr'><strong>cibos</strong></span> <span class='ocrx_word' id='word_1_46' title='bbox 1998 898 2311 998; x_wconf 85' lang='lat' dir='ltr'><strong>accipere</strong></span> <span class='ocrx_word' id='word_1_47' title='bbox 2340 898 2641 987; x_wconf 85' lang='lat' dir='ltr'><strong>desinat,</strong></span> 
     </span>
     <span class='ocr_line' id='line_1_7' title="bbox 539 1013 2637 1113; baseline -0.001 -24"><span class='ocrx_word' id='word_1_48' title='bbox 539 1016 810 1089; x_wconf 87' lang='lat' dir='ltr'><strong>etiamsi</strong></span> <span class='ocrx_word' id='word_1_49' title='bbox 845 1015 1079 1087; x_wconf 87' lang='lat' dir='ltr'><strong>dabis:</strong></span> <span class='ocrx_word' id='word_1_50' title='bbox 1127 1041 1293 1089; x_wconf 86' lang='lat' dir='ltr'><strong>nam</strong></span> <span class='ocrx_word' id='word_1_51' title='bbox 1335 1013 1392 1087; x_wconf 90' lang='lat' dir='ltr'><strong>si</strong></span> <span class='ocrx_word' id='word_1_52' title='bbox 1440 1013 1901 1113; x_wconf 82' lang='lat' dir='ltr'><strong>perseverabit</strong></span> <span class='ocrx_word' id='word_1_53' title='bbox 1936 1015 2184 1112; x_wconf 78' lang='lat' dir='ltr'><strong>(rogo,</strong></span> <span class='ocrx_word' id='word_1_54' title='bbox 2232 1014 2637 1112; x_wconf 82' lang='lat' dir='ltr'><strong>ignoscatis,</strong></span> 
     </span>
     <span class='ocr_line' id='line_1_8' title="bbox 542 1130 2637 1231; baseline -0.001 -26"><span class='ocrx_word' id='word_1_55' title='bbox 542 1132 812 1205; x_wconf 87' lang='lat' dir='ltr'><strong>etiamsi</strong></span> <span class='ocrx_word' id='word_1_56' title='bbox 845 1132 978 1203; x_wconf 88' lang='lat' dir='ltr'><strong>hoc</strong></span> <span class='ocrx_word' id='word_1_57' title='bbox 1005 1132 1296 1205; x_wconf 84' lang='lat' dir='ltr'><strong>forsitan</strong></span> <span class='ocrx_word' id='word_1_58' title='bbox 1325 1131 1517 1231; x_wconf 88' lang='lat' dir='ltr'><strong>apud</strong></span> <span class='ocrx_word' id='word_1_59' title='bbox 1550 1131 1872 1204; x_wconf 89' lang='lat' dir='ltr'><strong>animum</strong></span> <span class='ocrx_word' id='word_1_60' title='bbox 1898 1131 2108 1231; x_wconf 88' lang='lat' dir='ltr'><strong>patris</strong></span> <span class='ocrx_word' id='word_1_61' title='bbox 2136 1130 2276 1203; x_wconf 86' lang='lat' dir='ltr'><strong>mei</strong></span> <span class='ocrx_word' id='word_1_62' title='bbox 2308 1158 2637 1229; x_wconf 84' lang='lat' dir='ltr'><strong>asperum</strong></span> 
     </span>
     <span class='ocr_line' id='line_1_9' title="bbox 540 1247 2635 1347; baseline -0.001 -28"><span class='ocrx_word' id='word_1_63' title='bbox 540 1248 760 1321; x_wconf 82' lang='lat' dir='ltr'><strong>videri</strong></span> <span class='ocrx_word' id='word_1_64' title='bbox 789 1249 1074 1347; x_wconf 82' lang='lat' dir='ltr'><strong>possit),</strong></span> <span class='ocrx_word' id='word_1_65' title='bbox 1105 1248 1380 1321; x_wconf 81' lang='lat' dir='ltr'><strong>hoerebo</strong></span> <span class='ocrx_word' id='word_1_66' title='bbox 1409 1247 1678 1321; x_wconf 81' lang='lat' dir='ltr'><strong>miserae</strong></span> <span class='ocrx_word' id='word_1_67' title='bbox 1708 1273 1939 1321; x_wconf 89' lang='lat' dir='ltr'><strong>comes</strong></span> <span class='ocrx_word' id='word_1_68' title='bbox 1961 1247 2367 1347; x_wconf 84' lang='lat' dir='ltr'><strong>quotidiano</strong></span> <span class='ocrx_word' id='word_1_69' title='bbox 2390 1247 2635 1321; x_wconf 84' lang='lat' dir='ltr'><strong>labori.</strong></span> 
     </span>
    </p>
   </div>
   <div class='ocr_carea' id='block_1_3' title="bbox 539 1508 2639 1532">
    <p class='ocr_par' dir='ltr' id='par_1_3' title="bbox 539 1508 2639 1532">
     <span class='ocr_line' id='line_1_10' title="bbox 539 1508 2639 1532; baseline -0.001 0"><span class='ocrx_word' id='word_1_70' title='bbox 539 1508 1174 1532; x_wconf 62' lang='lat' dir='ltr'><strong>nmmmmm</strong></span> <span class='ocrx_word' id='word_1_71' title='bbox 1664 1508 2639 1531; x_wconf 60' lang='lat' dir='ltr'><em>mmmmm</em></span> 
     </span>
    </p>
   </div>
   <div class='ocr_carea' id='block_1_4' title="bbox 1288 1696 1883 1774">
    <p class='ocr_par' dir='ltr' id='par_1_4' title="bbox 1288 1696 1883 1774">
     <span class='ocr_line' id='line_1_11' title="bbox 1288 1696 1883 1774; baseline 0.002 -2"><span class='ocrx_word' id='word_1_72' title='bbox 1288 1696 1883 1774; x_wconf 90' lang='lat' dir='ltr'>CCCXXXI.</span> 
     </span>
    </p>
   </div>
   <div class='ocr_carea' id='block_1_5' title="bbox 778 1925 2391 2023">
    <p class='ocr_par' dir='ltr' id='par_1_5' title="bbox 778 1925 2391 2023">
     <span class='ocr_line' id='line_1_12' title="bbox 778 1925 2391 2023; baseline 0.002 -28"><span class='ocrx_word' id='word_1_73' title='bbox 778 1925 892 1997; x_wconf 82' lang='lat' dir='ltr'><strong>Bis</strong></span> <span class='ocrx_word' id='word_1_74' title='bbox 921 1926 1286 1999; x_wconf 81' lang='lat' dir='ltr'><strong>damnatus</strong></span> <span class='ocrx_word' id='word_1_75' title='bbox 1317 1928 1761 2023; x_wconf 79' lang='lat' dir='ltr'><strong>injuriarum,</strong></span> <span class='ocrx_word' id='word_1_76' title='bbox 1800 1933 1994 2001; x_wconf 83' lang='lat' dir='ltr'><strong>tertio</strong></span> <span class='ocrx_word' id='word_1_77' title='bbox 2020 1926 2391 2001; x_wconf 48' lang='lat' dir='ltr'><strong>absolutus</strong></span> 
     </span>
    </p>
   </div>
   <div class='ocr_carea' id='block_1_6' title="bbox 539 2128 2636 2504">
    <p class='ocr_par' dir='ltr' id='par_1_6' title="bbox 539 2128 2636 2504">
     <span class='ocr_line' id='line_1_13' title="bbox 539 2128 2633 2204; baseline 0.001 -18"><span class='ocrx_word' id='word_1_78' title='bbox 539 2128 664 2204; x_wconf 84' lang='lat' dir='ltr'><strong>Qm</strong></span> <span class='ocrx_word' id='word_1_79' title='bbox 702 2148 935 2188; x_wconf 66' lang='lat' dir='ltr'><strong>cums</strong></span> <span class='ocrx_word' id='word_1_80' title='bbox 976 2148 1149 2189; x_wconf 70' lang='lat' dir='ltr'><strong>mum</strong></span> <span class='ocrx_word' id='word_1_81' title='bbox 1185 2150 1312 2189; x_wconf 68' lang='lat' dir='ltr'><strong>iton</strong></span> <span class='ocrx_word' id='word_1_82' title='bbox 1347 2148 1781 2204; x_wconf 67' lang='lat' dir='ltr'><strong>nauuavzmr,</strong></span> <span class='ocrx_word' id='word_1_83' title='bbox 1810 2148 1941 2188; x_wconf 76' lang='lat' dir='ltr'><strong>IPSE</strong></span> <span class='ocrx_word' id='word_1_84' title='bbox 1978 2148 2313 2189; x_wconf 69' lang='lat' dir='ltr'><strong>Punurun.</strong></span> <span class='ocrx_word' id='word_1_85' title='bbox 2351 2128 2483 2204; x_wconf 81' lang='lat' dir='ltr'><strong>Qut</strong></span> <span class='ocrx_word' id='word_1_86' title='bbox 2521 2148 2633 2189; x_wconf 75' lang='lat' dir='ltr'><strong>um</strong></span> 
     </span>
     <span class='ocr_line' id='line_1_14' title="bbox 621 2226 2636 2302; baseline 0.001 -20"><span class='ocrx_word' id='word_1_87' title='bbox 621 2244 1007 2285; x_wconf 74' lang='lat' dir='ltr'><strong>mmmAnmu</strong></span> <span class='ocrx_word' id='word_1_88' title='bbox 1027 2246 1356 2285; x_wconf 60' lang='lat' dir='ltr'><strong>namna-rus</strong></span> <span class='ocrx_word' id='word_1_89' title='bbox 1376 2238 1659 2302; x_wconf 70' lang='lat' dir='ltr'><strong>ruem-r’,</strong></span> <span class='ocrx_word' id='word_1_90' title='bbox 1679 2247 1892 2286; x_wconf 78' lang='grc' dir='ltr'>οΑΡιτε</span> <span class='ocrx_word' id='word_1_91' title='bbox 1912 2246 2244 2287; x_wconf 55' lang='lat' dir='ltr'><strong>vulturnu.</strong></span> <span class='ocrx_word' id='word_1_92' title='bbox 2260 2227 2359 2285; x_wconf 86' lang='lat' dir='ltr'><strong>Bis</strong></span> <span class='ocrx_word' id='word_1_93' title='bbox 2378 2226 2636 2287; x_wconf 79' lang='lat' dir='ltr'><strong>damna-</strong></span> 
     </span>
     <span class='ocr_line' id='line_1_15' title="bbox 619 2318 2633 2404; baseline 0.001 -27"><span class='ocrx_word' id='word_1_94' title='bbox 619 2331 716 2381; x_wconf 83' lang='lat' dir='ltr'><strong>tus</strong></span> <span class='ocrx_word' id='word_1_95' title='bbox 757 2318 1126 2400; x_wconf 84' lang='lat' dir='ltr'><strong>injuriarum</strong></span> <span class='ocrx_word' id='word_1_96' title='bbox 1147 2366 1165 2397; x_wconf 87' lang='lat'>,</span> <span class='ocrx_word' id='word_1_97' title='bbox 1202 2322 1382 2381; x_wconf 74' lang='lat' dir='ltr'><strong>tertio</strong></span> <span class='ocrx_word' id='word_1_98' title='bbox 1415 2344 1453 2379; x_wconf 83' lang='lat' dir='ltr'><strong>a</strong></span> <span class='ocrx_word' id='word_1_99' title='bbox 1480 2322 1756 2404; x_wconf 87' lang='lat' dir='ltr'><strong>quodam</strong></span> <span class='ocrx_word' id='word_1_100' title='bbox 1775 2322 2148 2404; x_wconf 82' lang='lat' dir='ltr'><strong>postulatus,</strong></span> <span class='ocrx_word' id='word_1_101' title='bbox 2172 2320 2501 2383; x_wconf 85' lang='lat' dir='ltr'><strong>absolutus</strong></span> <span class='ocrx_word' id='word_1_102' title='bbox 2518 2336 2633 2383; x_wconf 79' lang='lat' dir='ltr'><strong>est:</strong></span> 
     </span>
     <span class='ocr_line' id='line_1_16' title="bbox 617 2418 2233 2504; baseline 0.001 -26"><span class='ocrx_word' id='word_1_103' title='bbox 617 2418 746 2500; x_wconf 75' lang='lat' dir='ltr'><strong>agit</strong></span> <span class='ocrx_word' id='word_1_104' title='bbox 765 2441 912 2480; x_wconf 86' lang='lat' dir='ltr'><strong>cum</strong></span> <span class='ocrx_word' id='word_1_105' title='bbox 937 2432 1291 2481; x_wconf 80' lang='lat' dir='ltr'><strong>accusatore</strong></span> <span class='ocrx_word' id='word_1_106' title='bbox 1311 2430 1635 2502; x_wconf 81' lang='lat' dir='ltr'><strong>tamquam</strong></span> <span class='ocrx_word' id='word_1_107' title='bbox 1660 2420 1873 2504; x_wconf 85' lang='lat' dir='ltr'><strong>capitis</strong></span> <span class='ocrx_word' id='word_1_108' title='bbox 1896 2432 2233 2482; x_wconf 80' lang='lat' dir='ltr'><strong>accusatus.</strong></span> 
     </span>
    </p>
   </div>
   <div class='ocr_carea' id='block_1_7' title="bbox 1401 2589 1767 2656">
    <p class='ocr_par' dir='ltr' id='par_1_7' title="bbox 1401 2589 1767 2656">
     <span class='ocr_line' id='line_1_17' title="bbox 1401 2589 1767 2656; baseline -0.003 -1"><span class='ocrx_word' id='word_1_109' title='bbox 1401 2589 1767 2656; x_wconf 86' lang='lat' dir='ltr'><strong>SERMO.</strong></span> 
     </span>
    </p>
   </div>
   <div class='ocr_carea' id='block_1_8' title="bbox 539 2739 2633 2945">
    <p class='ocr_par' dir='ltr' id='par_1_8' title="bbox 539 2739 2633 2945">
     <span class='ocr_line' id='line_1_18' title="bbox 626 2739 2633 2830; baseline -0.001 -24"><span class='ocrx_word' id='word_1_110' title='bbox 626 2740 732 2806; x_wconf 85' lang='lat' dir='ltr'><strong>Bis</strong></span> <span class='ocrx_word' id='word_1_111' title='bbox 782 2739 1094 2810; x_wconf 89' lang='lat' dir='ltr'><strong>damnato</strong></span> <span class='ocrx_word' id='word_1_112' title='bbox 1137 2741 1328 2822; x_wconf 87' lang='lat' dir='ltr'><strong>huic,</strong></span> <span class='ocrx_word' id='word_1_113' title='bbox 1383 2740 1623 2808; x_wconf 82' lang='lat' dir='ltr'><strong>demus</strong></span> <span class='ocrx_word' id='word_1_114' title='bbox 1678 2759 1941 2830; x_wconf 77' lang='lat' dir='ltr'><strong>oportet</strong></span> <span class='ocrx_word' id='word_1_115' title='bbox 1990 2759 2347 2830; x_wconf 79' lang='lat' dir='ltr'><strong>patronum</strong></span> <span class='ocrx_word' id='word_1_116' title='bbox 2368 2739 2433 2805; x_wconf 78' lang='lat'><strong>3:</strong></span> <span class='ocrx_word' id='word_1_117' title='bbox 2480 2765 2633 2808; x_wconf 84' lang='lat' dir='ltr'><strong>nam</strong></span> 
     </span>
     <span class='ocr_line' id='line_1_19' title="bbox 539 2847 2550 2945; baseline 0.002 -35"><span class='ocrx_word' id='word_1_118' title='bbox 539 2847 789 2914; x_wconf 88' lang='lat' dir='ltr'><strong>etiamsi</strong></span> <span class='ocrx_word' id='word_1_119' title='bbox 815 2851 1112 2945; x_wconf 83' lang='lat' dir='ltr'><strong>proxime</strong></span> <span class='ocrx_word' id='word_1_120' title='bbox 1139 2849 1481 2918; x_wconf 88' lang='lat' dir='ltr'><strong>absolutus</strong></span> <span class='ocrx_word' id='word_1_121' title='bbox 1506 2867 1640 2932; x_wconf 83' lang='lat' dir='ltr'><strong>est,</strong></span> <span class='ocrx_word' id='word_1_122' title='bbox 1668 2849 1771 2916; x_wconf 86' lang='lat' dir='ltr'><strong>bis</strong></span> <span class='ocrx_word' id='word_1_123' title='bbox 1796 2865 2019 2916; x_wconf 86' lang='lat' dir='ltr'><strong>tamen</strong></span> <span class='ocrx_word' id='word_1_124' title='bbox 2045 2849 2394 2916; x_wconf 86' lang='lat' dir='ltr'><strong>damnatus</strong></span> <span class='ocrx_word' id='word_1_125' title='bbox 2424 2865 2550 2916; x_wconf 88' lang='lat' dir='ltr'><strong>est.</strong></span> 
     </span>
    </p>
   </div>
   <div class='ocr_carea' id='block_1_9' title="bbox 629 3007 1542 3083">
    <p class='ocr_par' dir='ltr' id='par_1_9' title="bbox 629 3007 1542 3083">
     <span class='ocr_line' id='line_1_20' title="bbox 629 3007 1542 3083; baseline 0.008 -26"><span class='ocrx_word' id='word_1_126' title='bbox 629 3023 646 3057; x_wconf 85' lang='lat' dir='ltr'><strong>t</strong></span> <span class='ocrx_word' id='word_1_127' title='bbox 659 3047 670 3058; x_wconf 93' lang='lat'><strong>.</strong></span> <span class='ocrx_word' id='word_1_128' title='bbox 725 3007 893 3076; x_wconf 78' lang='lat' dir='ltr'><strong>Quam</strong></span> <span class='ocrx_word' id='word_1_129' title='bbox 941 3011 1226 3083; x_wconf 64' lang='lat' dir='ltr'><strong>prasertim</strong></span> <span class='ocrx_word' id='word_1_130' title='bbox 1275 3012 1542 3082; x_wconf 73' lang='lat' dir='ltr'><strong>excepisse.</strong></span> 
     </span>
    </p>
   </div>
   <div class='ocr_carea' id='block_1_10' title="bbox 1698 3010 2634 3082">
    <p class='ocr_par' dir='ltr' id='par_1_10' title="bbox 1698 3010 2634 3082">
     <span class='ocr_line' id='line_1_21' title="bbox 1698 3010 2634 3082; baseline 0 -20"><span class='ocrx_word' id='word_1_131' title='bbox 1698 3027 1747 3062; x_wconf 79' lang='lat'><strong>2.</strong></span> <span class='ocrx_word' id='word_1_132' title='bbox 1774 3011 1873 3062; x_wconf 78' lang='lat' dir='ltr'><strong>Ter</strong></span> <span class='ocrx_word' id='word_1_133' title='bbox 1896 3012 2207 3082; x_wconf 76' lang='lat' dir='ltr'><strong>injuriarum</strong></span> <span class='ocrx_word' id='word_1_134' title='bbox 2219 3010 2405 3082; x_wconf 77' lang='lat' dir='ltr'><strong>fioerit.</strong></span> <span class='ocrx_word' id='word_1_135' title='bbox 2432 3011 2543 3062; x_wconf 79' lang='lat' dir='ltr'><strong>Ter</strong></span> <span class='ocrx_word' id='word_1_136' title='bbox 2558 3011 2634 3062; x_wconf 76' lang='lat' dir='ltr'><strong>in-</strong></span> 
     </span>
    </p>
   </div>
   <div class='ocr_carea' id='block_1_11' title="bbox 538 3085 2629 3165">
    <p class='ocr_par' dir='ltr' id='par_1_11' title="bbox 538 3085 2629 3165">
     <span class='ocr_line' id='line_1_22' title="bbox 538 3085 2629 3165; baseline 0.004 -29"><span class='ocrx_word' id='word_1_137' title='bbox 538 3087 612 3138; x_wconf 81' lang='lat' dir='ltr'><strong>Ita</strong></span> <span class='ocrx_word' id='word_1_138' title='bbox 659 3085 896 3158; x_wconf 83' lang='lat' dir='ltr'><strong>loquitur</strong></span> <span class='ocrx_word' id='word_1_139' title='bbox 940 3101 994 3141; x_wconf 92' lang='lat' dir='ltr'><strong>et</strong></span> <span class='ocrx_word' id='word_1_140' title='bbox 1033 3089 1260 3156; x_wconf 80' lang='lat' dir='ltr'><strong>Florus,</strong></span> <span class='ocrx_word' id='word_1_141' title='bbox 1307 3089 1399 3142; x_wconf 87' lang='lat' dir='ltr'><strong>lib.</strong></span> <span class='ocrx_word' id='word_1_142' title='bbox 1453 3091 1543 3156; x_wconf 81' lang='lat' dir='ltr'><strong>IV,</strong></span> <span class='ocrx_word' id='word_1_143' title='bbox 1616 3093 1875 3164; x_wconf 69' lang='lat' dir='ltr'><strong>juriamm</strong></span> <span class='ocrx_word' id='word_1_144' title='bbox 1894 3093 2173 3146; x_wconf 77' lang='lat' dir='ltr'><strong>damnatus</strong></span> <span class='ocrx_word' id='word_1_145' title='bbox 2182 3092 2383 3165; x_wconf 79' lang='lat' dir='ltr'><strong>fuerit,</strong></span> <span class='ocrx_word' id='word_1_146' title='bbox 2406 3091 2537 3146; x_wconf 80' lang='lat' dir='ltr'><strong>edit.</strong></span> <span class='ocrx_word' id='word_1_147' title='bbox 2564 3092 2629 3146; x_wconf 75' lang='lat' dir='ltr'><strong>al.</strong></span> 
     </span>
    </p>
   </div>
   <div class='ocr_carea' id='block_1_12' title="bbox 533 3168 1545 4116">
    <p class='ocr_par' dir='ltr' id='par_1_12' title="bbox 533 3168 1545 4116">
     <span class='ocr_line' id='line_1_23' title="bbox 539 3168 1545 3244; baseline 0.003 -24"><span class='ocrx_word' id='word_1_148' title='bbox 539 3168 570 3220; x_wconf 89' lang='lat'>8</span> <span class='ocrx_word' id='word_1_149' title='bbox 587 3206 603 3234; x_wconf 86' lang='lat'>‚</span> <span class='ocrx_word' id='word_1_150' title='bbox 631 3183 692 3218; x_wconf 83' lang='grc' dir='ltr'><strong>ιο</strong></span> <span class='ocrx_word' id='word_1_151' title='bbox 715 3189 728 3219; x_wconf 75' lang='lat' dir='ltr'><strong><em>z</em></strong></span> <span class='ocrx_word' id='word_1_152' title='bbox 759 3193 782 3214; x_wconf 74' lang='grc' dir='ltr'><strong>ο</strong></span> <span class='ocrx_word' id='word_1_153' title='bbox 803 3170 926 3220; x_wconf 84' lang='lat' dir='ltr'><strong>Non</strong></span> <span class='ocrx_word' id='word_1_154' title='bbox 949 3171 1124 3222; x_wconf 82' lang='lat' dir='ltr'><strong>minor</strong></span> <span class='ocrx_word' id='word_1_155' title='bbox 1147 3189 1210 3222; x_wconf 84' lang='lat' dir='ltr'><strong>ex</strong></span> <span class='ocrx_word' id='word_1_156' title='bbox 1235 3189 1370 3244; x_wconf 80' lang='lat' dir='ltr'><strong>aqua</strong></span> <span class='ocrx_word' id='word_1_157' title='bbox 1395 3185 1545 3244; x_wconf 84' lang='lat' dir='ltr'><strong>post-</strong></span> 
     </span>
     <span class='ocr_line' id='line_1_24' title="bbox 541 3247 1544 3322; baseline 0.011 -30"><span class='ocrx_word' id='word_1_158' title='bbox 541 3267 564 3292; x_wconf 73' lang='lat'><strong>·</strong></span> <span class='ocrx_word' id='word_1_159' title='bbox 585 3265 680 3310; x_wconf 89' lang='lat' dir='ltr'><strong>ea,</strong></span> <span class='ocrx_word' id='word_1_160' title='bbox 723 3263 882 3318; x_wconf 81' lang='lat' dir='ltr'><strong>quam</strong></span> <span class='ocrx_word' id='word_1_161' title='bbox 923 3247 991 3298; x_wconf 85' lang='lat' dir='ltr'><strong>ab</strong></span> <span class='ocrx_word' id='word_1_162' title='bbox 1031 3247 1276 3302; x_wconf 77' lang='lat' dir='ltr'><strong>hostibus</strong></span> <span class='ocrx_word' id='word_1_163' title='bbox 1324 3265 1544 3322; x_wconf 83' lang='lat' dir='ltr'><strong>excepta</strong></span> 
     </span>
     <span class='ocr_line' id='line_1_25' title="bbox 539 3325 1542 3400; baseline 0.009 -27"><span class='ocrx_word' id='word_1_164' title='bbox 539 3347 564 3373; x_wconf 70' lang='lat' dir='ltr'><strong>a</strong></span> <span class='ocrx_word' id='word_1_165' title='bbox 583 3325 779 3378; x_wconf 69' lang='lat' dir='ltr'><strong>cladeS.</strong></span> <span class='ocrx_word' id='word_1_166' title='bbox 803 3348 825 3372; x_wconf 74' lang='grc' dir='ltr'>ι</span> <span class='ocrx_word' id='word_1_167' title='bbox 879 3329 944 3380; x_wconf 77' lang='lat' dir='ltr'><strong>Et</strong></span> <span class='ocrx_word' id='word_1_168' title='bbox 993 3346 1154 3400; x_wconf 79' lang='lat' dir='ltr'><strong>supra</strong></span> <span class='ocrx_word' id='word_1_169' title='bbox 1211 3325 1542 3382; x_wconf 78' lang='lat' dir='ltr'><strong>Declamatio</strong></span> 
     </span>
     <span class='ocr_line' id='line_1_26' title="bbox 535 3407 1543 3480; baseline 0.005 -22"><span class='ocrx_word' id='word_1_170' title='bbox 535 3407 871 3459; x_wconf 80' lang='lat' dir='ltr'>CCLXXIV:</span> <span class='ocrx_word' id='word_1_171' title='bbox 927 3431 949 3456; x_wconf 72' lang='grc' dir='ltr'><strong><em>α</em></strong></span> <span class='ocrx_word' id='word_1_172' title='bbox 969 3411 1154 3464; x_wconf 76' lang='lat' dir='ltr'><strong>Poeuas</strong></span> <span class='ocrx_word' id='word_1_173' title='bbox 1200 3411 1442 3480; x_wconf 78' lang='lat' dir='ltr'><strong>excipere</strong></span> <span class='ocrx_word' id='word_1_174' title='bbox 1488 3413 1543 3463; x_wconf 84' lang='lat' dir='ltr'><strong>in</strong></span> 
     </span>
     <span class='ocr_line' id='line_1_27' title="bbox 542 3487 1539 3560; baseline 0.005 -25"><span class='ocrx_word' id='word_1_175' title='bbox 542 3507 566 3534; x_wconf 71' lang='grc' dir='ltr'><strong>α</strong></span> <span class='ocrx_word' id='word_1_176' title='bbox 585 3487 706 3537; x_wconf 85' lang='lat' dir='ltr'><strong>vita.</strong></span> <span class='ocrx_word' id='word_1_177' title='bbox 731 3509 753 3532; x_wconf 68' lang='grc' dir='ltr'>υ</span> <span class='ocrx_word' id='word_1_178' title='bbox 791 3489 863 3540; x_wconf 87' lang='lat' dir='ltr'><strong>Ut</strong></span> <span class='ocrx_word' id='word_1_179' title='bbox 894 3500 948 3539; x_wconf 87' lang='lat' dir='ltr'><strong>et</strong></span> <span class='ocrx_word' id='word_1_180' title='bbox 977 3489 1136 3542; x_wconf 81' lang='lat' dir='ltr'><strong>Jcms</strong></span> <span class='ocrx_word' id='word_1_181' title='bbox 1173 3488 1412 3560; x_wconf 83' lang='lat' dir='ltr'><strong>loquitur</strong></span> <span class='ocrx_word' id='word_1_182' title='bbox 1446 3488 1539 3540; x_wconf 84' lang='lat' dir='ltr'><strong>lib.</strong></span> 
     </span>
     <span class='ocr_line' id='line_1_28' title="bbox 535 3565 1543 3637; baseline 0.006 -21"><span class='ocrx_word' id='word_1_183' title='bbox 535 3565 832 3632; x_wconf 78' lang='lat' dir='ltr'>XXXVIII,</span> <span class='ocrx_word' id='word_1_184' title='bbox 866 3565 911 3637; x_wconf 85' lang='lat'><strong>§.</strong></span> <span class='ocrx_word' id='word_1_185' title='bbox 949 3568 1008 3634; x_wconf 80' lang='lat'><strong>8,</strong></span> <span class='ocrx_word' id='word_1_186' title='bbox 1041 3569 1102 3620; x_wconf 78' lang='lat' dir='ltr'><strong>ff.</strong></span> <span class='ocrx_word' id='word_1_187' title='bbox 1139 3567 1208 3621; x_wconf 77' lang='lat' dir='ltr'><strong>ad</strong></span> <span class='ocrx_word' id='word_1_188' title='bbox 1238 3569 1299 3620; x_wconf 79' lang='lat' dir='ltr'><strong>L.</strong></span> <span class='ocrx_word' id='word_1_189' title='bbox 1331 3569 1438 3620; x_wconf 80' lang='lat' dir='ltr'><strong>sul.</strong></span> <span class='ocrx_word' id='word_1_190' title='bbox 1474 3567 1543 3622; x_wconf 83' lang='lat' dir='ltr'><strong>de</strong></span> 
     </span>
     <span class='ocr_line' id='line_1_29' title="bbox 536 3643 1539 3720; baseline 0.006 -26"><span class='ocrx_word' id='word_1_191' title='bbox 536 3643 718 3696; x_wconf 80' lang='lat' dir='ltr'><strong>Adult.</strong></span> <span class='ocrx_word' id='word_1_192' title='bbox 749 3645 805 3696; x_wconf 85' lang='lat' dir='ltr'><strong>in</strong></span> <span class='ocrx_word' id='word_1_193' title='bbox 839 3645 1030 3718; x_wconf 84' lang='lat' dir='ltr'><strong>quibus</strong></span> <span class='ocrx_word' id='word_1_194' title='bbox 1061 3661 1137 3700; x_wconf 83' lang='lat' dir='ltr'><strong>est</strong></span> <span class='ocrx_word' id='word_1_195' title='bbox 1159 3665 1260 3719; x_wconf 78' lang='lat' dir='ltr'><strong>pro</strong></span> <span class='ocrx_word' id='word_1_196' title='bbox 1291 3651 1539 3720; x_wconf 78' lang='lat' dir='ltr'><strong>accipere.</strong></span> 
     </span>
     <span class='ocr_line' id='line_1_30' title="bbox 535 3723 1541 3796; baseline 0.002 -20"><span class='ocrx_word' id='word_1_197' title='bbox 535 3725 704 3776; x_wconf 67' lang='lat' dir='ltr'><strong>Bonis.</strong></span> <span class='ocrx_word' id='word_1_198' title='bbox 727 3753 802 3768; x_wconf 79' lang='lat'><strong>--</strong></span> <span class='ocrx_word' id='word_1_199' title='bbox 818 3723 960 3777; x_wconf 84' lang='lat' dir='ltr'><strong>Nam</strong></span> <span class='ocrx_word' id='word_1_200' title='bbox 983 3725 1026 3778; x_wconf 80' lang='lat' dir='ltr'><strong>si</strong></span> <span class='ocrx_word' id='word_1_201' title='bbox 1044 3728 1402 3796; x_wconf 63' lang='lat' dir='ltr'><strong>perseverabit.</strong></span> <span class='ocrx_word' id='word_1_202' title='bbox 1430 3729 1541 3791; x_wconf 81' lang='lat' dir='ltr'><strong>An,</strong></span> 
     </span>
     <span class='ocr_line' id='line_1_31' title="bbox 533 3803 1542 3876; baseline 0.003 -23"><span class='ocrx_word' id='word_1_203' title='bbox 533 3803 692 3854; x_wconf 80' lang='lat' dir='ltr'><strong>etiam</strong></span> <span class='ocrx_word' id='word_1_204' title='bbox 733 3805 776 3854; x_wconf 74' lang='lat' dir='ltr'><strong>si</strong></span> <span class='ocrx_word' id='word_1_205' title='bbox 811 3816 962 3875; x_wconf 73' lang='lat' dir='ltr'><strong>pater</strong></span> <span class='ocrx_word' id='word_1_206' title='bbox 997 3807 1384 3876; x_wconf 64' lang='lat' dir='ltr'><strong>perseverabit?</strong></span> <span class='ocrx_word' id='word_1_207' title='bbox 1422 3805 1542 3872; x_wconf 85' lang='lat' dir='ltr'><strong>vel,</strong></span> 
     </span>
     <span class='ocr_line' id='line_1_32' title="bbox 535 3883 1543 3958; baseline 0.004 -26"><span class='ocrx_word' id='word_1_208' title='bbox 535 3883 741 3934; x_wconf 72' lang='lat' dir='ltr'><strong>utinam</strong></span> <span class='ocrx_word' id='word_1_209' title='bbox 784 3887 1156 3955; x_wconf 61' lang='lat' dir='ltr'><strong>perseveraret!</strong></span> <span class='ocrx_word' id='word_1_210' title='bbox 1201 3901 1325 3958; x_wconf 72' lang='lat' dir='ltr'><strong>roqo</strong></span> <span class='ocrx_word' id='word_1_211' title='bbox 1367 3895 1543 3936; x_wconf 79' lang='lat' dir='ltr'><strong>tamen</strong></span> 
     </span>
     <span class='ocr_line' id='line_1_33' title="bbox 533 3961 1543 4035; baseline 0.004 -23"><span class='ocrx_word' id='word_1_212' title='bbox 533 3961 836 4032; x_wconf 62' lang='lat' dir='ltr'><strong>ignoscatis!</strong></span> <span class='ocrx_word' id='word_1_213' title='bbox 855 3963 970 4030; x_wconf 85' lang='lat' dir='ltr'><strong>vel,</strong></span> <span class='ocrx_word' id='word_1_214' title='bbox 989 3966 1034 4017; x_wconf 78' lang='lat' dir='ltr'><strong>si</strong></span> <span class='ocrx_word' id='word_1_215' title='bbox 1057 3977 1230 4018; x_wconf 80' lang='lat' dir='ltr'><strong>tamen</strong></span> <span class='ocrx_word' id='word_1_216' title='bbox 1253 3981 1543 4035; x_wconf 74' lang='lat' dir='ltr'><strong>persevera·</strong></span> 
     </span>
     <span class='ocr_line' id='line_1_34' title="bbox 537 4043 940 4116; baseline 0.02 -26"><span class='ocrx_word' id='word_1_217' title='bbox 537 4043 682 4094; x_wconf 77' lang='lat' dir='ltr'><strong>verit.</strong></span> <span class='ocrx_word' id='word_1_218' title='bbox 708 4043 940 4116; x_wconf 54' lang='lat' dir='ltr'><strong>Sonuit}</strong></span> 
     </span>
    </p>
   </div>
   <div class='ocr_carea' id='block_1_13' title="bbox 1620 3171 2633 4100">
    <p class='ocr_par' dir='ltr' id='par_1_13' title="bbox 1624 3171 2631 3308">
     <span class='ocr_line' id='line_1_35' title="bbox 1624 3171 2631 3248; baseline -0.001 -23"><span class='ocrx_word' id='word_1_219' title='bbox 1624 3187 1677 3226; x_wconf 82' lang='lat' dir='ltr'><strong>et</strong></span> <span class='ocrx_word' id='word_1_220' title='bbox 1706 3193 1803 3226; x_wconf 81' lang='lat' dir='ltr'><strong>nos</strong></span> <span class='ocrx_word' id='word_1_221' title='bbox 1828 3177 2123 3248; x_wconf 79' lang='lat' dir='ltr'><strong>recepimus</strong></span> <span class='ocrx_word' id='word_1_222' title='bbox 2151 3194 2273 3227; x_wconf 85' lang='lat' dir='ltr'><strong>cum</strong></span> <span class='ocrx_word' id='word_1_223' title='bbox 2298 3177 2507 3246; x_wconf 87' lang='lat' dir='ltr'><strong>Bipont.</strong></span> <span class='ocrx_word' id='word_1_224' title='bbox 2530 3171 2631 3228; x_wconf 86' lang='lat' dir='ltr'><strong>Sed</strong></span> 
     </span>
     <span class='ocr_line' id='line_1_36' title="bbox 1625 3254 2287 3308; baseline 0.002 -1"><span class='ocrx_word' id='word_1_225' title='bbox 1625 3254 1868 3308; x_wconf 75' lang='lat' dir='ltr'><strong>AErodius</strong></span> <span class='ocrx_word' id='word_1_226' title='bbox 1894 3268 2065 3307; x_wconf 87' lang='lat' dir='ltr'><strong>totum</strong></span> <span class='ocrx_word' id='word_1_227' title='bbox 2095 3255 2287 3308; x_wconf 76' lang='lat' dir='ltr'><strong>omisit.</strong></span> 
     </span>
    </p>

    <p class='ocr_par' dir='ltr' id='par_1_14' title="bbox 1620 3337 2633 4100">
     <span class='ocr_line' id='line_1_37' title="bbox 1694 3337 2631 3408; baseline 0 -18"><span class='ocrx_word' id='word_1_228' title='bbox 1694 3338 1745 3390; x_wconf 89' lang='lat'><strong>3.</strong></span> <span class='ocrx_word' id='word_1_229' title='bbox 1766 3337 1855 3390; x_wconf 75' lang='lat' dir='ltr'><strong>Bis</strong></span> <span class='ocrx_word' id='word_1_230' title='bbox 1872 3337 2121 3391; x_wconf 81' lang='lat' dir='ltr'><strong>damnato</strong></span> <span class='ocrx_word' id='word_1_231' title='bbox 2142 3337 2267 3392; x_wconf 71' lang='lat' dir='ltr'><strong>huic</strong></span> <span class='ocrx_word' id='word_1_232' title='bbox 2288 3337 2463 3390; x_wconf 76' lang='lat' dir='ltr'><strong>demus</strong></span> <span class='ocrx_word' id='word_1_233' title='bbox 2480 3355 2631 3408; x_wconf 74' lang='lat' dir='ltr'><strong>opor·-</strong></span> 
     </span>
     <span class='ocr_line' id='line_1_38' title="bbox 1626 3415 2631 3486; baseline 0.001 -21"><span class='ocrx_word' id='word_1_234' title='bbox 1626 3426 1695 3466; x_wconf 83' lang='lat' dir='ltr'><strong>tet</strong></span> <span class='ocrx_word' id='word_1_235' title='bbox 1719 3426 2022 3485; x_wconf 68' lang='lat' dir='ltr'><strong>patronum.</strong></span> <span class='ocrx_word' id='word_1_236' title='bbox 2056 3417 2162 3485; x_wconf 88' lang='lat' dir='ltr'><strong>Qui</strong></span> <span class='ocrx_word' id='word_1_237' title='bbox 2196 3415 2369 3468; x_wconf 80' lang='lat' dir='ltr'><strong>edicto</strong></span> <span class='ocrx_word' id='word_1_238' title='bbox 2394 3417 2631 3486; x_wconf 70' lang='lat' dir='ltr'><strong>pra-toris</strong></span> 
     </span>
     <span class='ocr_line' id='line_1_39' title="bbox 1622 3494 2633 3565; baseline -0.003 -19"><span class='ocrx_word' id='word_1_239' title='bbox 1622 3494 1839 3546; x_wconf 80' lang='lat' dir='ltr'><strong>infamia</strong></span> <span class='ocrx_word' id='word_1_240' title='bbox 1876 3506 2162 3560; x_wconf 77' lang='lat' dir='ltr'><strong>notantur,</strong></span> <span class='ocrx_word' id='word_1_241' title='bbox 2194 3494 2318 3546; x_wconf 88' lang='lat' dir='ltr'><strong>licet</strong></span> <span class='ocrx_word' id='word_1_242' title='bbox 2354 3512 2449 3565; x_wconf 80' lang='lat' dir='ltr'><strong>pro</strong></span> <span class='ocrx_word' id='word_1_243' title='bbox 2486 3511 2547 3545; x_wconf 71' lang='lat' dir='ltr'><strong>se</strong></span> <span class='ocrx_word' id='word_1_244' title='bbox 2582 3505 2633 3543; x_wconf 87' lang='lat' dir='ltr'><strong>et</strong></span> 
     </span>
     <span class='ocr_line' id='line_1_40' title="bbox 1622 3571 2631 3645; baseline 0.002 -23"><span class='ocrx_word' id='word_1_245' title='bbox 1622 3574 1781 3624; x_wconf 76' lang='lat' dir='ltr'><strong>certis</strong></span> <span class='ocrx_word' id='word_1_246' title='bbox 1814 3571 2134 3644; x_wconf 76' lang='lat' dir='ltr'><strong>quibusdam</strong></span> <span class='ocrx_word' id='word_1_247' title='bbox 2164 3573 2409 3645; x_wconf 70' lang='lat' dir='ltr'><strong>personis</strong></span> <span class='ocrx_word' id='word_1_248' title='bbox 2444 3585 2631 3643; x_wconf 67' lang='lat' dir='ltr'><strong>postu·</strong></span> 
     </span>
     <span class='ocr_line' id='line_1_41' title="bbox 1624 3651 2629 3726; baseline 0 -22"><span class='ocrx_word' id='word_1_249' title='bbox 1624 3653 1736 3705; x_wconf 79' lang='lat' dir='ltr'><strong>lare</strong></span> <span class='ocrx_word' id='word_1_250' title='bbox 1758 3672 1866 3706; x_wconf 85' lang='lat' dir='ltr'><strong>non</strong></span> <span class='ocrx_word' id='word_1_251' title='bbox 1892 3653 2305 3726; x_wconf 73' lang='lat' dir='ltr'><strong>prohibeantur,</strong></span> <span class='ocrx_word' id='word_1_252' title='bbox 2334 3651 2525 3705; x_wconf 76' lang='lat' dir='ltr'><strong>melius</strong></span> <span class='ocrx_word' id='word_1_253' title='bbox 2554 3667 2629 3704; x_wconf 73' lang='lat' dir='ltr'><strong>tn·</strong></span> 
     </span>
     <span class='ocr_line' id='line_1_42' title="bbox 1623 3730 2631 3806; baseline 0.002 -24"><span class='ocrx_word' id='word_1_254' title='bbox 1623 3750 1744 3783; x_wconf 88' lang='lat' dir='ltr'><strong>men</strong></span> <span class='ocrx_word' id='word_1_255' title='bbox 1778 3746 1857 3785; x_wconf 83' lang='lat' dir='ltr'><strong>est</strong></span> <span class='ocrx_word' id='word_1_256' title='bbox 1884 3731 2007 3784; x_wconf 84' lang='lat' dir='ltr'><strong>huic</strong></span> <span class='ocrx_word' id='word_1_257' title='bbox 2040 3747 2325 3806; x_wconf 78' lang='lat' dir='ltr'><strong>patronum</strong></span> <span class='ocrx_word' id='word_1_258' title='bbox 2356 3730 2511 3798; x_wconf 71' lang='lat' dir='ltr'><strong>dari,</strong></span> <span class='ocrx_word' id='word_1_259' title='bbox 2541 3732 2631 3803; x_wconf 81' lang='lat' dir='ltr'><strong>qui</strong></span> 
     </span>
     <span class='ocr_line' id='line_1_43' title="bbox 1620 3809 2629 3882; baseline -0.002 -20"><span class='ocrx_word' id='word_1_260' title='bbox 1620 3812 1729 3881; x_wconf 79' lang='lat' dir='ltr'><strong>jam</strong></span> <span class='ocrx_word' id='word_1_261' title='bbox 1760 3809 1840 3863; x_wconf 80' lang='lat' dir='ltr'><strong>bis</strong></span> <span class='ocrx_word' id='word_1_262' title='bbox 1869 3813 2175 3882; x_wconf 82' lang='lat' dir='ltr'><strong>injuriarum</strong></span> <span class='ocrx_word' id='word_1_263' title='bbox 2202 3809 2487 3863; x_wconf 78' lang='lat' dir='ltr'><strong>damnatus</strong></span> <span class='ocrx_word' id='word_1_264' title='bbox 2515 3824 2595 3862; x_wconf 86' lang='lat' dir='ltr'><strong>est</strong></span> <span class='ocrx_word' id='word_1_265' title='bbox 2614 3831 2629 3860; x_wconf 74' lang='grc' dir='ltr'>ι</span> 
     </span>
     <span class='ocr_line' id='line_1_44' title="bbox 1628 3891 2631 3964; baseline 0.001 -23"><span class='ocrx_word' id='word_1_266' title='bbox 1628 3891 1751 3961; x_wconf 83' lang='lat' dir='ltr'><strong>quia</strong></span> <span class='ocrx_word' id='word_1_267' title='bbox 1776 3910 1884 3942; x_wconf 83' lang='lat' dir='ltr'><strong>non</strong></span> <span class='ocrx_word' id='word_1_268' title='bbox 1908 3905 2017 3943; x_wconf 82' lang='lat' dir='ltr'><strong>tam</strong></span> <span class='ocrx_word' id='word_1_269' title='bbox 2040 3909 2141 3964; x_wconf 83' lang='lat' dir='ltr'><strong>pro</strong></span> <span class='ocrx_word' id='word_1_270' title='bbox 2168 3911 2227 3944; x_wconf 79' lang='lat' dir='ltr'><strong>se</strong></span> <span class='ocrx_word' id='word_1_271' title='bbox 2254 3909 2443 3961; x_wconf 66' lang='lat' dir='ltr'><strong>agere,</strong></span> <span class='ocrx_word' id='word_1_272' title='bbox 2468 3909 2631 3964; x_wconf 77' lang='lat' dir='ltr'><strong>quam</strong></span> 
     </span>
     <span class='ocr_line' id='line_1_45' title="bbox 1626 3967 2623 4043; baseline 0.001 -23"><span class='ocrx_word' id='word_1_273' title='bbox 1626 3967 1895 4040; x_wconf 79' lang='lat' dir='ltr'><strong>publicam</strong></span> <span class='ocrx_word' id='word_1_274' title='bbox 1908 3969 2117 4022; x_wconf 77' lang='lat' dir='ltr'><strong>videtur</strong></span> <span class='ocrx_word' id='word_1_275' title='bbox 2130 3971 2375 4042; x_wconf 77' lang='lat' dir='ltr'><strong>injuriam</strong></span> <span class='ocrx_word' id='word_1_276' title='bbox 2394 3971 2623 4043; x_wconf 69' lang='lat' dir='ltr'><strong>exsequi.</strong></span> 
     </span>
     <span class='ocr_line' id='line_1_46' title="bbox 1626 4049 1887 4100; baseline 0 0"><span class='ocrx_word' id='word_1_277' title='bbox 1626 4049 1887 4100; x_wconf 69' lang='lat' dir='ltr'><strong>AEnomm.</strong></span> 
     </span>
    </p>
   </div>
  </div>
 </body>
</html>
