2855 4871
627 467 1466 534 DECLAMATIONES.
1514 470 1914 536 CCCXLV.
2187 477 2309 556 423

201 591 440 664 veniet
471 591 668 663 fama
699 590 986 662 virtutiS.
1016 590 1254 663 Velim
1289 617 1519 664 narres
1546 591 1945 693 judicibus,
1981 594 2312 670 audiente

207 706 512 807 populo,
543 731 763 806 quem
787 731 1184 778 sermonem
1217 733 1378 778 cum
1419 705 1551 779 hoc
1585 706 2022 781 adolescente
2055 710 2313 784 habue-

207 823 298 896 ris
317 878 337 912 ,
375 849 516 921 qua
545 821 1016 895 exhortatione
1039 822 1130 894 sis
1155 848 1358 894 usus:
1391 822 1739 896 Premitur
1764 825 2132 922 tyrannide
2158 825 2319 898 civi-

205 959 310 1013 tas
333 961 604 1013 nostra:
633 938 946 1039 quotidie
972 939 1431 1040 gravia-atque
1455 940 1748 1040 indigna
1775 943 2112 1040 patimur:
2142 970 2316 1043 opus

207 1077 312 1130 est
343 1055 584 1155 aliquo
611 1057 756 1128 viro
786 1056 1000 1148 forte,
1046 1083 1222 1155 opus
1265 1075 1364 1128 est
1405 1055 1645 1156 aliquo
1686 1057 1873 1129 bono
1914 1057 2100 1148 cive,
2142 1085 2317 1157 opus

207 1193 310 1245 est
333 1171 706 1245 liberatore
731 1193 1085 1246 tantorum
1111 1172 1486 1245 malorum.
1514 1173 1587 1245 Si
1610 1192 1677 1244 te
1698 1173 1841 1245 haec
1862 1200 2085 1271 quum
2108 1173 2315 1246 maxi-

207 1315 324 1360 me
359 1287 712 1360 dicentem
747 1287 1207 1386 interrogem,
1239 1314 1363 1361 cur
1392 1313 1539 1360 non
1575 1287 1723 1387 ipse
1753 1289 1999 1377 facias3
2026 1303 2318 1389 respon-

207 1403 408 1475 debis
440 1403 777 1502 profecto‚
807 1406 970 1476 Non
1004 1429 1324 1503 possum,
1353 1430 1501 1477 non
1530 1403 1587 1476 is
1616 1403 1899 1476 animus
1932 1403 2144 1494 mihi,
2170 1431 2313 1476 non

208 1517 281 1589 id
321 1517 582 1590 virium
618 1538 758 1591 est:
806 1539 872 1591 et
906 1517 1221 1619 adjicieS,
1259 1519 1373 1592 Tu
1413 1539 1633 1620 potes.
1659 1523 1932 1592 Verum
1970 1545 2115 1591 non
2154 1545 2313 1590 con-

207 1650 440 1703 tentus
481 1631 613 1704 sibi
652 1632 1062 1732 acquisisse¹
1103 1633 1687 1732 gloriam„etiam
1720 1635 1927 1707 nobis
1958 1633 2313 1706 detrahere

203 1767 540 1818 conatur:
577 1773 790 1846 negas
825 1749 1017 1821 enim
1046 1750 1238 1822 hunc
1267 1750 1607 1852 juvenem
1641 1749 1731 1825 ad
1762 1751 2313 1850 tyrannicidium

203 1863 424 1934 fuisse
445 1883 820 1937 venturum
837 1922 856 1955 ,
883 1865 1015 1938 nisi
1047 1867 1350 1964 pecunia
1373 1865 1758 1939 conductus
1784 1886 1976 1939 esset.
2004 1867 2073 1939 O
2100 1892 2315 1963 quan-

205 1999 362 2052 tum
405 2005 622 2070 erras,
658 1981 884 2068 diver»,
917 2008 996 2053 ac
1028 1981 1322 2074 falleriS,
1363 1983 1488 2082 qui
1526 2003 1727 2082 putas
1757 1982 2081 2054 virtutem
2116 2007 2311 2080 posse

205 2093 545 2184 conduci,
577 2115 642 2167 et
673 2094 996 2168 animum
1020 2096 1321 2196 pecunia
1343 2095 1535 2169 fieri!
1569 2097 1641 2168 in
1666 2095 1905 2169 omnia
1932 2093 2124 2166 enim
2147 2119 2313 2165 sane

201 2208 400 2282 lucro
431 2208 838 2299 trahamur3
875 2209 1086 2282 ducat
1117 2237 1244 2282 nos
1277 2237 1433 2310 spes
1470 2211 1562 2283 ad
1598 2210 1904 2283 laborem
1925 2268 1943 2301 ,
1980 2209 2191 2282 ducat
2222 2208 2310 2280 ad

205 2322 623 2422 patientiam
640 2351 654 2394 :
673 2349 882 2397 nemo
897 2325 1116 2424 futuri
1137 2326 1469 2425 temporis
1484 2325 1900 2425 cogitatione
1916 2324 2309 2424 periculum

203 2438 418 2511 subit.
445 2440 678 2513 Iturus
705 2440 956 2538 aliquis
973 2455 998 2485 ²
1025 2440 1102 2512 in
1132 2440 1205 2513 id
1234 2441 1641 2530 discrimen,
1667 2468 1747 2513 ex
1774 2466 1917 2541 quo
1941 2466 2308 2514 evasurum

203 2582 276 2627 se
305 2581 452 2627 non
481 2576 741 2656 speret,
771 2556 1149 2654 pecuniam
1177 2556 1545 2656 spectavit?
1572 2556 1866 2646 scilieet,
1902 2576 1982 2627 ut
2004 2552 2313 2653 locuple-

205 2671 338 2743 tior
369 2671 660 2770 periret:
694 2692 772 2745 ut
803 2672 859 2743 si
889 2670 1296 2745 destitutum
1324 2671 1400 2744 in
1432 2671 1566 2744 illis
1597 2668 2131 2771 cogitationibus
2159 2693 2311 2738 ma-

205 2810 456 2861 nerent
480 2807 858 2881 tormenta,
884 2789 939 2862 si
965 2789 1240 2888 tyranni
1267 2788 1400 2879 ira,
1433 2786 1721 2860 haberet
1737 2785 1912 2857 illud
1938 2784 2125 2855 intra
2149 2808 2309 2855 con-

203 2904 566 2976 scientiam
597 2931 800 2977 suam
819 2961 837 2994 ,
870 2904 1208 3005 accepisse
1235 2930 1308 2974 se
1339 2899 1712 3001 pecuniam
1730 2930 1749 2988 ;
1786 2920 1856 2972 et
1883 2897 2121 2998 paullo
2150 2918 2309 2969 ante

201 3046 484 3119 gravem
513 3040 800 3120 argento
835 3018 1180 3093 manum-’⁶
1207 3018 1445 3090 fuisse.
1480 3020 1665 3088 Ante
1688 3015 1907 3115 igitur
1936 3015 2045 3086 hae
2075 3038 2309 3087 versa-

203 3138 464 3209 bantur
498 3140 575 3210 in
617 3139 858 3213 animo
895 3138 1108 3240 hujus
1152 3135 1636 3237 cogitatione33
1672 3154 1831 3205 ante
1866 3132 2085 3221 istud,
2121 3128 2311 3230 quod

202 3273 276 3326 tu
298 3253 610 3326 effecisse
631 3252 1052 3355 pecuniam4
1071 3272 1302 3353 putaS,
1326 3252 1586 3324 fecerat
1611 3248 2031 3348 respublica,
2061 3248 2311 3319 fecerat

203 3414 294 3485 qui
322 3412 392 3465 de
419 3412 598 3485 aliqua
631 3432 688 3467 re
719 3416 1029 3485 cognoscit,
1053 3432 1218 3485 gene-

203 3491 386 3544 raliter
417 3493 682 3563 accipias,
715 3510 898 3547 sensus
931 3495 1062 3559 erit,
1091 3494 1216 3544 Non

200 3569 396 3625 dabitis
419 3584 694 3645 tamquam
717 3588 967 3646 praetores
981 3572 1218 3643 judicem

202 3654 270 3707 de
283 3655 676 3727 tyrannicidiis,
695 3656 865 3727 quide
881 3657 1022 3707 facto
1041 3657 1217 3721 unius,

203 3748 256 3785 et
286 3732 565 3787 voluntate
601 3736 936 3807 pecuniaque
973 3732 1184 3787 alterius
1200 3771 1219 3800 ,

203 3814 342 3865 inter
363 3813 718 3885 tyrannicidas
736 3812 958 3883 judicet.
983 3812 1168 3863 AEnon.

281 3906 328 3943 1.
362 3890 474 3943 Sibi
503 3893 786 3964 acquisisse.
823 3891 981 3943 Hanc
1011 3908 1128 3963 aeq.
1165 3902 1218 3941 et

203 3987 359 4034 mox,
389 3972 624 4039 conaris,
655 3968 837 4024 AErod.
867 3972 1094 4024 conatus
1125 3986 1220 4020 ne-

202 4063 324 4127 gat,
351 4070 520 4123 marg.

279 4152 329 4186 2.
375 4132 675 4187 Periculum
717 4134 868 4188 subit.
904 4132 1081 4185 Itums
1120 4132 1224 4184 ati-

207 4213 334 4285 quis.
351 4215 519 4285 Lege,
537 4212 838 4286 periculum
855 4212 1110 4267 subiturus
1123 4210 1225 4264 ale·-

1297 3413 1466 3487 quod,
1490 3424 1547 3463 ut
1574 3412 1631 3462 t'n
1655 3410 1711 3462 id
1731 3408 2022 3462 discrimen.
2048 3424 2093 3458 e.
2120 3426 2171 3479 q.
2198 3424 2243 3456 e.
2268 3424 2306 3455 s.

1298 3510 1354 3543 n.
1387 3500 1569 3563 speret.
1606 3490 1727 3541 Pac.
1760 3488 2013 3561 speravt't,
2048 3482 2309 3536 AErodius.

1296 3572 1569 3625 Subitam
1602 3568 1823 3643 aliquod
1848 3567 1968 3641 fuit
2004 3565 2273 3619 discr-'men
2290 3602 2309 3629 ‚

1298 3672 1363 3705 ex
1383 3672 1486 3725 quo
1505 3670 1779 3705 evasurum
1802 3668 1853 3703 se
1873 3666 1979 3700 non
2001 3658 2183 3719 speret.
2209 3645 2312 3696 Pe-

1297 3732 1507 3784 cuniam
1539 3730 1826 3800 spectam‘t?
1856 3725 1984 3779 Obr.
2019 3726 2311 3776 Evasumm

1295 3832 1348 3867 se
1369 3814 1459 3866 vix
1474 3822 1639 3883 speret
1652 3848 1669 3877 ‚
1694 3808 1923 3864 malebat
1948 3808 2217 3861 Francius.

1371 3892 1422 3945 3.
1453 3892 1677 3945 Gravem
1702 3900 1917 3959 arqento
1941 3904 2179 3937 manum.
2208 3884 2313 3935 Re-

1301 3972 1457 4043 spicit
1470 3970 1563 4022 illa
1580 3970 1723 4039 Vir-g.
1737 3966 1847 4018 Ecl.
1866 3968 1915 4031 1,
1930 3964 2025 4018 36:
2055 3986 2077 4010 ιι
2093 3966 2312 4017 Nonnu-

1307 4074 1330 4098 α
1352 4069 1513 4124 quam
1526 4049 1697 4120 gravis
1712 4065 1811 4099 aere
1824 4044 2041 4097 domum
2058 4061 2176 4096 mea
2188 4042 2313 4095 dex-

1309 4154 1332 4179 ι
1353 4144 1437 4182 tra
1461 4128 1684 4181 redibat.
1707 4150 1729 4175 ι

1377 4208 1426 4275 4.
1472 4208 1622 4278 Quod
1657 4216 1714 4259 a.
1748 4204 1979 4277 assasse
2013 4202 2309 4275 pecuniam.
