2855 4871
534 408 1379 477 DECLAMATIONES.
1429 410 1894 477 CCCXVIII.
2139 416 2264 484 285

150 532 335 635 per?
354 554 533 630 puta
566 557 679 601 me
714 529 977 618 dicere;
1004 530 1346 620 Querere¹
1385 530 1472 602 de
1507 551 1570 603 te
1595 552 1800 632 atque
1823 534 2069 607 officiis
2095 537 2266 627 tuis,

149 648 291 747 qui
330 671 480 717 non
524 644 721 716 aliter
758 643 1073 715 meruisti
1108 670 1123 715 :
1160 644 1444 717 fortasse
1471 670 1717 718 vexare
1751 674 1872 719 vos
1907 648 2165 742 voluit,
2205 674 2272 725 et

148 763 482 860 legatum
514 783 787 858 sperare
812 784 1111 857 semper,
1146 780 1214 829 et
1235 760 1515 831 alternis
1541 759 1922 860 desperare.
1949 764 2065 837 Sic
2091 768 2269 839 tueri

156 904 284 951 me
308 876 469 949 volo
485 934 503 963 ,
534 896 613 946 ut
630 874 857 947 dicam
879 900 1153 975 semper
1174 902 1189 947 :
1213 896 1375 948 ante
1394 877 1636 949 omnia
1655 876 1844 949 enim
1864 898 2270 954 testamento

158 1015 461 1092 tempus
494 1017 640 1062 non
670 1010 769 1063 est
798 1010 1081 1061 cautum
1102 1046 1121 1079 ‚
1149 1017 1290 1088 quo
1321 990 1581 1063 solvam
1601 1050 1620 1082 ‚
1651 1018 1728 1063 ac
1748 1019 1840 1064 ne
1869 995 2085 1066 caveri
2118 996 2274 1095 qui-

159 1108 335 1180 dem
372 1105 603 1205 potuit
637 1133 650 1176 :
698 1130 867 1175 nam
910 1105 1032 1202 qui
1068 1104 1268 1196 dicit,
1304 1106 1440 1178 utri
1479 1105 1848 1199 malueris,
1891 1128 1959 1179 et
1995 1128 2272 1210 tempus

158 1250 319 1296 non
365 1220 638 1322 adjicit,
681 1218 1051 1292 manifesto
1099 1218 1273 1291 illud
1316 1246 1597 1319 quoque
1639 1220 2009 1320 significat3
2046 1251 2272 1324 quum

160 1336 508 1425 volueris,
540 1335 793 1407 solves:
821 1332 1051 1405 adhuc
1082 1360 1245 1433 ergo
1270 1334 1481 1407 ambo
1511 1335 1813 1434 improbi
1843 1338 2032 1429 estiS,
2060 1337 2273 1411 ambo

160 1450 732 1527 calumniatores.
760 1450 998 1539 Quam
1024 1448 1374 1549 sapienter
1394 1448 1736 1522 tacueras!
1774 1450 1830 1521 si
1859 1452 1934 1523 in
1964 1451 2096 1525 hoc
2124 1480 2274 1553 per-

160 1564 927 1657 severasse5,videreris
961 1563 1140 1636 mihi
1166 1563 1662 1638 verecundior:
1697 1591 2047 1665 sperarem
2078 1569 2275 1642 futu-

164 1712 334 1757 rum
355 1743 375 1776 ,
414 1682 820 1783 diligentius
848 1706 1145 1755 servares
1169 1682 1580 1781 pecuniam,
1611 1709 1824 1780 quam
1851 1710 1999 1757 non
2027 1686 2278 1787 cupide

166 1826 536 1900 acceperas
562 1826 577 1869 ε
605 1825 795 1871 nunc
815 1798 1068 1897 incipit
1084 1799 1263 1871 mihi
1282 1798 1500 1872 videri
1522 1799 1758 1871 minus
1786 1800 1904 1873 ille
1924 1828 2234 1902 peccasse
2259 1832 2274 1877 :

164 1918 471 2017 litigavit
496 1937 654 1989 ante
684 1915 1242 2016 experimentum
1264 1973 1283 2007 ‚
1316 1915 1611 2017 litigavit
1644 1937 1802 1989 ante
1831 1920 2274 1993 sententiam:

168 2056 249 2106 tu
294 2060 445 2105 non
488 2030 709 2104 credis
733 2031 1120 2134 judicibus
1160 2035 1427 2105 Neuter
1473 2060 1636 2132 ergo
1679 2033 2013 2133 accipiet?
2054 2062 2278 2133 quum

166 2147 472 2219 voluerit
505 2166 841 2246 patronus
876 2146 1072 2219 al'teri
1108 2148 1256 2219 dari
1277 2162 1331 2234 ²,
1366 2174 1512 2225 non
1545 2169 1764 2248 potest
1793 2149 1883 2221 ab
1911 2148 2124 2222 altero
2147 2150 2281 2224 hoc

169 2264 491 2362 legatum
541 2262 685 2362 peti
739 2288 819 2334 ex
868 2263 1220 2336 voluntate
1274 2263 1628 2354 defuncti3
1685 2286 1932 2338 neuter
1975 2286 2282 2339 vestrum

172 2380 415 2454 dicere
457 2399 711 2479 potest,
761 2378 894 2453 hoc
940 2400 1272 2480 patronus
1320 2380 1487 2453 dari·
1517 2380 1696 2456 mihi
1739 2381 1979 2456 voluit.
2016 2382 2282 2458 Habuit

168 2495 371 2567 hunc
405 2495 749 2568 honorem
783 2493 999 2586 mihi,
1026 2516 1103 2568 ut
1126 2495 1306 2568 istud
1340 2517 1516 2569 esset
1539 2496 1966 2570 beneficium
1998 2524 2275 2572 meum:

169 2635 297 2682 me
332 2635 493 2706 ergo
532 2606 826 2680 emereri
858 2606 1101 2697 debet3
1140 2629 1209 2680 et
1249 2635 1292 2678 a
1338 2635 1451 2680 me
1491 2607 1672 2681 istud
1713 2629 1980 2709 petere,
2017 2610 2206 2708 quod
2239 2639 2279 2684 a

171 2745 475 2824 patrono
503 2750 647 2796 non
677 2721 1005 2824 petiisset.
1026 2725 1365 2822 Detegam
1386 2722 1582 2795 vobis
1605 2724 2040 2823 propositum
2068 2725 2278 2796 amici

172 2841 325 2914 mei
362 2869 379 2912 :
428 2841 701 2913 meliori
750 2839 896 2912 dari
942 2839 1209 2912 voluit:
1260 2840 1393 2913 hoc
1435 2840 1590 2913 sciri
1640 2868 1721 2912 ex
1761 2843 2101 2941 praeterita
2134 2843 2278 2916 vita

170 2978 398 3030 vestra
440 2984 584 3030 non
620 2977 882 3055 potest:
919 2955 1178 3055 alioqui
1221 2955 1368 3054 ipse
1400 2957 1633 3029 scisset
1668 2985 1680 3026 :
1727 2978 1796 3030 et
1834 2959 1892 3029 si
1925 2957 2067 3030 ulla
2100 2959 2276 3032 inter

172 3101 294 3148 vos
324 3075 575 3148 fuisset
601 3073 1028 3164 differentia,
1062 3073 1482 3146 nominatim
1507 3073 1908 3173 reliquisset.
1949 3077 2104 3148 Hoc
2133 3076 2276 3150 318-

254 3255 298 3291 ι.
318 3239 575 3309 Qua-rere.
598 3239 765 3310 Lege,
788 3257 1013 3312 querere.
1038 3242 1187 3292 Prru.
1268 3237 1447 3291 AErod.
1468 3237 1670 3292 Deinde
1699 3240 1908 3312 quando
1937 3239 2136 3292 solvam
2161 3241 2272 3294 vult

174 3321 359 3372 AErod.
376 3320 592 3396 supplet
606 3319 740 3372 volo.
759 3320 859 3372 Sed
878 3320 1185 3392 legendum:
1267 3318 1530 3372 AErodius.

178 3405 410 3473 Querere
426 3401 489 3454 de
508 3413 557 3453 te
572 3413 727 3474 arque
739 3399 931 3474 officiis
949 3405 1079 3466 tuis,
1095 3405 1189 3474 qui
1342 3417 1389 3451 2.
1416 3397 1584 3450 Alteri
1603 3399 1734 3450 dari.
1757 3397 2025 3450 Alterum-1⁸.
2051 3397 2269 3450 Scirum.

176 3499 283 3533 non
298 3479 461 3532 aliter
470 3480 732 3540 ’κει-αἰετέ,-
750 3479 805 3530 id
818 3491 923 3545 est,
940 3493 1101 3532 temet
1114 3482 1189 3552 ip-
1268 3479 1434 3545 Dare,
1455 3479 1724 3531 Francius.
1746 3509 1816 3518 —-
1832 3479 2080 3531 Emer-eri.
2108 3482 2271 3547 Puto,

178 3579 235 3614 se
258 3573 427 3633 atque
446 3561 623 3612 officia
644 3573 737 3612 tua
758 3559 843 3611 vel
865 3558 1085 3631 frigida,
1104 3560 1189 3613 vel
1263 3561 1562 3629 promereri.
1595 3558 1762 3610 Giton.
1789 3559 2078 3626 Demeter-1⁸,
2105 3559 2272 3611 Fran-

178 3640 541 3712 infrequentia
573 3657 780 3691 accusa.
815 3641 885 3692 Ut
920 3638 1063 3710 apud
1097 3640 1188 3691 Se-
1268 3641 1396 3690 cius.
1421 3665 1494 3676 —-
1511 3637 1745 3689 Emeren‘
1769 3636 1929 3689 debet.
1956 3639 2189 3704 Debetis,
2219 3651 2272 3689 et

176 3737 367 3770 necem
386 3717 455 3770 de
475 3719 656 3770 Benef.
677 3719 771 3784 111,
798 3735 819 3769 1
834 3734 853 3768 ι
874 3739 886 3771 :
910 3739 931 3764 ι
946 3717 1045 3768 Cui
1064 3716 1156 3769 des
1170 3757 1185 3780 ,
1266 3736 1415 3784 mox,
1439 3737 1472 3768 a
1492 3727 1716 3787 patrono
1737 3735 1846 3769 non
1864 3715 2139 3780 meruistis,
2160 3714 2270 3782 vel,

184 3821 207 3843 ι
228 3797 396 3870 elige,
414 3799 531 3868 ipse
546 3811 721 3850 tecum
735 3833 751 3863 ‚
773 3799 816 3850 si
830 3795 1083 3867 deceptus
1104 3815 1188 3863 es,
1267 3797 1589 3848 meruissetis.
1621 3795 1836 3848 Scmmr.
1863 3795 1944 3845 De
1967 3813 2052 3846 me
2077 3811 2199 3866 erqo
2221 3803 2296 3866 et·

184 3901 207 3924 ι
227 3893 453 3948 querere
475 3897 488 3927 :
528 3867 747 3946 dignum
789 3875 997 3944 adjuva.
1020 3897 1043 3922 n
1084 3875 1189 3928 Ubi
1268 3875 1482 3942 mereri,
1507 3875 1684 3927 AErod.
1715 3874 1845 3926 nihil
1869 3887 2044 3938 muta,
2067 3871 2168 3923 vid.
2201 3871 2270 3924 ad

176 3971 323 4008 recte
372 3958 670 4018 Grutems;
720 3958 913 4009 frustra
960 3956 1185 4027 Lipsius.
1270 3954 1423 4007 ovid.
1459 3956 1627 4026 Epist.
1647 3955 1748 4017 vt,
1780 3953 1894 4005 138.
1927 3981 1998 3992 —-
2027 3952 2152 4004 Non
2179 3970 2272 4023 pe-

178 4037 502 4091 cmuovms.
518 4061 592 4076 ——
606 4037 829 4108 Tempus
850 4053 957 4088 mm
979 4045 1051 4087 est
1068 4054 1191 4087 eau-
1271 4035 1444 4088 tiisset.
1469 4035 1592 4086 Non
1613 4033 1858 4105 petiisses,
1885 4030 2066 4083 AErod.

182 4123 326 4180 mm,
370 4133 474 4190 quo
514 4114 731 4168 solvam.
778 4115 1003 4184 Tempus
1040 4113 1190 4168 deest
1291 4107 1297 4114 ’
1326 4113 1391 4167 ’3.
1418 4112 1737 4186 Reliquisset.
1765 4111 1884 4164 Hoc
1910 4110 2096 4186 leqato.
2131 4109 2272 4164 fletu·-
