2855 4871
495 460 514 479 .
625 418 753 487 386

1129 417 1222 481 Μ.
1271 418 1521 483 FABII
1566 416 2207 499 QUINTILIANI

623 541 1170 615 infelicissimam
1215 540 1557 613 nutricem
1590 540 1803 636 (nam
1850 539 2041 613 illam
2076 566 2359 638 quoque
2394 538 2703 638 oderav)

623 657 818 731 omni
843 656 1265 731 crudelitatis
1285 682 1538 753 genere
1550 655 1905 728 laceravit.
1928 653 2285 746 Quaeritis,
2308 681 2451 753 qua
2470 656 2705 729 causa?

619 772 880 863 scietis,
929 798 1154 872 quum
1200 770 1455 843 iterum
1498 769 1849 867 torquebit
1884 796 1900 841 :
1938 768 2435 869 fatigaverant²
2484 774 2705 868 prima

619 908 994 977 tormenta,
1029 907 1096 959 et
1122 885 1196 957 in
1225 910 1390 959 voce
1420 910 1563 957 una
1588 904 1935 957 manserat
1958 884 2164 957 fides:
2194 884 2707 983 exprobraverat

618 1003 730 1076 isti
755 1003 1176 1103 sanguinem
1201 1026 1412 1073 suum
1440 1027 1454 1070 ε
1485 1022 1835 1071 revocatus
1860 1021 1959 1073 est
1986 1019 2225 1090 tortor,
2250 998 2523 1098 repetiti
2552 1020 2707 1071 sunt

618 1117 981 1194 cruciatus.
999 1114 1459 1190 Manifestum
1474 1135 1573 1189 est
1592 1114 2075 1187 infelicissimae
2088 1114 2373 1188 feminae
2394 1113 2703 1201 ³factum‚

615 1234 933 1304 futurum
953 1287 974 1321 ,
1009 1250 1086 1303 ut
1117 1230 1380 1307 tamdiu
1413 1250 1875 1327 torqueretur,
1906 1229 2247 1326 quamdiu
2282 1229 2477 1301 idem
2506 1229 2707 1301 dixis-

616 1368 738 1419 set.
771 1348 920 1443 Ego
953 1366 1188 1417 tamen
1231 1345 1330 1420 illi
1374 1372 1519 1417 non
1564 1346 1855 1419 irascor:
1894 1345 2066 1418 dum
2111 1344 2379 1444 aliquid
2414 1344 2705 1433 virium,

618 1462 792 1533 dum
815 1459 1081 1557 aliquid
1115 1460 1336 1531 animi
1371 1459 1541 1543 fuit,
1568 1459 2023 1558 perseveravit
2052 1486 2067 1529 :
2100 1485 2243 1531 uon
2272 1480 2375 1531 est
2404 1459 2479 1531 in
2514 1485 2709 1531 men-

617 1576 903 1649 dacium
929 1597 1198 1667 coacta‚
1225 1576 1360 1649 nisi
1391 1576 1721 1649 moriens.
1745 1576 1989 1649 Victor
2014 1576 2122 1647 his
2148 1574 2507 1650 tormentis
2532 1574 2707 1645 nihil

615 1690 808 1763 aliud
831 1693 1286 1789 quaerendum
1313 1690 1641 1791 putavit4‚
1664 1691 1841 1765 nihil
1864 1691 2222 1765 dubitavit.
2242 1694 2323 1763 ln
2345 1710 2708 1777 tormenta,

615 1827 694 1877 ut
721 1808 1126 1905 parcissime
1153 1808 1439 1879 dixerim
1458 1866 1477 1897 ‚
1514 1807 1705 1906 paria
1728 1833 1874 1880 non
1898 1806 2218 1879 vindico:
2252 1805 2373 1879 sed
2410 1832 2613 1903 rogo,
2642 1824 2714 1875 ut

613 1923 746 1995 hoc
781 1924 998 1998 velitis
1039 1924 1383 2023 pertinere
1427 1944 1705 1997 tautum
1746 1924 1834 1997 ad
1858 1923 2087 2022 ipsius
2114 1948 2440 1997 eausam:
2484 1922 2709 1995 fllium

613 2040 818 2111 matri
861 2040 1140 2113 vindico
1181 2061 1422 2113 eontra
1464 2068 1669 2130 eum,

694 2236 711 2269 ι
725 2256 736 2268 .
755 2218 896 2269 Nam
916 2216 1064 2268 illam
1085 2236 1293 2291 quoque
1308 2218 1501 2269 oderat.
1517 2218 1625 2269 Ve-

614 2296 704 2351 lim
727 2338 744 2365 ,
777 2298 928 2351 illam
967 2299 1106 2363 hoec,
1146 2314 1270 2365 aut,
1315 2298 1414 2350 illa
1454 2300 1590 2351 hanc
1604 2340 1622 2366 ‚
1644 2284 1651 2304 ¹

615 2396 807 2450 nempe
839 2396 1101 2444 noverea,
1131 2380 1187 2431 iu
1218 2382 1369 2450 eujus
1401 2382 1624 2449 gratiam

616 2461 792 2510 omnia
817 2459 958 2509 facta
982 2457 1109 2509 vult.
1137 2459 1302 2511 Giton.
1546 2450 1553 2458 ⁵

689 2555 735 2590 2.
765 2540 1148 2611 Fatiqaverant.
1171 2540 1503 2612 Fatiqavemt
1515 2537 1625 2611 ρκ’-

615 2639 729 2682 mo,
759 2618 945 2672 AErod.
977 2619 1122 2690 quod
1151 2618 1325 2690 probo
1341 2657 1359 2684 .‚
1384 2619 1429 2672 si
1448 2619 1624 2688 prima

614 2698 836 2768 legatur.
857 2729 922 2737 —
939 2701 1005 2749 In
1025 2718 1145 2750 voce
1159 2718 1282 2750 una.
1303 2697 1422 2748 scil.
1444 2696 1623 2747 dicens

615 2779 792 2830 nutrix
821 2777 951 2828 nihil
981 2777 1156 2843 aliud,
1185 2778 1284 2827 nisi
1313 2793 1429 2828 esse
1458 2774 1623 2824 filium

615 2875 810 2908 verum.
833 2885 904 2896 --
927 2857 1356 2927 Exprobraverat.
1381 2856 1627 2924 Compro-

617 2938 846 2998 baverat,
869 2937 950 2988 vel
968 2938 1300 3008 probaverat,
1325 2935 1529 2987 Schult.

689 3017 737 3067 3.
785 3015 1270 3085 Manifestissimum
1316 3025 1386 3066 est
1432 3011 1531 3084 inf.
1568 3011 1622 3081 f.

606 3093 835 3164 factum.
878 3091 1268 3145 celeberrimus
1307 3095 1386 3144 vir
1419 3093 1619 3144 Anton.

618 3171 976 3241 Schultingius
993 3207 1010 3236 ,
1050 3172 1276 3222 amicitia
1317 3170 1447 3222 mihi
1488 3188 1623 3221 eon-

614 3253 1008 3324 Junctissimus‚
1033 3251 1244 3322 legebat
1263 3252 1448 3324 fatum
1468 3273 1483 3301 .·
1514 3269 1625 3303 non

621 3337 759 3388 enim
783 3333 851 3386 de
875 3335 1018 3386 facto
1041 3333 1272 3387 mulieris
1301 3336 1503 3406 agitur,
1531 3332 1627 3386 sed

621 3415 687 3468 de
705 3417 845 3482 fato,
866 3415 950 3467 vel
968 3415 1302 3471 conditione:
1325 3415 1628 3485 similesque

621 3493 800 3564 lapsus
825 3495 1127 3548 observasse
1151 3497 1289 3547 viros
1315 3492 1553 3546 eruditos
1572 3495 1627 3545 in

620 3574 656 3626 l.
692 3576 846 3640 XXI,
876 3575 936 3626 ff.
967 3575 1036 3627 de
1062 3577 1319 3628 Eviction.
1349 3588 1401 3626 et
1430 3575 1464 3625 l.
1496 3575 1625 3640 ΧΠ,

620 3654 682 3706 ff.
713 3653 781 3706 de
809 3655 1013 3726 Captiv.
1049 3667 1102 3706 et
1133 3667 1274 3726 post.
1307 3655 1543 3709 notavit:
1572 3664 1624 3704 et

620 3735 766 3788 nulla
791 3750 932 3788 certe
957 3735 1267 3787 familiarior
1288 3731 1623 3784 librariorum

621 3814 902 3868 aberratio.
923 3813 1042 3866 Vid.
1073 3809 1152 3864 Cl.
1183 3811 1348 3864 Graev.
1379 3809 1450 3862 ud
1481 3812 1521 3860 F
1524 3809 1627 3862 lori

619 3895 759 3948 Prol.
785 3913 844 3957 23
869 3908 923 3948 et
946 3892 1103 3948 Drak.
1131 3889 1200 3944 ad
1223 3891 1310 3946 sil.
1339 3894 1390 3958 Ι,
1418 3909 1545 3962 277;
1572 3904 1627 3945 et

620 3976 719 4042 XI,
744 3995 806 4046 9,
832 3989 884 4030 et
907 3993 1043 4047 quoe
1069 3993 1177 4026 non
1196 3975 1220 4024 ἰ’

693 4056 742 4120 4.
760 4056 940 4108 Victor
951 4054 1029 4110 his
1043 4052 1306 4108 tormentis
1323 4049 1461 4104 nihil
1476 4051 1630 4104 aliud

1714 2041 1836 2141 qui
1880 2066 2169 2113 asserere
2216 2039 2425 2137 coepit
2464 2065 2708 2138 nuper.

1704 2216 1841 2289 ligit:
1869 2238 1989 2270 nam
2011 2220 2187 2289 potius
2208 2218 2377 2269 victor
2396 2218 2500 2269 fuit
2520 2220 2576 2269 in
2596 2236 2710 2269 cau-

1705 2318 1765 2353 sa
1788 2301 2115 2365 assertionis,
2142 2302 2235 2371 qui
2258 2316 2475 2351 omnem
2498 2300 2713 2351 modum

1704 2376 1991 2437 abdicandi
2018 2378 2111 2431 filii
2143 2379 2499 2450 investigabat
2516 2416 2535 2446 .,
2560 2396 2711 2452 quam

1702 2479 1909 2532 pauper
1924 2499 1941 2530 ,
1986 2463 2077 2532 qui
2117 2481 2215 2532 per
2259 2459 2583 2512 calumniam
2603 2498 2621 2526 ‚
2666 2473 2711 2510 et

1703 2544 2136 2614 praevaricatione
2168 2541 2371 2606 divitis,
2403 2541 2575 2593 filium
2598 2541 2713 2591 aiie-

1703 2638 1831 2676 mim
1856 2621 2178 2676 vindicabat.
2204 2625 2293 2676 Ait
2320 2625 2481 2683 enim,
2498 2637 2677 2694 poste·
2698 2643 2708 2670 :

1710 2728 1732 2751 ι
1754 2705 1875 2772 Quo
1897 2724 1965 2756 ne
1983 2704 2090 2756 hoc
2113 2703 2327 2775 quidem
2350 2706 2593 2778 praestitit
2613 2703 2711 2754 filio

1710 2803 1732 2828 αι
1756 2795 1956 2846 suo‚ut
1968 2785 2285 2834 vinceretur.
2311 2807 2333 2830 a
2358 2783 2543 2834 Potest
2564 2784 2711 2832 etiam

1704 2859 1809 2912 dici
1823 2863 1993 2914 victor
2007 2859 2207 2914 ancilloe
2224 2859 2389 2914 fuisse
2400 2899 2418 2928 ‚
2436 2879 2597 2931 quam
2613 2873 2715 2914 tous-

1703 2941 1894 2992 mentis
1917 2942 1991 2990 ita
2016 2942 2311 3010 superavit,
2338 2953 2397 2991 ut
2424 2940 2616 2992 falsum
2640 2938 2715 2988 di·

1704 3039 1824 3072 cere
1848 3034 2147 3091 cogeretur.
2170 3024 2291 3072 Post
2313 3019 2465 3092 quod
2490 3025 2716 3072 testimo-

1704 3103 1851 3154 nium
1876 3121 1982 3155 nou
2008 3102 2237 3174 amplius
2262 3101 2529 3156 dubitavit
2552 3101 2713 3154 filium

1704 3200 1859 3234 suum
1892 3199 2001 3232 non
2035 3199 2180 3234 esse:
2216 3181 2507 3232 obscurum
2548 3193 2599 3231 et
2634 3180 2715 3230 in·

1705 3273 1905 3312 certum
1940 3260 2062 3331 quia
2095 3259 2147 3310 id
2182 3257 2595 3332 exquirebatur‚
2622 3275 2713 3329 pro

1705 3351 1980 3410 comperto
2008 3337 2231 3390 habuit:
2268 3341 2341 3390 nit
2370 3338 2513 3390 enim
2546 3338 2712 3388 iufra:

1714 3439 1735 3464 α
1756 3419 1949 3490 Magna
1968 3455 1985 3483 ‚
2034 3415 2252 3471 hercule
2272 3456 2289 3483 ‚
2342 3415 2443 3468 tibi
2498 3416 2717 3486 contigit

1712 3515 1735 3540 α
1754 3497 1970 3547 victoria
1990 3533 2007 3560 ‚
2052 3493 2403 3566 perdomuisti
2446 3493 2717 3544 mulierem

1712 3597 1735 3622 ι
1756 3595 1933 3628 anum.
1956 3601 1977 3624 ιι
2016 3579 2109 3640 Et,
2150 3597 2173 3622 a
2194 3577 2323 3627 dum
2362 3587 2421 3626 tu
2458 3578 2633 3626 victor
2670 3587 2718 3624 et

1713 3678 1736 3704 α
1754 3655 1961 3722 hilaris,
1980 3657 2195 3712 adversa
2203 3659 2283 3710 rio
2304 3669 2431 3722 tuo,
2444 3656 2579 3729 quid
2598 3675 2716 3726 ege·

1711 3757 1734 3781 ¹¹
1756 3737 1823 3788 ris
1842 3773 1860 3800 ‚
1896 3738 2127 3788 nuntias.
2150 3761 2171 3784 ιο
2216 3739 2400 3790 AEnon.
2446 3765 2517 3778 -
2560 3735 2717 3788 Paria

1705 3830 1813 3865 non
1844 3813 2067 3868 vindico.
2100 3814 2205 3866 Alii
2232 3813 2381 3886 apud
2404 3813 2713 3870 AErodium:

1705 3893 1940 3944 nondum
1960 3911 2099 3946 voco.
2117 3895 2301 3945 Forte:
2325 3896 2565 3948 noudum
2584 3893 2713 3944 dieo.

1704 3969 1941 4022 Gnouov.
1976 3972 2042 4023 In
2065 3973 2351 4037 tormentis,
2372 3991 2425 4025 ιι.
2442 3991 2504 4044 p.
2526 3974 2596 4036 d.,
2626 3989 2715 4042 pa-

1706 4052 1783 4104 ria
1804 4051 1948 4104 nobis
1966 4053 2187 4105 vindico.
2202 4053 2427 4106 Senum.
2444 4084 2517 4092 ——
2532 4053 2629 4106 Sed
2642 4067 2715 4103 ro·

623 4133 952 4202 quoerendum
975 4133 1196 4203 putavit.
1217 4131 1441 4186 Divitem
1464 4130 1624 4184 intel·
1698 4151 1787 4205 9⁰·
1816 4133 1889 4182 Ec
1912 4151 2033 4205 rogo
2058 4153 2123 4186 ne
2144 4134 2255 4188 hoec
2280 4134 2469 4190 uelitis.
2494 4135 2711 4188 Setun.
