2855 4871
622 426 751 505 324
1120 423 1215 486 M.
1264 421 1514 484 FABu
1561 420 2206 503 QUINTILIAM

618 545 858 612 cillima
874 561 991 612 est.
1007 544 1204 627 Quod
1219 543 1303 609 ad
1322 544 1720 634 quaestiones
1741 544 2056 632 pertinet,
2075 546 2302 635 primae
2322 567 2670 610 communes

620 669 775 717 sunt
794 652 933 716 fere
953 651 1261 716 omnibus
1281 623 1934 740 controversiissquae
1951 648 2077 715 hac
2095 651 2244 740 lege
2263 651 2670 718 continentur.

616 756 1065 840 Quaerendum
1098 775 1197 822 est
1232 757 1409 822 enim
1426 807 1444 836 ‚
1487 755 1651 847 quid
1689 758 1773 822 sit
1807 757 2051 823 laedere
2089 757 2587 846 rempublicam;
2625 774 2672 822 et

616 865 841 952 paullo
875 866 1109 931 fortius
1148 866 1215 930 in
1250 865 1374 931 hac
1408 867 1888 946 controversia,
1921 868 1994 932 in
2027 891 2156 957 qua
2189 883 2536 934 tractatum
2559 889 2672 933 esse

616 971 1009 1056 pestilentiae
1033 972 1275 1036 malum
1290 1019 1308 1052 ‚
1334 970 1465 1036 hoc
1489 971 1733 1037 nuncio
1758 971 2186 1038 manifestum
2209 989 2328 1038 est.

1312 1165 2016 1232 DECLAMATIO.

714 1328 956 1398 Postea
976 1353 1137 1424 ergo
1159 1353 1444 1399 causam
1464 1327 1684 1426 ipsam
1707 1326 2190 1414 defendemuS‚
2207 1347 2444 1425 postea
2455 1326 2670 1397 factum

618 1443 1313 1518 commendabimus:
1354 1443 1637 1515 interim
1677 1444 1836 1514 satis
1871 1463 2006 1532 est,
2048 1469 2194 1514 non
2239 1469 2390 1515 esse
2431 1469 2537 1514 me
2573 1441 2673 1512 hac

618 1557 810 1655 lege,
855 1583 993 1653 qua
1037 1555 1341 1654 deferor,
1390 1577 1786 1629 nocentem.
1835 1559 2015 1630 Sane
2053 1557 2352 1629 credatis
2389 1552 2674 1655 imputari

621 1668 797 1741 mihi
824 1695 1021 1768 posse
1050 1669 1307 1742 civium
1337 1669 1634 1743 mortes?
1667 1692 1830 1744 sunt
1844 1672 2046 1772 jura,
2073 1697 2224 1770 quae
2259 1671 2452 1744 istud
2479 1671 2674 1741 defen-

619 1787 811 1859 dant.
834 1787 992 1858 Non
1014 1813 1155 1860 esse
1178 1787 1567 1887 explicitam
1591 1787 1951 1886 legationis
1972 1787 2187 1861 fidem
2208 1789 2478 1862 dicitis:
2501 1786 2674 1858 habet

619 1901 765 1974 haec
794 1929 1071 2002 quoque
1100 1904 1207 1976 lex
1230 1903 1577 1976 actionem
1603 1929 1828 1976 suam.
1859 1906 2101 2004 Neque
2135 1925 2232 1977 est
2257 1901 2672 2004 quaerendum

621 2017 811 2116 apud
838 2045 991 2110 vos,
1024 2045 1116 2090 an
1144 2017 1280 2091 alio
1301 2017 1553 2120 judicii
1584 2044 1835 2119 genere
1863 2017 2184 2091 damnari
2221 2019 2514 2118 possim,
2543 2017 2675 2086 inte-

624 2133 758 2204 rim
794 2135 925 2205 hoc
947 2135 1105 2234 jus¹
1138 2134 1227 2206 ad
1268 2161 1383 2206 me
1422 2161 1566 2207 non
1592 2135 1930 2235 pertinet:
1961 2156 2085 2208 aut
2111 2135 2167 2206 si
2195 2133 2576 2234 reipublicae
2594 2131 2674 2201 lex

623 2268 757 2337 est,
802 2247 945 2320 haec
986 2248 1160 2320 nihil
1202 2248 1291 2319 ad
1323 2249 1699 2322 hominum
1735 2270 2025 2341 morteS‚
2060 2248 2238 2322 nihil
2275 2249 2369 2320 ad
2412 2273 2525 2336 ea,
2555 2265 2676 2344 quae

546 2393 551 2404 ¹
621 2362 948 2462 privatim
975 2390 1253 2463 quoque
1275 2365 1610 2439 vindicari
1635 2387 1938 2467 possent.
1973 2364 2283 2467 Objicias
2309 2383 2565 2465 oportet
2583 2358 2677 2430 ali-

625 2476 797 2577 quid
816 2536 834 2566 ,
862 2505 1001 2577 quo
1028 2467 1393 2579 publicum
1418 2482 1633 2553 fuerit
1656 2507 1781 2581 per
1813 2507 1928 2554 me
1961 2482 2238 2554 laesum:
2271 2480 2350 2551 in
2384 2480 2511 2550 hoc
2540 2471 2674 2547 nihil

626 2593 869 2694 objicis
893 2594 1071 2667 mihi
1090 2618 1381 2696 ‚praeter
1402 2620 1655 2669 mortes
1679 2596 2088 2669 hominum:
2127 2596 2318 2697 quod
2347 2597 2588 2667 crimen
2608 2614 2674 2660 an

622 2734 865 2781 verum
899 2709 1019 2801 sit,
1054 2732 1287 2808 postea
1318 2711 1740 2785 viderimus:
1781 2712 2100 2803 interim,
2135 2730 2215 2782 ut
2257 2710 2435 2799 dixi,
2473 2706 2593 2804 legi
2627 2724 2678 2773 et

618 2824 761 2926 juri
794 2828 1251 2927 conjunctum
1278 2854 1423 2900 non
1449 2842 1611 2900 θεῖ’.
1639 2830 1840 2899 Mora
1865 2849 2103 2901 tamen
2131 2854 2290 2900 mea
2311 2822 2565 2924 aliquid
2590 2820 2680 2891 de-

628 3010 747 3063 dius
764 3013 1177 3070 Declamationis
1198 3021 1373 3085 initio,
1394 3021 1637 3072 AEstima-
1713 3029 1815 3081 θείς
1839 3017 2038 3071 dictum
2058 3032 2234 3071 autem
2253 3037 2358 3089 pro
2378 3015 2562 3087 reipub.
2581 3009 2678 3061 ΙΝ

631 3108 819 3143 veram.
835 3122 908 3132 -—
920 3094 985 3144 In
1002 3114 1105 3165 qua
1122 3109 1396 3150 tractatum
1416 3117 1518 3151 esse
1529 3116 1639 3169 pes-
1719 3099 1802 3151 lex
1815 3138 1833 3167 ‚
1863 3113 1922 3150 ut
1954 3099 2034 3151 lex
2067 3102 2168 3170 maj
2176 3098 2358 3149 estatis
2375 3136 2391 3161 ‚
2430 3089 2677 3166 pudicitia

630 3171 863 3224 tilentioe.
916 3174 1161 3228 AErodius
1190 3198 1201 3227 z
1258 3180 1598 3235 controversia
1618 3217 1636 3246 ‚
1718 3193 1817 3233 etc,
1843 3181 1898 3232 in
1925 3178 2114 3252 quibus
2137 3178 2268 3231 loesoe
2291 3174 2676 3241 subintelligitur·

630 3254 754 3326 quia
772 3266 1111 3307 contractum.
1133 3259 1289 3311 Forte
1309 3281 1319 3309 :
1343 3261 1394 3310 in
1414 3279 1521 3331 qua
1538 3272 1637 3311 tra-

629 3346 771 3385 ctum
793 3352 893 3386 esse
911 3334 1218 3405 pestilentia·
1236 3337 1436 3389 malum
1457 3340 1520 3389 ab
1543 3338 1638 3390 im·-

631 3417 730 3480 tae'o,
752 3416 1088 3485 manifestum
1108 3429 1198 3471 est.
1222 3418 1347 3483 Vel,
1374 3419 1472 3471 hoc
1489 3418 1638 3470 silen-

631 3496 722 3546 tio.
746 3496 1028 3557 Tractum,
1058 3494 1115 3547 id
1140 3511 1218 3548 est
1234 3536 1250 3564 .,
1276 3496 1473 3549 diutius
1499 3498 1635 3548 dila-

631 3586 761 3623 tum.
788 3573 955 3624 Gnou.
992 3574 1339 3627 Tractandum
1370 3594 1484 3627 esse.
1513 3576 1634 3627 Seu.

631 3656 699 3707 In
714 3674 820 3729 qua
834 3666 1049 3706 tractum
1065 3676 1165 3709 esse
1178 3676 1233 3727 p.
1250 3676 1322 3707 m.
1336 3695 1353 3721 ‚
1374 3656 1472 3708 hoe
1487 3656 1636 3709 inite‘o

524 3762 527 3765 ⁴
632 3735 969 3807 manifestum
996 3749 1093 3802 est,
1118 3736 1247 3790 Obr.

710 3836 756 3869 1.
785 3818 1003 3869 Interim
1034 3817 1245 3889 hocjus.
1277 3820 1532 3870 Francius
1560 3818 1639 3870 le-

632 3899 815 3971 gebat,
834 3888 957 3949 duni
984 3899 1189 3950 interim
1213 3896 1322 3949 αἱίο
1333 3898 1528 3967 judicii
1545 3918 1638 3969 qe-

606 3998 768 4031 ·nere.
796 3982 1070 4031 Actionem
1090 3978 1225 4031 male
1246 3976 1401 4029 obitae
1426 3978 1639 4048 legatio-

630 4059 713 4111 nis
732 4060 973 4131 intelligit
988 4060 1250 4112 AErodius.
1264 4089 1338 4099 —
1354 4060 1464 4109 Aut
1480 4059 1522 4109 si
1543 4059 1639 4109 rei-

630 4136 849 4208 publice
872 4136 956 4188 lex
978 4149 1063 4191 est.
1094 4140 1235 4192 Nam
1260 4140 1301 4191 si
1326 4136 1523 4208 reipub.
1556 4134 1639 4190 lex

1717 3262 1936 3313 Senum.
1961 3260 2071 3310 Aut
2090 3260 2132 3313 si
2157 3262 2284 3332 reip.
2307 3258 2439 3311 Ioesoe
2458 3255 2557 3315 lex,
2575 3246 2676 3301 Obr-

1791 3356 1838 3389 2.
1861 3339 1988 3415 Legi
2007 3351 2057 3390 et
2061 3339 2179 3411 juri
2196 3339 2543 3409 conjunctum.
2561 3330 2680 3381 AEro·

1717 3416 1863 3469 dius:
1891 3417 1996 3468 Lex
2025 3416 2294 3487 huicjuri.
2331 3413 2536 3467 Scribe:
2565 3399 2682 3475 Quod

1715 3498 1909 3549 crimen
1933 3517 2004 3548 an
2033 3514 2204 3547 verum
2233 3496 2300 3548 sit
2323 3506 2498 3567 postea
2525 3484 2680 3541 videbi-

1717 3574 1860 3630 mus:
1903 3580 2108 3630 interim
2147 3582 2244 3646 (ut
2276 3572 2557 3647 dixi).le91'
2587 3564 2680 3654 11qu

1717 3664 2050 3732 conjunctum
2093 3678 2197 3711 non
2235 3670 2323 3710 est.
2363 3656 2523 3709 Gnos.
2553 3650 2678 3719 [ἐφ’

1717 3742 1802 3792 isti·
1835 3743 1967 3811 conj.
2005 3759 2060 3789 η.
2094 3750 2192 3805 est,
2227 3738 2360 3791 obr.
2405 3734 2582 3788 Nescio
2609 3742 2680 3777 cur

1718 3818 1993 3889 disput-eat
2033 3817 2137 3891 legi
2173 3830 2222 3868 et
2241 3818 2364 3889 juri
2383 3838 2397 3866 τ
2437 3831 2544 3885 quae
2575 3820 2679 3873 saep2

1717 3900 1970 3969 conjungi
2003 3897 2308 3961 docuimus,
2339 3895 2404 3947 ad
2427 3892 2564 3946 Deci.
2591 3886 2678 3944 ΧΨ,

1719 3980 1780 4031 3:
1822 3982 1892 4031 ita
1933 3998 2091 4049 supra
2129 3978 2358 4029 dixerat:
2404 3976 2558 4025 «Non
2593 3980 2678 4018 esse

1723 4082 1745 4106 κ
1767 4080 1847 4112 me
1869 4060 1968 4111 hac
1987 4059 2101 4129 lege
2123 4072 2427 4116 nocentem;
2449 4080 2470 4101 ιι
2497 4068 2544 4106 et
2567 4048 2678 4100 dein·

1719 4138 1814 4192 de:
1855 4162 1876 4185 ι
1897 4139 2028 4191 Sunt
2054 4140 2176 4209 jura
2208 4156 2327 4209 quae
2361 4133 2498 4189 istud
2527 4128 2675 4183 defen·
