<?xml version="1.0" encoding="UTF-8"?>
<!DOCTYPE html PUBLIC "-//W3C//DTD XHTML 1.0 Transitional//EN"
    "http://www.w3.org/TR/xhtml1/DTD/xhtml1-transitional.dtd">
<html xmlns="http://www.w3.org/1999/xhtml" xml:lang="en" lang="en">
 <head>
  <title>
</title>
<meta http-equiv="Content-Type" content="text/html;charset=utf-8" />
  <meta name='ocr-system' content='tesseract 3.04.00' />
  <meta name='ocr-capabilities' content='ocr_page ocr_carea ocr_par ocr_line ocrx_word'/>
</head>
<body>
  <div class='ocr_page' id='page_1' title='image "./marcusfabiusqui06spalgoog_0429.png"; bbox 0 0 2855 4871; ppageno 0'>
   <div class='ocr_carea' id='block_1_1' title="bbox 574 418 2151 508">
    <p class='ocr_par' dir='ltr' id='par_1_1' title="bbox 574 418 2151 508">
     <span class='ocr_line' id='line_1_1' title="bbox 574 418 2151 508; baseline -0.003 -18"><span class='ocrx_word' id='word_1_1' title='bbox 574 429 702 508; x_wconf 71' lang='lat'>424</span> <span class='ocrx_word' id='word_1_2' title='bbox 1083 425 1175 488; x_wconf 90' lang='lat' dir='ltr'>M.</span> <span class='ocrx_word' id='word_1_3' title='bbox 1225 423 1473 487; x_wconf 80' lang='lat' dir='ltr'><strong>FABII</strong></span> <span class='ocrx_word' id='word_1_4' title='bbox 1518 418 2151 503; x_wconf 76' lang='lat' dir='ltr'>QUINTlLIANt</span> 
     </span>
    </p>
   </div>
   <div class='ocr_carea' id='block_1_2' title="bbox 495 543 2669 3878">
    <p class='ocr_par' dir='ltr' id='par_1_2' title="bbox 495 543 2669 3878">
     <span class='ocr_line' id='line_1_2' title="bbox 573 543 2653 647; baseline -0.002 -27"><span class='ocrx_word' id='word_1_5' title='bbox 573 547 958 647; x_wconf 76' lang='lat' dir='ltr'>indignatio</span> <span class='ocrx_word' id='word_1_6' title='bbox 977 604 996 637; x_wconf 93' lang='lat'>,</span> <span class='ocrx_word' id='word_1_7' title='bbox 1034 548 1287 620; x_wconf 85' lang='lat' dir='ltr'><strong>fecerat</strong></span> <span class='ocrx_word' id='word_1_8' title='bbox 1319 544 1629 644; x_wconf 78' lang='lat' dir='ltr'>ingenita</span> <span class='ocrx_word' id='word_1_9' title='bbox 1652 543 1885 616; x_wconf 85' lang='lat' dir='ltr'>virtus.</span> <span class='ocrx_word' id='word_1_10' title='bbox 1910 545 2057 616; x_wconf 87' lang='lat' dir='ltr'>Nec</span> <span class='ocrx_word' id='word_1_11' title='bbox 2079 565 2192 634; x_wconf 89' lang='lat' dir='ltr'>tu,</span> <span class='ocrx_word' id='word_1_12' title='bbox 2228 545 2365 616; x_wconf 88' lang='lat' dir='ltr'>nisi</span> <span class='ocrx_word' id='word_1_13' title='bbox 2392 545 2526 617; x_wconf 87' lang='lat' dir='ltr'>hoc</span> <span class='ocrx_word' id='word_1_14' title='bbox 2552 546 2653 616; x_wconf 87' lang='lat' dir='ltr'>in-</span> 
     </span>
     <span class='ocr_line' id='line_1_3' title="bbox 574 657 2651 760; baseline -0.001 -26"><span class='ocrx_word' id='word_1_15' title='bbox 574 661 974 750; x_wconf 81' lang='lat' dir='ltr'>tellexisses,</span> <span class='ocrx_word' id='word_1_16' title='bbox 1005 687 1218 734; x_wconf 90' lang='lat' dir='ltr'>ausus</span> <span class='ocrx_word' id='word_1_17' title='bbox 1235 687 1411 732; x_wconf 86' lang='lat' dir='ltr'>esses</span> <span class='ocrx_word' id='word_1_18' title='bbox 1435 657 1664 756; x_wconf 86' lang='lat' dir='ltr'>loqui,</span> <span class='ocrx_word' id='word_1_19' title='bbox 1694 679 1812 746; x_wconf 80' lang='lat' dir='ltr'>aut</span> <span class='ocrx_word' id='word_1_20' title='bbox 1838 659 2270 732; x_wconf 83' lang='lat' dir='ltr'>committere</span> <span class='ocrx_word' id='word_1_21' title='bbox 2298 681 2447 732; x_wconf 82' lang='lat' dir='ltr'>tam</span> <span class='ocrx_word' id='word_1_22' title='bbox 2480 663 2651 760; x_wconf 86' lang='lat' dir='ltr'>peri-</span> 
     </span>
     <span class='ocr_line' id='line_1_4' title="bbox 569 771 2649 864; baseline -0.001 -15"><span class='ocrx_word' id='word_1_23' title='bbox 569 776 892 849; x_wconf 88' lang='lat' dir='ltr'>culosum</span> <span class='ocrx_word' id='word_1_24' title='bbox 935 776 1166 848; x_wconf 87' lang='lat' dir='ltr'>alieno</span> <span class='ocrx_word' id='word_1_25' title='bbox 1207 793 1591 847; x_wconf 86' lang='lat' dir='ltr'>secretum:</span> <span class='ocrx_word' id='word_1_26' title='bbox 1639 771 1905 843; x_wconf 83' lang='lat' dir='ltr'>videras</span> <span class='ocrx_word' id='word_1_27' title='bbox 1943 772 2259 864; x_wconf 87' lang='lat' dir='ltr'>vultum,</span> <span class='ocrx_word' id='word_1_28' title='bbox 2312 773 2649 864; x_wconf 83' lang='lat' dir='ltr'>audieras,</span> 
     </span>
     <span class='ocr_line' id='line_1_5' title="bbox 573 889 2653 994; baseline -0.002 -28"><span class='ocrx_word' id='word_1_29' title='bbox 573 921 799 994; x_wconf 90' lang='lat' dir='ltr'>quum</span> <span class='ocrx_word' id='word_1_30' title='bbox 830 914 1180 994; x_wconf 85' lang='lat' dir='ltr'>raperetur</span> <span class='ocrx_word' id='word_1_31' title='bbox 1211 891 1449 989; x_wconf 85' lang='lat' dir='ltr'>aliqua</span> <span class='ocrx_word' id='word_1_32' title='bbox 1476 889 1667 988; x_wconf 77' lang='lat' dir='ltr'>virgo</span> <span class='ocrx_word' id='word_1_33' title='bbox 1689 947 1709 980; x_wconf 88' lang='lat'>,</span> <span class='ocrx_word' id='word_1_34' title='bbox 1735 889 2333 988; x_wconf 78' lang='lat' dir='ltr'>ingemiscentem.</span> <span class='ocrx_word' id='word_1_35' title='bbox 2358 894 2653 963; x_wconf 88' lang='lat' dir='ltr'>Verum-</span> 
     </span>
     <span class='ocr_line' id='line_1_6' title="bbox 571 1004 2652 1107; baseline -0.001 -26"><span class='ocrx_word' id='word_1_36' title='bbox 571 1031 809 1084; x_wconf 85' lang='lat' dir='ltr'>tamen</span> <span class='ocrx_word' id='word_1_37' title='bbox 861 1037 985 1082; x_wconf 89' lang='lat' dir='ltr'>cur</span> <span class='ocrx_word' id='word_1_38' title='bbox 1027 1036 1170 1081; x_wconf 90' lang='lat' dir='ltr'>non</span> <span class='ocrx_word' id='word_1_39' title='bbox 1222 1033 1645 1107; x_wconf 85' lang='lat' dir='ltr'>reponamus</span> <span class='ocrx_word' id='word_1_40' title='bbox 1694 1004 1875 1076; x_wconf 89' lang='lat' dir='ltr'>hanc</span> <span class='ocrx_word' id='word_1_41' title='bbox 1922 1006 2484 1078; x_wconf 84' lang='lat' dir='ltr'>contumeliam?</span> <span class='ocrx_word' id='word_1_42' title='bbox 2526 1033 2652 1078; x_wconf 86' lang='lat' dir='ltr'>non</span> 
     </span>
     <span class='ocr_line' id='line_1_7' title="bbox 574 1121 2653 1224; baseline -0.002 -28"><span class='ocrx_word' id='word_1_43' title='bbox 574 1151 700 1224; x_wconf 86' lang='lat' dir='ltr'>pro</span> <span class='ocrx_word' id='word_1_44' title='bbox 733 1123 1090 1223; x_wconf 88' lang='lat' dir='ltr'>republica</span> <span class='ocrx_word' id='word_1_45' title='bbox 1120 1122 1408 1195; x_wconf 89' lang='lat' dir='ltr'>dedisti:</span> <span class='ocrx_word' id='word_1_46' title='bbox 1446 1121 1701 1194; x_wconf 87' lang='lat' dir='ltr'>scimus</span> <span class='ocrx_word' id='word_1_47' title='bbox 1732 1121 2177 1218; x_wconf 79' lang='lat' dir='ltr'>tyrannidem</span> <span class='ocrx_word' id='word_1_48' title='bbox 2209 1121 2551 1221; x_wconf 69' lang='lat' dir='ltr'>praecipue</span> <span class='ocrx_word' id='word_1_49' title='bbox 2568 1121 2653 1192; x_wconf 82' lang='lat' dir='ltr'>ad</span> 
     </span>
     <span class='ocr_line' id='line_1_8' title="bbox 573 1234 2655 1338; baseline -0.001 -27"><span class='ocrx_word' id='word_1_50' title='bbox 573 1239 820 1311; x_wconf 86' lang='lat' dir='ltr'>divites</span> <span class='ocrx_word' id='word_1_51' title='bbox 847 1239 1226 1338; x_wconf 83' lang='lat' dir='ltr'>pertinere:</span> <span class='ocrx_word' id='word_1_52' title='bbox 1263 1237 1420 1329; x_wconf 84' lang='lat' dir='ltr'>illa,</span> <span class='ocrx_word' id='word_1_53' title='bbox 1456 1263 1671 1335; x_wconf 91' lang='lat' dir='ltr'>quam</span> <span class='ocrx_word' id='word_1_54' title='bbox 1699 1234 1983 1308; x_wconf 84' lang='lat' dir='ltr'>dederas</span> <span class='ocrx_word' id='word_1_55' title='bbox 1998 1271 2027 1327; x_wconf 92' lang='lat'>,·</span> <span class='ocrx_word' id='word_1_56' title='bbox 2050 1237 2355 1337; x_wconf 86' lang='lat' dir='ltr'>pecunia</span> <span class='ocrx_word' id='word_1_57' title='bbox 2378 1238 2655 1310; x_wconf 86' lang='lat' dir='ltr'>redime-</span> 
     </span>
     <span class='ocr_line' id='line_1_9' title="bbox 571 1350 2657 1453; baseline -0.001 -27"><span class='ocrx_word' id='word_1_58' title='bbox 571 1355 698 1426; x_wconf 87' lang='lat' dir='ltr'>bas</span> <span class='ocrx_word' id='word_1_59' title='bbox 740 1356 1086 1445; x_wconf 86' lang='lat' dir='ltr'>fortunas,</span> <span class='ocrx_word' id='word_1_60' title='bbox 1125 1352 1452 1453; x_wconf 88' lang='lat' dir='ltr'>pecunias</span> <span class='ocrx_word' id='word_1_61' title='bbox 1482 1373 1669 1444; x_wconf 87' lang='lat' dir='ltr'>tuas,</span> <span class='ocrx_word' id='word_1_62' title='bbox 1709 1350 1933 1424; x_wconf 89' lang='lat' dir='ltr'>immo</span> <span class='ocrx_word' id='word_1_63' title='bbox 1970 1351 2308 1425; x_wconf 88' lang='lat' dir='ltr'>salutem:</span> <span class='ocrx_word' id='word_1_64' title='bbox 2351 1353 2657 1450; x_wconf 87' lang='lat' dir='ltr'>quando-</span> 
     </span>
     <span class='ocr_line' id='line_1_10' title="bbox 578 1467 2659 1569; baseline 0 -30"><span class='ocrx_word' id='word_1_65' title='bbox 578 1469 868 1567; x_wconf 86' lang='lat' dir='ltr'>quidem</span> <span class='ocrx_word' id='word_1_66' title='bbox 892 1468 1310 1569; x_wconf 88' lang='lat' dir='ltr'>plerumque</span> <span class='ocrx_word' id='word_1_67' title='bbox 1329 1467 1551 1567; x_wconf 84' lang='lat' dir='ltr'>perire</span> <span class='ocrx_word' id='word_1_68' title='bbox 1572 1481 1589 1514; x_wconf 86' lang='lat'>¹</span> <span class='ocrx_word' id='word_1_69' title='bbox 1622 1467 1815 1539; x_wconf 88' lang='lat' dir='ltr'>vobis</span> <span class='ocrx_word' id='word_1_70' title='bbox 1845 1467 1918 1538; x_wconf 90' lang='lat' dir='ltr'>in</span> <span class='ocrx_word' id='word_1_71' title='bbox 1947 1467 2223 1540; x_wconf 88' lang='lat' dir='ltr'>lucrum</span> <span class='ocrx_word' id='word_1_72' title='bbox 2252 1469 2659 1540; x_wconf 85' lang='lat' dir='ltr'>crudelitatis</span> 
     </span>
     <span class='ocr_line' id='line_1_11' title="bbox 577 1581 2659 1680; baseline 0.001 -28"><span class='ocrx_word' id='word_1_73' title='bbox 577 1581 862 1672; x_wconf 67' lang='lat' dir='ltr'>alienae,</span> <span class='ocrx_word' id='word_1_74' title='bbox 887 1609 1166 1656; x_wconf 88' lang='lat' dir='ltr'>necesse</span> <span class='ocrx_word' id='word_1_75' title='bbox 1185 1602 1306 1655; x_wconf 90' lang='lat' dir='ltr'>est.</span> <span class='ocrx_word' id='word_1_76' title='bbox 1328 1583 1563 1654; x_wconf 89' lang='lat' dir='ltr'>Habes</span> <span class='ocrx_word' id='word_1_77' title='bbox 1584 1581 1794 1680; x_wconf 80' lang='lat' dir='ltr'>igitur</span> <span class='ocrx_word' id='word_1_78' title='bbox 1810 1581 1967 1655; x_wconf 88' lang='lat' dir='ltr'>satis</span> <span class='ocrx_word' id='word_1_79' title='bbox 1992 1609 2249 1680; x_wconf 80' lang='lat' dir='ltr'>magna</span> <span class='ocrx_word' id='word_1_80' title='bbox 2276 1583 2483 1656; x_wconf 87' lang='lat' dir='ltr'>istius</span> <span class='ocrx_word' id='word_1_81' title='bbox 2508 1583 2659 1654; x_wconf 85' lang='lat' dir='ltr'>libe·</span> 
     </span>
     <span class='ocr_line' id='line_1_12' title="bbox 577 1697 2659 1798; baseline 0 -31"><span class='ocrx_word' id='word_1_82' title='bbox 577 1697 865 1770; x_wconf 84' lang='lat' dir='ltr'>ralitatis</span> <span class='ocrx_word' id='word_1_83' title='bbox 900 1719 1036 1770; x_wconf 82' lang='lat' dir='ltr'>tuae</span> <span class='ocrx_word' id='word_1_84' title='bbox 1066 1698 1284 1798; x_wconf 86' lang='lat' dir='ltr'>pretia</span> <span class='ocrx_word' id='word_1_85' title='bbox 1317 1725 1335 1768; x_wconf 86' lang='grc'>;</span> <span class='ocrx_word' id='word_1_86' title='bbox 1381 1724 1659 1769; x_wconf 88' lang='lat' dir='ltr'>securus</span> <span class='ocrx_word' id='word_1_87' title='bbox 1699 1724 1808 1788; x_wconf 77' lang='lat' dir='ltr'>eS,</span> <span class='ocrx_word' id='word_1_88' title='bbox 1846 1724 2037 1770; x_wconf 90' lang='lat' dir='ltr'>nunc</span> <span class='ocrx_word' id='word_1_89' title='bbox 2074 1697 2447 1787; x_wconf 85' lang='lat' dir='ltr'>dominus,</span> <span class='ocrx_word' id='word_1_90' title='bbox 2490 1725 2659 1770; x_wconf 86' lang='lat' dir='ltr'>nune</span> 
     </span>
     <span class='ocr_line' id='line_1_13' title="bbox 580 1811 2657 1904; baseline -0 -21"><span class='ocrx_word' id='word_1_91' title='bbox 580 1812 813 1885; x_wconf 89' lang='lat' dir='ltr'>dives:</span> <span class='ocrx_word' id='word_1_92' title='bbox 858 1813 1117 1886; x_wconf 88' lang='lat' dir='ltr'>desiisti</span> <span class='ocrx_word' id='word_1_93' title='bbox 1156 1814 1512 1886; x_wconf 87' lang='lat' dir='ltr'>fortunam</span> <span class='ocrx_word' id='word_1_94' title='bbox 1555 1833 1751 1884; x_wconf 90' lang='lat' dir='ltr'>tuam</span> <span class='ocrx_word' id='word_1_95' title='bbox 1792 1811 2075 1904; x_wconf 89' lang='lat' dir='ltr'>timere,</span> <span class='ocrx_word' id='word_1_96' title='bbox 2117 1812 2381 1885; x_wconf 87' lang='lat' dir='ltr'>desiisti</span> <span class='ocrx_word' id='word_1_97' title='bbox 2414 1812 2657 1898; x_wconf 87' lang='lat' dir='ltr'>odisse,</span> 
     </span>
     <span class='ocr_line' id='line_1_14' title="bbox 580 1927 2663 2029; baseline -0 -30"><span class='ocrx_word' id='word_1_98' title='bbox 580 1927 934 2027; x_wconf 88' lang='lat' dir='ltr'>quidquid</span> <span class='ocrx_word' id='word_1_99' title='bbox 960 1927 1201 2029; x_wconf 86' lang='lat' dir='ltr'>jactas.</span> <span class='ocrx_word' id='word_1_100' title='bbox 1235 1931 1387 2028; x_wconf 75' lang='lat' dir='ltr'>Ego</span> <span class='ocrx_word' id='word_1_101' title='bbox 1423 1948 1657 2000; x_wconf 88' lang='lat' dir='ltr'>tamen</span> <span class='ocrx_word' id='word_1_102' title='bbox 1680 1985 1701 2018; x_wconf 90' lang='lat'>‚</span> <span class='ocrx_word' id='word_1_103' title='bbox 1740 1927 2007 2028; x_wconf 87' lang='lat' dir='ltr'>inquit,</span> <span class='ocrx_word' id='word_1_104' title='bbox 2044 1927 2245 2018; x_wconf 86' lang='lat' dir='ltr'>dedi,</span> <span class='ocrx_word' id='word_1_105' title='bbox 2277 1929 2477 2027; x_wconf 88' lang='lat' dir='ltr'>quod</span> <span class='ocrx_word' id='word_1_106' title='bbox 2508 1947 2663 2000; x_wconf 84' lang='lat' dir='ltr'>esset</span> 
     </span>
     <span class='ocr_line' id='line_1_15' title="bbox 579 2041 2661 2143; baseline -0 -29"><span class='ocrx_word' id='word_1_107' title='bbox 579 2069 705 2142; x_wconf 90' lang='lat' dir='ltr'>pro</span> <span class='ocrx_word' id='word_1_108' title='bbox 739 2042 1068 2143; x_wconf 86' lang='lat' dir='ltr'>praemio:</span> <span class='ocrx_word' id='word_1_109' title='bbox 1115 2043 1272 2116; x_wconf 90' lang='lat' dir='ltr'>ideo</span> <span class='ocrx_word' id='word_1_110' title='bbox 1307 2070 1470 2143; x_wconf 82' lang='lat' dir='ltr'>ergo</span> <span class='ocrx_word' id='word_1_111' title='bbox 1504 2043 1714 2142; x_wconf 76' lang='lat' dir='ltr'>exigis</span> <span class='ocrx_word' id='word_1_112' title='bbox 1734 2101 1753 2134; x_wconf 90' lang='lat'>,</span> <span class='ocrx_word' id='word_1_113' title='bbox 1788 2062 1866 2114; x_wconf 86' lang='lat' dir='ltr'>ut</span> <span class='ocrx_word' id='word_1_114' title='bbox 1902 2041 2291 2142; x_wconf 86' lang='lat' dir='ltr'>respublica</span> <span class='ocrx_word' id='word_1_115' title='bbox 2330 2070 2484 2116; x_wconf 85' lang='lat' dir='ltr'>non</span> <span class='ocrx_word' id='word_1_116' title='bbox 2518 2041 2661 2114; x_wconf 86' lang='lat' dir='ltr'>red-</span> 
     </span>
     <span class='ocr_line' id='line_1_16' title="bbox 582 2157 2663 2259; baseline 0 -30"><span class='ocrx_word' id='word_1_117' title='bbox 582 2157 742 2230; x_wconf 83' lang='lat' dir='ltr'>dat?</span> <span class='ocrx_word' id='word_1_118' title='bbox 774 2179 863 2249; x_wconf 88' lang='lat' dir='ltr'>et,</span> <span class='ocrx_word' id='word_1_119' title='bbox 889 2160 943 2230; x_wconf 89' lang='lat' dir='ltr'>si</span> <span class='ocrx_word' id='word_1_120' title='bbox 975 2159 1147 2258; x_wconf 89' lang='lat' dir='ltr'>quid</span> <span class='ocrx_word' id='word_1_121' title='bbox 1177 2180 1254 2231; x_wconf 91' lang='lat' dir='ltr'>tu</span> <span class='ocrx_word' id='word_1_122' title='bbox 1278 2158 1583 2259; x_wconf 86' lang='lat' dir='ltr'>privatus</span> <span class='ocrx_word' id='word_1_123' title='bbox 1612 2157 1985 2230; x_wconf 85' lang='lat' dir='ltr'>liberaliter</span> <span class='ocrx_word' id='word_1_124' title='bbox 2007 2157 2253 2249; x_wconf 86' lang='lat' dir='ltr'>fecisti,</span> <span class='ocrx_word' id='word_1_125' title='bbox 2280 2158 2663 2231; x_wconf 84' lang='lat' dir='ltr'>universam</span> 
     </span>
     <span class='ocr_line' id='line_1_17' title="bbox 583 2273 2665 2373; baseline 0 -28"><span class='ocrx_word' id='word_1_126' title='bbox 583 2274 934 2346; x_wconf 87' lang='lat' dir='ltr'>civitatem</span> <span class='ocrx_word' id='word_1_127' title='bbox 961 2275 1064 2344; x_wconf 87' lang='lat' dir='ltr'>vis</span> <span class='ocrx_word' id='word_1_128' title='bbox 1107 2275 1331 2348; x_wconf 90' lang='lat' dir='ltr'>facere</span> <span class='ocrx_word' id='word_1_129' title='bbox 1379 2273 1701 2347; x_wconf 83' lang='lat' dir='ltr'>sordide?</span> <span class='ocrx_word' id='word_1_130' title='bbox 1745 2275 2207 2373; x_wconf 88' lang='lat' dir='ltr'>Quamquam</span> <span class='ocrx_word' id='word_1_131' title='bbox 2254 2301 2347 2347; x_wconf 91' lang='lat' dir='ltr'>ne</span> <span class='ocrx_word' id='word_1_132' title='bbox 2392 2275 2665 2348; x_wconf 77' lang='lat' dir='ltr'>remittis</span> 
     </span>
     <span class='ocr_line' id='line_1_18' title="bbox 579 2387 2664 2492; baseline 0 -30"><span class='ocrx_word' id='word_1_133' title='bbox 579 2387 872 2488; x_wconf 88' lang='lat' dir='ltr'>quidem</span> <span class='ocrx_word' id='word_1_134' title='bbox 919 2389 1103 2463; x_wconf 90' lang='lat' dir='ltr'>istud</span> <span class='ocrx_word' id='word_1_135' title='bbox 1147 2390 1587 2492; x_wconf 86' lang='lat' dir='ltr'>reipublicae,</span> <span class='ocrx_word' id='word_1_136' title='bbox 1635 2389 1754 2464; x_wconf 88' lang='lat' dir='ltr'>sed</span> <span class='ocrx_word' id='word_1_137' title='bbox 1801 2389 1875 2463; x_wconf 90' lang='lat' dir='ltr'>in</span> <span class='ocrx_word' id='word_1_138' title='bbox 1922 2410 1990 2463; x_wconf 88' lang='lat' dir='ltr'>te</span> <span class='ocrx_word' id='word_1_139' title='bbox 2031 2390 2414 2482; x_wconf 88' lang='lat' dir='ltr'>transfers;</span> <span class='ocrx_word' id='word_1_140' title='bbox 2462 2413 2543 2465; x_wconf 92' lang='lat' dir='ltr'>ut</span> <span class='ocrx_word' id='word_1_141' title='bbox 2590 2417 2664 2463; x_wconf 86' lang='lat' dir='ltr'>ne</span> 
     </span>
     <span class='ocr_line' id='line_1_19' title="bbox 580 2506 2664 2607; baseline 0 -29"><span class='ocrx_word' id='word_1_142' title='bbox 580 2506 916 2579; x_wconf 79' lang='lat' dir='ltr'>voluntati</span> <span class='ocrx_word' id='word_1_143' title='bbox 950 2507 1236 2605; x_wconf 88' lang='lat' dir='ltr'>quidem</span> <span class='ocrx_word' id='word_1_144' title='bbox 1265 2528 1398 2581; x_wconf 83' lang='lat' dir='ltr'>tuae</span> <span class='ocrx_word' id='word_1_145' title='bbox 1429 2508 1714 2606; x_wconf 79' lang='lat' dir='ltr'>obligati</span> <span class='ocrx_word' id='word_1_146' title='bbox 1744 2508 1965 2580; x_wconf 89' lang='lat' dir='ltr'>simus</span> <span class='ocrx_word' id='word_1_147' title='bbox 1984 2564 2005 2598; x_wconf 94' lang='lat'>,</span> <span class='ocrx_word' id='word_1_148' title='bbox 2029 2508 2087 2580; x_wconf 85' lang='lat' dir='ltr'>si</span> <span class='ocrx_word' id='word_1_149' title='bbox 2115 2508 2503 2607; x_wconf 86' lang='lat' dir='ltr'>pecuniam</span> <span class='ocrx_word' id='word_1_150' title='bbox 2528 2509 2664 2581; x_wconf 82' lang='lat' dir='ltr'>ideo</span> 
     </span>
     <span class='ocr_line' id='line_1_20' title="bbox 585 2620 2665 2724; baseline 0 -31"><span class='ocrx_word' id='word_1_151' title='bbox 585 2620 866 2713; x_wconf 85' lang='lat' dir='ltr'>dedisti,</span> <span class='ocrx_word' id='word_1_152' title='bbox 888 2642 966 2695; x_wconf 90' lang='lat' dir='ltr'>ut</span> <span class='ocrx_word' id='word_1_153' title='bbox 984 2622 1356 2722; x_wconf 71' lang='lat' dir='ltr'>praemium</span> <span class='ocrx_word' id='word_1_154' title='bbox 1377 2622 1744 2722; x_wconf 85' lang='lat' dir='ltr'>acciperes.</span> <span class='ocrx_word' id='word_1_155' title='bbox 1762 2623 1899 2695; x_wconf 91' lang='lat' dir='ltr'>Hic</span> <span class='ocrx_word' id='word_1_156' title='bbox 1918 2650 2156 2722; x_wconf 87' lang='lat' dir='ltr'>porro,</span> <span class='ocrx_word' id='word_1_157' title='bbox 2176 2624 2232 2695; x_wconf 91' lang='lat' dir='ltr'>si</span> <span class='ocrx_word' id='word_1_158' title='bbox 2254 2623 2432 2724; x_wconf 88' lang='lat' dir='ltr'>quid</span> <span class='ocrx_word' id='word_1_159' title='bbox 2454 2650 2665 2711; x_wconf 72' lang='lat' dir='ltr'>avam,</span> 
     </span>
     <span class='ocr_line' id='line_1_21' title="bbox 585 2737 2667 2838; baseline 0 -31"><span class='ocrx_word' id='word_1_160' title='bbox 585 2737 641 2808; x_wconf 87' lang='lat' dir='ltr'>si</span> <span class='ocrx_word' id='word_1_161' title='bbox 678 2737 852 2835; x_wconf 89' lang='lat' dir='ltr'>quid</span> <span class='ocrx_word' id='word_1_162' title='bbox 881 2738 1133 2837; x_wconf 82' lang='lat' dir='ltr'>cupide</span> <span class='ocrx_word' id='word_1_163' title='bbox 1164 2738 1471 2830; x_wconf 85' lang='lat' dir='ltr'>fecisset,</span> <span class='ocrx_word' id='word_1_164' title='bbox 1509 2758 1629 2810; x_wconf 87' lang='lat' dir='ltr'>tua</span> <span class='ocrx_word' id='word_1_165' title='bbox 1658 2738 1885 2836; x_wconf 88' lang='lat' dir='ltr'>potius</span> <span class='ocrx_word' id='word_1_166' title='bbox 1918 2738 2250 2837; x_wconf 87' lang='lat' dir='ltr'>pecunia,</span> <span class='ocrx_word' id='word_1_167' title='bbox 2281 2766 2503 2838; x_wconf 87' lang='lat' dir='ltr'>quam</span> <span class='ocrx_word' id='word_1_168' title='bbox 2537 2740 2667 2837; x_wconf 88' lang='lat' dir='ltr'>ipsa</span> 
     </span>
     <span class='ocr_line' id='line_1_22' title="bbox 587 2852 2667 2952; baseline 0.001 -29"><span class='ocrx_word' id='word_1_169' title='bbox 587 2852 738 2951; x_wconf 78' lang='lat' dir='ltr'>lege</span> <span class='ocrx_word' id='word_1_170' title='bbox 793 2853 883 2924; x_wconf 90' lang='lat' dir='ltr'>ad</span> <span class='ocrx_word' id='word_1_171' title='bbox 931 2854 1483 2952; x_wconf 86' lang='lat' dir='ltr'>tyrannicidium</span> <span class='ocrx_word' id='word_1_172' title='bbox 1538 2852 2078 2926; x_wconf 83' lang='lat' dir='ltr'>conduceretur?</span> <span class='ocrx_word' id='word_1_173' title='bbox 2129 2857 2242 2926; x_wconf 92' lang='lat' dir='ltr'>Tu</span> <span class='ocrx_word' id='word_1_174' title='bbox 2301 2854 2413 2927; x_wconf 90' lang='lat' dir='ltr'>illi</span> <span class='ocrx_word' id='word_1_175' title='bbox 2474 2854 2667 2941; x_wconf 82' lang='lat' dir='ltr'>dicis;</span> 
     </span>
     <span class='ocr_line' id='line_1_23' title="bbox 587 2966 2664 3067; baseline 0 -30"><span class='ocrx_word' id='word_1_176' title='bbox 587 2966 845 3065; x_wconf 87' lang='lat' dir='ltr'>Accipe</span> <span class='ocrx_word' id='word_1_177' title='bbox 885 2970 1258 3066; x_wconf 89' lang='lat' dir='ltr'>pecuniam</span> <span class='ocrx_word' id='word_1_178' title='bbox 1289 2997 1304 3040; x_wconf 90' lang='lat'><strong>:</strong></span> <span class='ocrx_word' id='word_1_179' title='bbox 1342 2966 1732 3067; x_wconf 88' lang='lat' dir='ltr'>respublica</span> <span class='ocrx_word' id='word_1_180' title='bbox 1764 2968 1971 3058; x_wconf 82' lang='lat' dir='ltr'>dicit;</span> <span class='ocrx_word' id='word_1_181' title='bbox 2007 2968 2194 3067; x_wconf 90' lang='lat' dir='ltr'>Opta</span> <span class='ocrx_word' id='word_1_182' title='bbox 2226 2968 2421 3067; x_wconf 88' lang='lat' dir='ltr'>quod</span> <span class='ocrx_word' id='word_1_183' title='bbox 2450 2970 2664 3042; x_wconf 83' lang='lat' dir='ltr'>voles:</span> 
     </span>
     <span class='ocr_line' id='line_1_24' title="bbox 581 3084 2669 3184; baseline 0.001 -32"><span class='ocrx_word' id='word_1_184' title='bbox 581 3102 668 3153; x_wconf 84' lang='lat' dir='ltr'>ut</span> <span class='ocrx_word' id='word_1_185' title='bbox 717 3108 959 3153; x_wconf 88' lang='lat' dir='ltr'>avarus</span> <span class='ocrx_word' id='word_1_186' title='bbox 1006 3085 1093 3156; x_wconf 89' lang='lat' dir='ltr'>sit</span> <span class='ocrx_word' id='word_1_187' title='bbox 1133 3106 1201 3157; x_wconf 94' lang='lat' dir='ltr'>et</span> <span class='ocrx_word' id='word_1_188' title='bbox 1239 3086 1576 3184; x_wconf 87' lang='lat' dir='ltr'>cupidus,</span> <span class='ocrx_word' id='word_1_189' title='bbox 1614 3105 1853 3157; x_wconf 88' lang='lat' dir='ltr'>utrum</span> <span class='ocrx_word' id='word_1_190' title='bbox 1891 3085 2051 3184; x_wconf 85' lang='lat' dir='ltr'>plus</span> <span class='ocrx_word' id='word_1_191' title='bbox 2094 3084 2233 3157; x_wconf 81' lang='lat' dir='ltr'>est?</span> <span class='ocrx_word' id='word_1_192' title='bbox 2262 3088 2541 3160; x_wconf 86' lang='lat' dir='ltr'>Verum</span> <span class='ocrx_word' id='word_1_193' title='bbox 2566 3084 2669 3156; x_wconf 83' lang='lat' dir='ltr'>hic</span> 
     </span>
     <span class='ocr_line' id='line_1_25' title="bbox 589 3196 2667 3301; baseline 0.001 -34"><span class='ocrx_word' id='word_1_194' title='bbox 589 3223 658 3267; x_wconf 82' lang='lat' dir='ltr'>se</span> <span class='ocrx_word' id='word_1_195' title='bbox 711 3196 1042 3287; x_wconf 86' lang='lat' dir='ltr'>affirmat,</span> <span class='ocrx_word' id='word_1_196' title='bbox 1091 3225 1180 3269; x_wconf 90' lang='lat' dir='ltr'>ne</span> <span class='ocrx_word' id='word_1_197' title='bbox 1221 3200 1507 3298; x_wconf 85' lang='lat' dir='ltr'>praemia</span> <span class='ocrx_word' id='word_1_198' title='bbox 1543 3200 1831 3297; x_wconf 88' lang='lat' dir='ltr'>quidem</span> <span class='ocrx_word' id='word_1_199' title='bbox 1868 3199 1995 3272; x_wconf 88' lang='lat' dir='ltr'>ista</span> <span class='ocrx_word' id='word_1_200' title='bbox 2029 3222 2371 3301; x_wconf 88' lang='lat' dir='ltr'>spectasse</span> <span class='ocrx_word' id='word_1_201' title='bbox 2396 3258 2415 3291; x_wconf 93' lang='lat'>,</span> <span class='ocrx_word' id='word_1_202' title='bbox 2462 3228 2667 3301; x_wconf 89' lang='lat' dir='ltr'>quum</span> 
     </span>
     <span class='ocr_line' id='line_1_26' title="bbox 591 3314 2666 3415; baseline 0 -31"><span class='ocrx_word' id='word_1_203' title='bbox 591 3316 868 3386; x_wconf 85' lang='lat' dir='ltr'>faceret.</span> <span class='ocrx_word' id='word_1_204' title='bbox 900 3314 1181 3386; x_wconf 88' lang='lat' dir='ltr'>Oblitus</span> <span class='ocrx_word' id='word_1_205' title='bbox 1208 3342 1403 3407; x_wconf 89' lang='lat' dir='ltr'>sum,</span> <span class='ocrx_word' id='word_1_206' title='bbox 1440 3317 1708 3415; x_wconf 86' lang='lat' dir='ltr'>inquit,</span> <span class='ocrx_word' id='word_1_207' title='bbox 1752 3338 1910 3389; x_wconf 90' lang='lat' dir='ltr'>ante</span> <span class='ocrx_word' id='word_1_208' title='bbox 1943 3318 2184 3389; x_wconf 89' lang='lat' dir='ltr'>omnia</span> <span class='ocrx_word' id='word_1_209' title='bbox 2210 3318 2455 3391; x_wconf 87' lang='lat' dir='ltr'>salutis</span> <span class='ocrx_word' id='word_1_210' title='bbox 2478 3344 2666 3390; x_wconf 83' lang='lat' dir='ltr'>meae:</span> 
     </span>
     <span class='ocr_line' id='line_1_27' title="bbox 495 3431 2666 3534; baseline 0.001 -33"><span class='ocrx_word' id='word_1_211' title='bbox 495 3448 504 3459; x_wconf 87' lang='lat'>’</span> <span class='ocrx_word' id='word_1_212' title='bbox 591 3431 1046 3504; x_wconf 90' lang='lat' dir='ltr'>commodum</span> <span class='ocrx_word' id='word_1_213' title='bbox 1082 3432 1415 3522; x_wconf 74' lang='lat' dir='ltr'>&#39;civitatiS,</span> <span class='ocrx_word' id='word_1_214' title='bbox 1455 3434 2077 3533; x_wconf 88' lang='lat' dir='ltr'>universorumque</span> <span class='ocrx_word' id='word_1_215' title='bbox 2112 3434 2459 3534; x_wconf 83' lang='lat' dir='ltr'>spectavi,</span> <span class='ocrx_word' id='word_1_216' title='bbox 2492 3456 2666 3519; x_wconf 89' lang='lat' dir='ltr'>tum,</span> 
     </span>
     <span class='ocr_line' id='line_1_28' title="bbox 587 3548 2669 3649; baseline -0 -30"><span class='ocrx_word' id='word_1_217' title='bbox 587 3548 643 3619; x_wconf 82' lang='lat' dir='ltr'>si</span> <span class='ocrx_word' id='word_1_218' title='bbox 681 3548 850 3645; x_wconf 89' lang='lat' dir='ltr'>quid</span> <span class='ocrx_word' id='word_1_219' title='bbox 896 3550 984 3621; x_wconf 85' lang='lat' dir='ltr'>ad</span> <span class='ocrx_word' id='word_1_220' title='bbox 1021 3576 1136 3621; x_wconf 90' lang='lat' dir='ltr'>me</span> <span class='ocrx_word' id='word_1_221' title='bbox 1169 3550 1446 3649; x_wconf 88' lang='lat' dir='ltr'>proprie</span> <span class='ocrx_word' id='word_1_222' title='bbox 1475 3550 1905 3648; x_wconf 88' lang='lat' dir='ltr'>pertinebat,</span> <span class='ocrx_word' id='word_1_223' title='bbox 1947 3552 2259 3639; x_wconf 82' lang='lat' dir='ltr'>famam,</span> <span class='ocrx_word' id='word_1_224' title='bbox 2288 3551 2669 3647; x_wconf 81' lang='lat' dir='ltr'>ituramque</span> 
     </span>
     <span class='ocr_line' id='line_1_29' title="bbox 590 3662 2668 3767; baseline 0 -33"><span class='ocrx_word' id='word_1_225' title='bbox 590 3662 664 3735; x_wconf 89' lang='lat' dir='ltr'>in</span> <span class='ocrx_word' id='word_1_226' title='bbox 707 3678 1102 3762; x_wconf 81' lang='lat' dir='ltr'>posterum²</span> <span class='ocrx_word' id='word_1_227' title='bbox 1151 3664 1445 3763; x_wconf 81' lang='lat' dir='ltr'>gloriam</span> <span class='ocrx_word' id='word_1_228' title='bbox 1494 3664 1742 3767; x_wconf 90' lang='lat' dir='ltr'>hujus,</span> <span class='ocrx_word' id='word_1_229' title='bbox 1792 3692 1945 3763; x_wconf 87' lang='lat' dir='ltr'>quae</span> <span class='ocrx_word' id='word_1_230' title='bbox 1986 3664 2291 3739; x_wconf 87' lang='lat' dir='ltr'>subinde</span> <span class='ocrx_word' id='word_1_231' title='bbox 2335 3664 2668 3766; x_wconf 88' lang='lat' dir='ltr'>objicitur,</span> 
     </span>
     <span class='ocr_line' id='line_1_30' title="bbox 591 3779 2323 3878; baseline 0.002 -29"><span class='ocrx_word' id='word_1_232' title='bbox 591 3779 1008 3878; x_wconf 87' lang='lat' dir='ltr'>paupertatis</span> <span class='ocrx_word' id='word_1_233' title='bbox 1027 3837 1045 3870; x_wconf 90' lang='lat'><strong><em>‚</em></strong></span> <span class='ocrx_word' id='word_1_234' title='bbox 1079 3781 1429 3878; x_wconf 88' lang='lat' dir='ltr'>siquidem</span> <span class='ocrx_word' id='word_1_235' title='bbox 1459 3781 1733 3854; x_wconf 88' lang='lat' dir='ltr'>facilius</span> <span class='ocrx_word' id='word_1_236' title='bbox 1760 3782 2089 3853; x_wconf 84' lang='lat' dir='ltr'>virtutem</span> <span class='ocrx_word' id='word_1_237' title='bbox 2124 3780 2323 3853; x_wconf 86' lang='lat' dir='ltr'>aluit.</span> 
     </span>
    </p>
   </div>
   <div class='ocr_carea' id='block_1_3' title="bbox 589 3910 2673 4228">
    <p class='ocr_par' dir='ltr' id='par_1_3' title="bbox 589 3910 2673 3989">
     <span class='ocr_line' id='line_1_31' title="bbox 589 3910 2673 3989; baseline 0.003 -30"><span class='ocrx_word' id='word_1_238' title='bbox 589 3910 843 3964; x_wconf 81' lang='lat' dir='ltr'>Francius</span> <span class='ocrx_word' id='word_1_239' title='bbox 853 3912 1138 3983; x_wconf 84' lang='lat' dir='ltr'>putabatet</span> <span class='ocrx_word' id='word_1_240' title='bbox 1151 3932 1310 3985; x_wconf 90' lang='lat' dir='ltr'>posse</span> <span class='ocrx_word' id='word_1_241' title='bbox 1324 3914 1597 3987; x_wconf 77' lang='lat' dir='ltr'>legi‚quod</span> <span class='ocrx_word' id='word_1_242' title='bbox 1675 3934 1893 3989; x_wconf 78' lang='lat' dir='ltr'>rumque</span> <span class='ocrx_word' id='word_1_243' title='bbox 1908 3916 1963 3965; x_wconf 81' lang='lat' dir='ltr'>in</span> <span class='ocrx_word' id='word_1_244' title='bbox 1978 3916 2181 3968; x_wconf 73' lang='lat' dir='ltr'>lucrum</span> <span class='ocrx_word' id='word_1_245' title='bbox 2192 3954 2211 3982; x_wconf 87' lang='lat'>‚</span> <span class='ocrx_word' id='word_1_246' title='bbox 2230 3916 2410 3968; x_wconf 82' lang='lat' dir='ltr'>AErod.</span> <span class='ocrx_word' id='word_1_247' title='bbox 2428 3915 2673 3983; x_wconf 75' lang='lat' dir='ltr'>Pleraque</span> 
     </span>
    </p>

    <p class='ocr_par' dir='ltr' id='par_1_4' title="bbox 593 3992 2671 4148">
     <span class='ocr_line' id='line_1_32' title="bbox 593 3992 2671 4067; baseline 0 -24"><span class='ocrx_word' id='word_1_248' title='bbox 593 4000 642 4040; x_wconf 70' lang='lat' dir='ltr'>le</span> <span class='ocrx_word' id='word_1_249' title='bbox 663 3992 895 4061; x_wconf 78' lang='lat' dir='ltr'>effecisse</span> <span class='ocrx_word' id='word_1_250' title='bbox 911 3998 1136 4067; x_wconf 76' lang='lat' dir='ltr'>pecunia</span> <span class='ocrx_word' id='word_1_251' title='bbox 1156 4008 1328 4067; x_wconf 81' lang='lat' dir='ltr'>putas.</span> <span class='ocrx_word' id='word_1_252' title='bbox 1674 3995 1908 4049; x_wconf 84' lang='lat' dir='ltr'>malebat</span> <span class='ocrx_word' id='word_1_253' title='bbox 1930 3998 2183 4049; x_wconf 87' lang='lat' dir='ltr'>Francius</span> <span class='ocrx_word' id='word_1_254' title='bbox 2200 4034 2216 4062; x_wconf 84' lang='lat'>‚</span> <span class='ocrx_word' id='word_1_255' title='bbox 2241 4009 2294 4049; x_wconf 86' lang='lat' dir='ltr'>et</span> <span class='ocrx_word' id='word_1_256' title='bbox 2317 4015 2439 4048; x_wconf 83' lang='lat' dir='ltr'>mox</span> <span class='ocrx_word' id='word_1_257' title='bbox 2454 4034 2471 4062; x_wconf 90' lang='lat'>‚</span> <span class='ocrx_word' id='word_1_258' title='bbox 2498 3994 2671 4047; x_wconf 76' lang='lat' dir='ltr'>libem-</span> 
     </span>
     <span class='ocr_line' id='line_1_33' title="bbox 671 4072 2219 4148; baseline 0.003 -27"><span class='ocrx_word' id='word_1_259' title='bbox 671 4086 712 4117; x_wconf 83' lang='grc' dir='ltr'>ι.</span> <span class='ocrx_word' id='word_1_260' title='bbox 734 4072 1166 4145; x_wconf 79' lang='lat' dir='ltr'>Quandoquidem</span> <span class='ocrx_word' id='word_1_261' title='bbox 1184 4074 1496 4148; x_wconf 78' lang='lat' dir='ltr'>plerumque</span> <span class='ocrx_word' id='word_1_262' title='bbox 1510 4095 1598 4148; x_wconf 84' lang='lat' dir='ltr'>pe·</span> <span class='ocrx_word' id='word_1_263' title='bbox 1678 4074 1839 4128; x_wconf 73' lang='lat' dir='ltr'>litatis</span> <span class='ocrx_word' id='word_1_264' title='bbox 1863 4086 1964 4126; x_wconf 80' lang='lat' dir='ltr'>tuoe</span> <span class='ocrx_word' id='word_1_265' title='bbox 1981 4076 2219 4147; x_wconf 77' lang='lat' dir='ltr'>proemia.</span> 
     </span>
    </p>

    <p class='ocr_par' dir='ltr' id='par_1_5' title="bbox 594 4146 2667 4228">
     <span class='ocr_line' id='line_1_34' title="bbox 594 4146 2667 4228; baseline 0.003 -34"><span class='ocrx_word' id='word_1_266' title='bbox 594 4146 705 4197; x_wconf 72' lang='lat' dir='ltr'>vire.</span> <span class='ocrx_word' id='word_1_267' title='bbox 738 4150 1058 4222; x_wconf 81' lang='lat' dir='ltr'>Quandoque</span> <span class='ocrx_word' id='word_1_268' title='bbox 1084 4153 1254 4223; x_wconf 78' lang='lat' dir='ltr'>perire</span> <span class='ocrx_word' id='word_1_269' title='bbox 1281 4154 1447 4221; x_wconf 82' lang='lat' dir='ltr'>vobis,</span> <span class='ocrx_word' id='word_1_270' title='bbox 1474 4154 1595 4225; x_wconf 76' lang='lat' dir='ltr'>ple·</span> <span class='ocrx_word' id='word_1_271' title='bbox 1750 4173 1797 4207; x_wconf 83' lang='lat'>2.</span> <span class='ocrx_word' id='word_1_272' title='bbox 1836 4156 2139 4228; x_wconf 78' lang='lat' dir='ltr'>Itur-amque</span> <span class='ocrx_word' id='word_1_273' title='bbox 2177 4156 2231 4207; x_wconf 74' lang='lat' dir='ltr'>in</span> <span class='ocrx_word' id='word_1_274' title='bbox 2263 4166 2533 4226; x_wconf 76' lang='lat' dir='ltr'>posterum.</span> <span class='ocrx_word' id='word_1_275' title='bbox 2567 4154 2667 4203; x_wconf 73' lang='lat' dir='ltr'>Itu·</span> 
     </span>
    </p>
   </div>
  </div>
 </body>
</html>
