2855 4871
512 455 1347 520 DECLAMA‘rloNEs.
1397 419 1935 522 CCCLXXXV.
2062 526 2069 534 ,
2143 457 2265 525 505

169 581 392 666 fecto,
430 605 510 650 ex
551 600 707 651 utra
738 601 928 678 parte
963 579 1055 652 sit
1091 579 1437 651 damnum
1474 608 1487 650 :
1530 606 1695 652 nam
1724 580 1999 652 lenonis
2028 580 2271 680 impu-

175 694 496 766 dentiam
521 694 682 766 satis
705 694 1030 766 admirari
1057 722 1204 766 non
1232 721 1601 794 possumus
1618 752 1637 785 ‚
1673 695 1795 793 qui
1825 721 1969 766 non
1993 716 2269 767 conten-

173 830 290 881 tus
335 809 410 880 in
453 807 773 908 lupanari
813 809 1163 894 venditare
1210 809 1579 899 ancillam,
1624 808 1699 880 in
1742 810 1892 881 foro
1928 809 2267 900 venditat,

177 951 320 1021 quo
365 926 596 1023 plures
649 944 988 997 amatores
1041 925 1369 998 inveniat.
1425 924 1642 1015 Quod
1682 925 1739 996 si
1786 924 2052 1025 aliquid
2094 925 2275 996 valet

177 1039 634 1130 amatorium,
675 1040 929 1129 fateor,
963 1038 1114 1111 hic¹
1156 1038 1356 1112 bibit.

1041 1244 1405 1310 SERMO.

265 1403 393 1468 Rei
429 1417 629 1490 gestae
662 1399 969 1467 ordinem
1001 1404 1108 1468 cui
1145 1425 1415 1468 necesse
1457 1418 1557 1468 est
1594 1425 1957 1492 exponere,
1992 1405 2062 1467 in
2099 1404 2271 1494 ejus-

177 1506 363 1572 modi
408 1531 694 1598 persona
749 1530 1021 1575 necesse
1066 1524 1165 1574 est
1219 1507 1633 1575 erubescere.
1681 1509 2093 1593 Quaestiones
2144 1509 2272 1574 illae

177 1630 366 1694 sunt,
396 1636 479 1678 an
503 1613 660 1676 leno
689 1613 916 1678 damni
947 1613 1186 1706 injuria
1220 1613 1354 1679 dati
1385 1637 1581 1702 agere
1612 1617 1850 1702 possit;
1880 1638 1965 1678 an
1999 1619 2273 1703 impune

175 1721 272 1786 illi
299 1721 535 1815 injuria
565 1719 746 1785 fieri:
781 1745 866 1785 an
886 1771 902 1801 ,
931 1745 1142 1811 quum
1173 1745 1361 1787 suam
1389 1723 1697 1812 injuriam
1723 1744 1861 1788 non
1894 1723 2103 1810 possit
2129 1723 2273 1787 vin-

177 1829 400 1896 dicare
416 1844 459 1908 ²,
487 1828 798 1916 mancipii
819 1830 1062 1919 possit:
1094 1853 1178 1894 an
1203 1831 1256 1893 si
1285 1828 1599 1918 mancipii
1625 1851 1759 1893 non
1780 1843 2019 1916 potest,
2042 1832 2277 1918 prosti-

176 1937 304 2002 tuti
333 1935 559 2026 possit.
586 1933 766 2018 Quid
795 1935 879 2000 sit
903 1933 1222 2000 damnum
1254 1933 1485 2000 datum
1513 1957 1694 2000 esse:
1726 1958 1936 2024 quum
1961 1934 2109 2025 quis
2138 1959 2274 2000 non

173 2043 454 2124 habeat,
495 2042 680 2134 quod
715 2061 868 2108 ante
903 2042 1297 2134 possederit.
1343 2045 1757 2122 Etiamnum,
1796 2059 1872 2106 ut
1913 2044 1979 2106 in
2015 2042 2274 2130 3primo

173 2147 329 2215 loco
357 2150 759 2239 comparatio
790 2169 1262 2240 personarum,
1295 2165 1517 2213 utrum
1550 2146 1931 2214 credibilius
1964 2150 2079 2228 sit,
2112 2147 2274 2216 ado-

173 2257 540 2323 lescentem
573 2256 870 2324 intulisse
896 2256 1213 2323 damnum
1235 2308 1250 2338 ‚
1289 2281 1375 2322 an
1409 2256 1763 2344 accepisse.
1802 2256 2091 2321 Felicem
2128 2279 2273 2321 esse

177 2378 439 2427 aetatem
456 2412 472 2441 ,
499 2363 552 2428 si
577 2385 838 2430 servare
861 2365 1068 2455 possit
1094 2387 1247 2430 sua:
1282 2380 1349 2428 et
1369 2363 1683 2430 lenonem
1704 2362 2272 2453 circumscriptum
2352 2395 2366 2402 ·

179 2470 330 2559 quis
358 2466 757 2534 crediderit?

873 2626 1575 2691 DECLAMATIO.

274 2780 738 2881 Quamquam
762 2803 844 2855 ut
865 2782 1147 2855 fecerim
1177 2782 1521 2854 damnum
1542 2780 1596 2871 4,
1634 2780 1876 2851 merito
1909 2776 2116 2850 relata
2148 2778 2271 2849 tibi

179 2894 346 2967 talio
377 2915 510 2983 est,
544 2918 824 2999 propter
847 2924 1063 2996 quem
1091 2896 1348 2968 damna
1371 2922 1619 2969 omnes
1642 2894 1912 2966 faciunt
1940 2922 1953 2965 ε
1987 2892 2147 2965 leno
2170 2914 2272 2965 est

175 3010 548 3110 publicum
573 3012 938 3115 damnum.
960 3015 1173 3113 Atqui
1195 3034 1390 3085 tuam
1419 3012 1747 3085 ancillam
1772 3010 2021 3083 habes:
2052 3010 2267 3103 malo,

178 3124 442 3222 inquit,
477 3128 797 3227 exemplo
836 3128 1084 3202 datum
1114 3150 1212 3201 est
1246 3157 1260 3199 :
1299 3128 1547 3227 quidni
1588 3128 1682 3199 ait
1712 3127 2057 3200 civitatem
2096 3148 2269 3199 stare

179 3268 324 3314 non
362 3268 558 3341 posse
577 3242 629 3333 ⁵,
678 3247 844 3344 quia
875 3248 1195 3319 meretrix
1234 3264 1439 3318 amet.
1480 3245 1957 3335 Amator-ium,
2000 3242 2267 3341 inquit,
2340 3300 2349 3309 .

183 3352 468 3427 dedisti:
507 3356 748 3429 damni
775 3359 957 3459 agis,
989 3381 1056 3431 et
1085 3356 1505 3433 veneficium
1540 3358 1805 3459 objicis.

257 3542 302 3575 1.
333 3524 438 3577 Hic
467 3527 604 3577 bibit.
637 3527 964 3583 Adolescens
993 3528 1181 3583 fraude
1261 3518 1493 3583 AEtatem
1528 3528 1693 3591 hane,
1727 3527 1770 3578 si
1800 3542 2015 3577 servare.
2047 3526 2265 3579 Senum.

179 3601 406 3656 lenonis.
449 3604 667 3659 Senum.
707 3606 790 3661 Al.
831 3606 940 3661 1²oeae
958 3632 975 3661 .-
1017 3627 1179 3680 marg.
1335 3608 1385 3674 4.
1415 3608 1485 3659 Ut
1494 3605 1719 3677 fecerim
1740 3604 2011 3657 damnum.
2041 3604 2109 3655 Ut
2127 3604 2269 3657 dede-

178 3682 358 3735 AErod.
1265 3690 1380 3741 rim.
1402 3688 1621 3740 Senum.
1637 3684 1753 3737 vid.
1777 3683 1845 3737 ad
1865 3685 2011 3755 Calp.
2034 3684 2177 3737 Decl.
2202 3684 2265 3736 X.

253 3781 302 3815 α.
327 3766 452 3831 Νοζι
470 3767 634 3835 possit
647 3764 921 3819 vindicare.
945 3768 1070 3820 Non
1089 3788 1184 3841 po·
1263 3798 1328 3807 -
1365 3768 1588 3837 Propter
1615 3786 1787 3839 quem.
1824 3768 2045 3837 Propter
2073 3765 2268 3819 damna

179 3854 274 3896 test
291 3861 338 3893 v.
359 3843 539 3895 AErod.
553 3874 626 3897 .-
643 3844 725 3896 An
745 3846 790 3896 si
805 3845 1058 3917 mancipii
1077 3866 1182 3899 non
1261 3869 1352 3902 sua
1375 3866 1552 3901 omnes
1576 3847 1613 3899 l.
1636 3848 1815 3900 AErod.
1835 3876 1906 3887 —
1924 3847 2086 3919 Atqui
2104 3858 2262 3898 tuam.

174 3934 344 3994 potest
369 3961 386 3987 ,
430 3927 696 3995 prostituti
735 3927 909 3997 possit.
963 3928 1144 3980 Potius
1165 3964 1184 3993 ‚
1262 3934 1336 3985 At
1356 3934 1477 4005 quia
1504 3950 1607 3983 non
1634 3942 1776 3983 mam
1800 3950 1849 3981 a.
1874 3928 2051 3989 habes,
2076 3940 2127 3981 et
2152 3946 2267 3979 ma-

173 4005 482 4077 prostitutoe.
505 4006 670 4059 Grion.
1265 4014 1344 4078 lo,
1373 4013 1569 4085 inquit,
1595 4030 1673 4062 ex.
1698 4012 1747 4062 d.
1775 4030 1817 4062 e.
1842 4008 1949 4073 vel,
1978 4022 2035 4061 at
2057 4011 2183 4082 quia
2212 4021 2267 4062 tn

252 4086 304 4139 3.
341 4086 410 4138 Ut
441 4087 498 4139 in
529 4088 722 4159 primo.
760 4087 830 4139 Ut
861 4091 1033 4159 primo
1070 4088 1182 4141 loco
1263 4110 1431 4145 meam
1456 4110 1573 4143 ane.
1600 4089 1764 4141 habes.
1792 4089 2009 4141 Senum.

179 4166 246 4219 sit
288 4186 458 4237 comp.
507 4167 683 4221 AErod.
728 4198 802 4209 --
840 4171 1072 4222 AEtatem
1121 4172 1182 4223 si.
1335 4172 1386 4225 5.
1407 4167 1727 4239 Quidni?ait
1737 4168 1997 4221 civitatem
2010 4179 2141 4220 stare
2159 4184 2265 4218 non

1956 4293 1975 4327 0
