2855 4871
617 423 1467 493 DECLAMATIONEs.
1513 424 1823 493 chxl.
2182 452 2267 519 79

192 552 514 626 divisurus
533 580 704 625 cum
723 552 862 641 his,
887 551 1010 650 qui
1035 578 1179 623 non
1206 551 1539 625 eumdem
1558 551 1895 625 honorem
1920 555 2269 653 supremis

187 668 480 741 defuncti
495 667 754 739 tabulis
769 666 1232 739 habuerunv?
1245 667 1373 739 His
1391 666 1721 768 adjiciam
1730 694 1832 758 ηε,
1847 669 2037 768 quod
2054 668 2267 742 etiam

185 783 430 856 inutilis
462 802 598 874 est,
633 782 906 855 duabus
943 802 1266 880 praeterea
1307 782 1568 855 causis:
1614 810 1783 856 nam
1824 804 1895 855 et
1917 782 2272 882 frugalita-

183 917 314 968 tem
341 924 631 988 eorum,
671 896 794 995 qui
829 896 1162 969 servaturi
1187 918 1390 988 sunt,
1434 897 1849 989 imminuet,
1884 918 1951 970 et
1982 899 2269 971 luxuriae

186 1038 452 1101 eorum,
511 1012 636 1111 qui
680 1018 1168 1113 consumpturi
1219 1031 1417 1101 sunt,
1466 1013 1865 1113 prospiciet:
1910 1042 2034 1087 cur
2078 1015 2267 1087 enim

184 1128 548 1225 quisquam
581 1148 830 1217 servet,
869 1148 1018 1199 tam
1042 1126 1438 1225 perditurus
1467 1127 1691 1201 aliena
1714 1129 2021 1220 luxuria,
2054 1157 2269 1228 quam

182 1242 342 1314 sua?
381 1270 506 1315 cur
545 1242 736 1314 enim
773 1268 918 1313 non
959 1242 1338 1343 quisquam
1374 1243 1747 1316 abutatur?
1792 1245 1961 1317 Haec
2000 1244 2087 1316 de
2126 1246 2273 1347 ipsa

181 1357 322 1459 lege
365 1358 612 1431 dixisse
644 1358 805 1431 satis
837 1380 1011 1450 erat,
1055 1380 1321 1432 remota
1349 1382 1751 1467 temporum
1789 1360 2269 1441 aestimatione:

179 1500 362 1545 nunc
401 1473 768 1546 videamus
809 1474 979 1574 quid
1022 1472 1138 1565 sit,
1188 1494 1470 1573 propter
1510 1474 1700 1573 quod
1742 1496 2064 1580 ponatur.
2110 1478 2276 1559 Fre-

181 1611 462 1687 quentes
511 1590 794 1688 tyranni
837 1610 1048 1661 sunt:
1097 1590 1455 1689 primum,
1503 1617 1719 1688 quarn
1764 1590 2095 1688 iniquum
2132 1612 2271 1681 est,

179 1704 326 1778 ideo
365 1705 564 1804 quod
605 1705 876 1805 aliquos
923 1706 1289 1805 improbos
1317 1706 1610 1798 habeas,
1654 1706 1810 1779 exui
1844 1706 2273 1806 patrimoniis

177 1820 472 1919 paternis
518 1842 731 1921 atque
775 1820 972 1893 avitis
1005 1847 1120 1892 eos
1158 1822 1410 1912 etiam,
1456 1848 1631 1920 quos
1664 1821 1889 1894 bonos
1916 1847 2059 1893 esse
2093 1821 2273 1893 cives

179 1935 553 2009 constabit?
585 1962 752 2008 nam
787 1934 841 2007 si
866 1934 1311 2040 tyrannidem
1340 1934 1708 2033 timemus,
1744 1955 1889 2007 erat
1916 1934 2273 2045 aliquanto

181 2052 432 2152 aequius
467 2052 544 2123 in
579 2077 908 2151 personas
933 2077 1179 2123 eorum
1201 2107 1220 2141 ,
1247 2050 1368 2153 qui
1397 2071 1679 2154 possent
1706 2049 2103 2153 reipublicae
2130 2077 2273 2123 esse

179 2167 464 2267 suspecti
484 2224 504 2257 ,
531 2166 740 2265 dirigi
765 2166 1067 2239 actiones
1085 2223 1104 2256 ‚
1136 2194 1351 2265 quam
1387 2193 1663 2275 poenam
1699 2193 1841 2239 esse
1870 2165 2230 2267 publicam
2254 2224 2274 2257 ‚

180 2302 434 2371 metus»,
471 2303 552 2354 ut
589 2280 864 2373 dicitis,
907 2280 1200 2385 publici.
1243 2281 1526 2388 Adjice,
1565 2282 1757 2391 quod
1799 2309 1887 2354 ne
1925 2281 2277 2385 praecipua

179 2398 455 2496 quidem
509 2426 721 2472 causa
768 2419 871 2473 est
915 2398 1328 2472 affectandae
1379 2400 1807 2499 tyrannidis,
1860 2399 2275 2506 magnitudo

179 2513 610 2586 facultatum.
640 2512 846 2605 Quin
875 2540 956 2586 ex
981 2513 1249 2587 diverso
1281 2515 1547 2588 facilius
1573 2515 1951 2614 aliquando
1978 2542 2277 2618 occupa-

179 2629 392 2702 verint
433 2629 886 2732 tyrannidem
923 2629 1034 2720 hi,
1080 2656 1385 2729 quorum
1429 2631 1643 2702 fracta
1688 2628 1859 2702 ratio
1877 2644 1931 2718 ²,
1968 2656 2273 2733 quorum

183 2743 426 2816 clauda
441 2745 718 2818 fortuna
732 2801 752 2835 ‚
775 2764 841 2816 et
861 2743 990 2843 qui,
1006 2765 1180 2817 stare
1203 2743 1564 2844 republica
1586 2743 1771 2817 salva
1793 2769 1937 2815 non
1960 2763 2271 2843 possunt.

179 2859 445 2932 Deinde
462 2861 633 2933 adeo
663 2887 810 2932 non
835 2859 1164 2933 inhibetis
1194 2859 1319 2932 ista
1349 2888 1419 2933 re
1451 2859 1893 2958 tyrannidem
1916 2916 1935 2950 ,
1962 2881 2043 2932 ut
2065 2859 2121 2930 si
2152 2858 2275 2964 qui

180 2975 250 3047 in
273 2977 538 3049 civitate
565 2997 796 3048 nostra
816 2976 1178 3050 dementes
1201 2999 1364 3050 sunt
1381 3035 1400 3067 ‚
1426 2978 1633 3049 etiam
1659 3003 1945 3049 causam
1969 2975 2274 3050 habituri

179 3091 308 3164 sint
349 3093 762 3167 affectandae
809 3093 1196 3192 tyrannidis
1239 3121 1254 3165 :
1301 3121 1472 3166 nam
1516 3093 1571 3166 si
1616 3092 1775 3193 quis
1824 3092 2271 3191 tyrannidem

179 3231 501 3309 occupat,
547 3231 624 3284 ut
661 3209 890 3282 aliena
923 3209 1108 3284 bona
1143 3209 1524 3310 possideat,
1574 3231 1837 3313 quanto
1871 3207 2153 3282 facilius
2181 3209 2273 3280 ad

180 3325 612 3421 tyrannidem
640 3323 1028 3425 perveniet,
1056 3346 1134 3398 ut
1157 3353 1283 3399 sua
1305 3324 1652 3417 vindicet,
1682 3352 1808 3399 sua
1836 3321 2163 3424 recipiat?

247 3512 569 3566 1.Eumdem
592 3512 840 3572 honorem
865 3513 1172 3574 kal-camut.
1255 3499 1390 3568 bret.
1427 3514 1629 3578 lmen,
1664 3529 1785 3583 eap-
1820 3511 1920 3575 111,
1952 3529 2007 3581 p.
2052 3508 2186 3576 152,
2220 3525 2271 3562 er

176 3591 428 3646 solennis
453 3593 690 3660 locutio,
721 3595 845 3664 quia
875 3593 1179 3665 ignominia
1256 3592 1420 3650 alium
1461 3591 1607 3648 dedit
1642 3593 1683 3646 F
1686 3591 1975 3646 antuniana
2014 3587 2081 3640 de
2120 3589 2275 3642 Anti·

177 3677 370 3744 «pedes
393 3688 510 3731 erat
533 3674 862 3732 exheredari.
882 3676 1016 3730 Vide
1039 3675 1178 3734 Gro-
1257 3675 1390 3744 quit.
1414 3673 1625 3737 Bona,
1646 3670 1739 3726 lib.
1764 3672 1817 3736 1,
1842 3689 1959 3742 cap.
1982 3685 2043 3738 9,
2067 3688 2122 3740 p.
2152 3668 2271 3734 184.

173 3770 294 3806 nov.
331 3756 402 3810 ad
437 3757 622 3810 Seme.
661 3755 728 3809 de
765 3757 962 3828 Trans)
995 3757 1174 3811 Auia.
1254 3756 1334 3810 ha
1347 3753 1545 3824 ἐφείη
1559 3764 1781 3807 uocaui·
1795 3747 2135 3803 exhor-edatio
2146 3745 2185 3798 l.
2208 3747 2271 3811 8,

174 3853 220 3888 e.
245 3855 265 3890 ι
281 3855 332 3900 ις
359 3853 410 3890 et
431 3841 508 3890 ita
530 3857 670 3908 sepe
693 3841 746 3893 iu
769 3841 892 3908 jure
919 3855 1184 3903 romano,
1257 3835 1320 3888 ff.
1347 3833 1416 3886 de
1438 3835 1641 3888 inoffie.
1668 3845 1792 3886 ωσι.
1816 3835 1987 3884 nunu.

169 3936 216 3968 v.
243 3917 276 3970 l.
307 3922 410 3986 ut,
435 3923 487 3987 s.
517 3921 583 3986 3,
611 3920 674 3977 ffi
707 3918 776 3978 de
809 3917 966 3990 legat·
1002 3931 1172 3990 prut-
1329 3931 1379 3965 2.
1417 3913 1605 3966 fracta
1642 3913 1792 3966 mio.
1829 3911 2017 3962 Horat.
2056 3903 2163 3958 Set·
2186 3901 2235 3956 11
2254 3939 2275 3968 ,

167 3995 204 4050 l-
225 4000 292 4064 V,
315 4001 366 4067 5.
391 4000 454 4067 6,
478 3997 600 4052 eod.
627 4013 682 4052 et
704 3997 860 4052 aubia
883 3996 1010 4054 hinc
1041 4016 1186 4069 saepe·
1257 3991 1328 4058 3,.
1357 3991 1422 4044 ιι8
1438 4013 1453 4043 z
1490 3993 1814 4062 oeootquam
1839 3987 2013 4038 omnis
2040 3997 2275 4072 tes-moa

169 4077 222 4132 iu
247 4080 482 4149 antiquus
501 4077 698 4144 titulis,
719 4096 848 4152 quos
876 4087 1186 4138 testamento.
1263 4094 1287 4120 σι
1305 4071 1481 4130 freon
1514 4083 1613 4126 est.
1631 4094 1656 4119 n·
1692 4065 2021 4122 evacuabant
2048 4071 2277 4116 munau

169 4173 286 4213 meo
317 4157 600 4222 bonoad,
621 4155 806 4228 quales
837 4154 1052 4226 collegit
1077 4158 1178 4210 Fa·
1260 4151 1687 4210 etiandicuntur
1706 4147 1775 4200 ad
1796 4149 1933 4202 Petr.
1956 4163 2005 4198 c.
2026 4139 2261 4198 xxxix-
