2855 4871
585 417 1424 484 DECLAMATIONES.
1472 419 1961 489 CCCLXXII.
2197 431 2326 518 479

211 540 559 630 crudelis,
599 541 917 641 judices,
953 568 1166 642 quem
1213 556 1229 586 ¹
1256 542 1444 616 solus
1492 543 1613 616 iste
1662 545 2059 618 carnificem
2092 572 2325 641 vocat,

209 659 478 730 accessi
511 657 660 728 miti
687 657 914 747 vultu;
945 659 1264 730 misertus
1294 686 1454 730 sum
1482 686 1497 729 ε
1526 659 1611 730 ad
1640 687 2031 751 summam,
2056 663 2327 738 alicnus

211 774 501 865 sustuli,
526 783 740 873 quern
773 774 1148 875 projecerat
1169 796 1400 873 pater3
1431 801 1559 846 nec
1590 771 1988 867 contentus,
2026 778 2149 850 filii
2178 778 2327 854 loco

208 887 464 962 habui.
497 890 692 979 Quid
721 889 850 960 hac
885 889 1358 990 indulgentia,
1393 890 1564 987 quid
1602 893 2049 990 profecerim,
2085 898 2331 994 quaeri·

213 1005 353 1077 tis?
387 1005 630 1095 effeci,
670 1031 758 1076 ne
790 1004 1085 1095 deesset,
1117 1005 1237 1102 qui
1275 1005 1577 1104 pulsaret
1605 1033 1843 1079 senem
1872 1035 1886 1079 :
1927 1008 2077 1101 ille,
2113 1037 2327 1110 quem

213 1121 548 1221 praesidio
561 1119 1002 1212 sustuleram,
1018 1119 1158 1212 ille,
1175 1147 1386 1220 quem
1405 1121 1757 1228 vindicem
1775 1124 1983 1196 etiam
2006 1126 2329 1200 adversus

215 1237 494 1310 alienos
514 1263 968 1336 speraveram,
991 1257 1132 1308 tam
1155 1259 1384 1336 aperte
1406 1237 1814 1336 pulsaverat,
1832 1261 1913 1312 ut
1932 1267 2021 1313 ne
2036 1241 2331 1316 inficiari

219 1351 518 1450 quidem
560 1371 806 1450 posset.
840 1350 1144 1439 Stultus,
1185 1351 1429 1424 eadem
1472 1351 1910 1452 indulgentia
1940 1355 2329 1429 etiamnum

219 1466 748 1565 perseverabam
765 1523 787 1556 ,
808 1489 878 1538 et
901 1466 1370 1564 quaerentibus
1396 1467 1671 1554 amicis,
1694 1495 1737 1540 a
1761 1497 1903 1566 quo
1926 1496 2145 1543 essem
2171 1471 2331 1570 pul·-

216 1603 452 1670 satus‚
485 1581 895 1654 mentiebar.
930 1581 1129 1671 Quid
1159 1601 1230 1652 tu
1256 1637 1275 1671 ,
1304 1582 1667 1680 inquiunt,
1698 1605 2074 1682 exspectas,
2108 1585 2331 1659 donec

219 1697 536 1772 occidat?
569 1719 949 1797 rapuerunt
981 1725 1094 1770 me
1119 1699 1190 1793 ir]
1225 1698 1493 1788 fornm3
1524 1699 1977 1773 ostenderunt
1995 1702 2331 1776 verberati

222 1812 366 1884 oris
413 1811 652 1884 notas!
705 1812 832 1884 iste
873 1811 1094 1884 fassus
1131 1831 1228 1884 est
1261 1839 1276 1883 :
1308 1810 1525 1912 judex
1570 1811 1927 1887 damnavit
1960 1841 1976 1885 ε
2026 1817 2333 1890 carnifex

222 1955 486 2000 manus
514 1928 852 2000 abstulit:
895 1926 1080 1998 nihil
1127 1928 1204 2000 in
1249 1925 1374 1998 illo
1398 1927 1669 2028 judicio
1700 1955 1981 2018 meum,
2027 1931 2161 2003 nisi
2198 1931 2333 2004 fle-

223 2065 381 2132 ωε,
420 2043 576 2116 fuit.
625 2045 822 2116 Dum
844 2043 1142 2144 jactatur
1178 2063 1318 2116 tota
1350 2043 1663 2116 civitate²
1695 2044 2180 2142 parricidium,
2221 2047 2335 2118 in-

219 2159 422 2232 venit
459 2159 779 2256 impietas
817 2158 1160 2257 originem
1199 2185 1437 2231 suam:
1472 2186 1601 2248 en,
1640 2181 1717 2231 ut
1750 2160 2034 2250 videtis,
2072 2161 2331 2236 iterum

221 2275 496 2374 pulsat:
525 2276 887 2364 talionem,
925 2275 1184 2374 inquit,
1218 2296 1398 2375 peto.
1423 2275 1621 2366 Quid
1652 2275 1887 2374 agis3?
1914 2277 2335 2350 crudelitatis

223 2389 506 2489 arguis⁹
531 2417 744 2487 quem
773 2390 1016 2463 saltem
1053 2391 1362 2489 pulsavi?
1391 2390 1697 2464 misereri
1724 2390 1910 2466 soleo
1934 2391 2147 2465 etiam
2174 2392 2333 2466 alie-

223 2534 510 2580 norum.
542 2510 690 2607 Ego
715 2528 817 2594 te,
848 2530 1072 2605 quum
1101 2534 1302 2581 meus
1325 2534 1541 2598 esses,
1576 2507 1927 2580 debilitavi
1954 2536 1969 2578 ε
2006 2534 2181 2581 num
2213 2535 2337 2606 per

221 2622 526 2695 vinum?
562 2648 736 2694 num
779 2648 902 2720 per
937 2620 1290 2693 furorem?
1331 2648 1509 2693 num
1546 2621 1801 2693 iratus?
1832 2620 2029 2710 talio,
2063 2621 2333 2721 injuriae

226 2739 406 2810 ultio
432 2760 556 2809 est.
585 2742 660 2809 ln
685 2738 816 2835 hoc
841 2736 1092 2836 scripta
1114 2758 1212 2809 est
1241 2737 1370 2827 lex,
1391 2764 1480 2809 ne
1504 2737 1661 2835 quis
1688 2736 1980 2834 impune
2008 2728 2333 2834 petulans

225 2853 336 2925 sit.
374 2856 528 2923 Hoc
563 2880 724 2951 ergo
759 2852 962 2942 dicis,
1003 2878 1118 2922 me
1147 2852 1402 2950 injuria
1435 2851 1841 2923 abstulisse:
1880 2850 2030 2948 lege
2067 2850 2326 2922 incidi:

227 2994 362 3038 nec
400 2993 557 3065 ego,
606 2966 724 3039 sed
760 2966 1081 3039 carnifex.
1117 2964 1491 3063 Quidquid
1532 2964 1681 3064 lege
1714 2966 1975 3063 factum
2015 2985 2149 3053 est,
2185 2964 2332 3039 vin·

231 3082 448 3154 dicari
483 3084 632 3177 lege
657 3110 798 3153 non
825 3081 1042 3153 ksolet
1065 3109 1082 3153 :
1109 3102 1178 3153 et
1205 3107 1346 3179 qua
1381 3080 1577 3179 lege?
1606 3098 1733 3167 Qm
1770 3100 2061 3152 PATREM
2090 3100 2335 3152 PULSA·

227 3216 478 3269 vntu'r.
508 3196 639 3269 Sed
674 3200 780 3286 tu‘,
813 3184 1078 3294 inquit,
1114 3214 1303 3295 pater
1333 3222 1477 3267 nou
1514 3194 1745 3267 fuisti:
1786 3190 1999 3296 puta⁵
2022 3221 2037 3265 ε
2064 3192 2331 3294 judicia

231 3334 474 3389 tamen
504 3313 786 3415 judiciis
819 3311 1118 3385 rescindi
1147 3338 1290 3384 non
1321 3332 1632 3409 possunt.

313 3518 358 3554 1.
393 3502 558 3571 Quem
589 3500 724 3553 solus
749 3502 856 3554 iste.
888 3502 1048 3570 Quem
1080 3500 1242 3553 scelus
1389 3501 1439 3567 4.
1468 3498 1736 3571 Quidquid
1752 3496 2082 3570 lege-factum
2105 3496 2332 3561 eumin·—

231 3582 358 3643 t'ste,
384 3580 517 3633 Obr.
541 3608 609 3617 -
631 3578 851 3631 Alienus
869 3579 1068 3633 sustuli.
1093 3579 1241 3633 Alie-
1317 3578 1483 3629 dican·
1517 3577 1629 3653 leffe
1661 3596 1767 3629 non
1796 3576 1943 3629 solet.
1975 3577 2059 3629 sic
2089 3576 2325 3627 Declam.

231 3676 363 3711 num
385 3677 424 3710 s.
449 3676 614 3728 marg.
637 3658 817 3711 AErod.
1317 3656 1637 3723 cchvm,
1656 3675 1761 3728 qua
1776 3656 1917 3708 idem
1934 3669 2209 3721 tractatur,
2224 3672 2328 3706 ser-

309 3759 358 3793 2.
404 3742 544 3792 Dum
583 3742 817 3811 jactatur
859 3746 968 3790 tota
1015 3739 1238 3792 civitate.
1320 3756 1408 3789 mo
1446 3739 1661 3808 incipit:
1694 3739 1834 3789 «uie
1868 3736 2178 3790 adolescens
2207 3740 2329 3807 jure

231 3818 392 3871 Ovid.
425 3820 604 3870 Amor.
635 3820 730 3883 111,
759 3834 806 3881 1,
833 3834 890 3869 αι
916 3839 928 3867 :
965 3840 988 3863 a
1007 3816 1239 3883 Fabula,
1328 3842 1350 3866 ι
1370 3818 1611 3872 infirmus
1634 3832 1741 3870 est:
1768 3836 1889 3871 nam
1915 3817 2061 3889 quod
2086 3816 2201 3887 lege
2226 3820 2328 3889 agi-

243 3920 268 3947 ιι
287 3916 389 3951 nec
406 3900 598 3959 sentis,
615 3910 726 3949 tota
734 3899 953 3967 jactaris
969 3898 1023 3947 in
1041 3896 1187 3947 urbe.
1211 3920 1238 3943 ι»
1329 3922 1354 3947 α
1371 3912 1477 3965 tur,
1492 3918 1602 3951 non
1615 3898 1751 3951 solet
1763 3899 2015 3950 vindicari
2028 3898 2161 3969 lege.
2181 3922 2203 3945 ιι
2232 3900 2324 3951 En.

310 3981 361 4033 3.
401 3980 544 4050 Quid
573 3981 698 4051 αφἐ.
739 3978 876 4049 Quid
907 3978 1024 4029 ais?
1059 3976 1241 4029 AErod.
1273 4032 1278 4037 ,
1396 3977 1445 4030 5.
1476 3977 1630 4031 Puta.
1665 3976 1871 4038 Scilicet
1900 3976 1959 4030 id
1985 3994 2167 4031 vorum
2193 3996 2326 4031 esse.

234 4060 358 4114 vid.
385 4060 456 4114 ad
477 4060 630 4117 Ovid.
655 4061 838 4112 Amor.
859 4060 958 4125 111,
981 4075 1043 4127 9,
1068 4060 1154 4127 57.
1323 4060 1505 4112 AEuoo.
