2855 4871
543 397 1379 464 DECLAMATIONES.
1427 398 1957 466 CCCLXVIII.
2169 407 2300 491 47¹·

193 544 354 595 tum
385 541 490 594 est
503 521 706 594 vestis
733 541 801 592 et
824 542 1311 630 ornamentum
1331 521 1360 592 ?
1380 522 1831 595 Matrimonia
1856 543 2021 596 sunt
2042 525 2131 598 ab
2154 525 2304 626 ipsa

197 665 441 712 rerum
468 657 724 710 natura
748 637 1066 711 inventa:
1097 639 1193 710 sic
1217 663 1440 710 marea
1466 639 1749 711 feminis
1772 638 2191 740 junguntur,
2220 663 2303 714 ut

193 753 620 826 imbecillior
647 780 846 826 sexus
875 753 1275 852 praesidium
1311 780 1389 826 ex
1416 775 1665 826 mutua
1686 755 2008 828 societate
2040 777 2299 829 sumat.

195 872 382 942 Puta
413 868 608 940 illam
635 867 895 940 habere
924 888 1193 966 patrem
1209 911 1242 960 ,ι
1263 868 1353 941 ad
1391 895 1607 966 quem
1640 897 1711 944 se
1746 869 2031 970 recipiat
2060 897 2075 943 :
2114 873 2303 944 infa-

197 1005 396 1058 mata
439 997 610 1074 θεῖ’,
662 1009 854 1056 nunc
900 984 1007 1056 bis
1049 983 1262 1056 vidua
1306 1004 1440 1073 est,
1492 983 1819 1057 mendico
1861 1006 2074 1084 patre.
2118 988 2302 1085 Ergo

201 1100 542 1173 maritum
576 1099 824 1199 eripis,
861 1127 1072 1196 quem
1105 1099 1394 1172 tandem
1422 1101 1804 1172 maritum?
1832 1127 2043 1198 quem
2078 1121 2307 1174 tanto-

199 1243 370 1316 pere
393 1215 636 1290 dilexit
648 1271 666 1304 ,
689 1239 766 1287 ut
785 1215 958 1316 patri
981 1217 1353 1316 praeferret.
1373 1217 1607 1289 Potuit
1626 1217 1753 1288 tibi
1772 1217 2303 1290 controversiam

199 1332 434 1404 facere
468 1331 556 1403 de
586 1331 854 1430 nuptiis
873 1329 1053 1432 juris
1082 1331 1226 1421 sui,
1269 1331 1323 1402 si
1361 1332 1453 1405 ad
1488 1331 1841 1430 ingratum
1881 1331 2123 1405 reverti
2154 1332 2305 1405 vel-

205 1444 338 1516 let:
365 1444 541 1542 quid
564 1443 675 1516 his
695 1443 986 1546 objicis?
1002 1448 1302 1535 Patrem,
1329 1446 1584 1545 inquit,
1612 1447 1771 1518 alit:
1793 1473 2097 1538 accusa,
2116 1447 2307 1544 quod

203 1561 615 1634 miseretur:
640 1581 904 1659 patrem
937 1562 1031 1634 ali
1061 1588 1206 1635 non
1238 1563 1471 1635 solum
1496 1584 1786 1662 oportet,
1815 1589 2059 1636 verum
2089 1566 2307 1638 etiam

201 1701 488 1750 necesse
503 1697 623 1748 est.
639 1677 776 1748 Sed
795 1705 930 1766 me,
952 1677 1208 1776 inquit,
1229 1679 1449 1777 perire
1464 1679 1683 1751 voluit
1702 1707 1715 1751 :
1740 1678 1991 1778 ecquid
2010 1680 2305 1777 ignosci-

201 1792 324 1884 tiS,
337 1793 646 1892 judica,
675 1793 732 1866 si
761 1793 970 1866 talem
991 1795 1264 1884 oderat,
1288 1795 1591 1894 quiante
1610 1817 2025 1894 cognoverat
2040 1794 2111 1866 ²?
2137 1821 2305 1868 nam

205 1909 356 1982 haec
398 1910 756 2007 ignoravit.
795 1911 1026 1982 Perire
1072 1911 1290 1984 voluit
1323 1912 1605 2002 merito,
1658 1937 1983 2011 rapueras
2015 1938 2031 1983 :
2081 1912 2191 1984 lex
2238 1933 2305 1985 te

205 2022 601 2114 occidebat,
625 2024 1005 2125 nonhujus
1029 2046 1240 2125 pater.
1263 2026 1399 2098 Sed
1419 2053 1565 2099 non
1590 2025 1891 2099 defendo
1916 2025 2121 2098 illum
2140 2083 2159 2118 ,
2180 2027 2306 2126 qui

203 2165 356 2214 non
385 2140 576 2214 ad‘te
600 2140 809 2215 venit.
838 2143 1190 2216 Peccavit:
1225 2143 1416 2216 idem
1444 2165 1511 2216 te
1534 2153 1679 2216 lion
1706 2163 1927 2242 rogat,
1950 2142 2171 2215 filiam
2196 2169 2311 2215 ro-

207 2278 360 2356 gat,
395 2279 460 2330 te
491 2283 702 2330 uxor:
735 2285 992 2358 nempe
1014 2260 1160 2332 haec
1187 2261 1246 2333 ei
1275 2261 1447 2359 petit
1464 2260 1709 2332 eibum
1740 2260 1923 2349 seni,
1954 2259 2070 2331 cui
2100 2259 2309 2332 alieni

205 2373 616 2474 porrigunt:
654 2400 784 2449 nec
811 2377 1122 2450 multum
1157 2397 1291 2469 est,
1332 2377 1523 2477 quod
1559 2379 1782 2468 detur,
1816 2367 2061 2450 et'haec
2092 2377 2308 2449 mise-
2351 2383 2363 2394 '

207 2492 427 2562 ricors
457 2511 600 2563 est:
635 2490 754 2563 sed
787 2493 1068 2591 expellis
1087 2550 1108 2585 ,
1138 2516 1206 2567 et
1233 2518 1392 2567 cum
1432 2512 1622 2593 patre
1650 2494 2053 2567 mendicare
2084 2493 2305 2590 οοῧίε,
2347 2543 2355 2551 -

208 2632 359 2677 non
388 2632 458 2677 es
487 2605 830 2704 ingratus?
859 2632 1021 2704 ergo
1050 2607 1583 2680 matrimonium
1608 2608 1854 2707 eripis:
1881 2606 2095 2705 quid?
2118 2605 2310 2705 quod

211 2716 794 2793 matrimonium?
810 2718 992 2820 juris
1012 2721 1122 2793 sui
1143 2749 1156 2792 :
1180 2742 1445 2821 poterat
1460 2720 1487 2767 3
1507 2721 1743 2821 injusti
1766 2719 2039 2819 repudii
2058 2744 2261 2818 agere
2287 2747 2304 2789 :⁴

293 2933 338 2967 r.
365 2915 638 2986 Infamata
660 2926 747 2985 ert.
777 2914 860 2967 Al.
889 2912 1100 2988 infirma
1121 2927 1222 2969 m.-
1299 2921 1465 2971 mvii.-
1494 2930 1547 2970 et
1576 2916 1644 2970 ad
1672 2917 1987 2987 marginem:
2014 2914 2245 2988 supple,
2273 2938 2305 2969 a

209 3016 381 3069 marg.
403 2997 585 3049 AErod.
601 2997 744 3049 -Si
765 2998 837 3049 ad
858 2997 1139 3069 irtyratum.
1163 2997 1223 3050 Si
1281 2996 1414 3071 filia
1442 3010 1695 3069 ruptorem
1714 2996 1885 3068 diliqi.
1910 2995 2075 3049 Giton.

207 3078 285 3129 ad
305 3077 502 3151 ingrati
521 3077 736 3129 crunon.
755 3077 979 3129 Senum.
1371 3077 1420 3129 3.
1478 3075 1655 3146 Quid?
1692 3076 1831 3149 quod
1872 3077 2261 3129 matrimonium
2282 3077 2309 3125 Ρ

289 3171 339 3206 2.
362 3154 423 3206 Si
445 3153 603 3206 talem
629 3154 838 3219 oderat,
863 3155 960 3227 qui
983 3164 1106 3205 aare
1132 3168 1222 3206 co-

205 3247 482 3312 ynoverat.
518 3236 602 3289 Sin
639 3248 694 3288 et
727 3234 1036 3287 Thaddaeus.
1071 3236 1224 3287 AEro-

211 3317 368 3371 diue:
404 3334 558 3389 quem
595 3327 718 3369 ante
751 3334 858 3369 non
895 3328 1220 3391 coqnoverat.

214 3398 319 3453 Sed
346 3400 608 3453 sententia
639 3412 734 3450 eet,
761 3399 846 3449 An
879 3414 990 3451 non
1017 3398 1224 3451 videtur

213 3479 370 3533 vobis
385 3492 539 3552 pater
549 3492 709 3551 raptae
721 3482 840 3548 jure
855 3497 1044 3532 exosus
1061 3480 1224 3533 fuisse
1247 3474 1254 3483 ’

215 3557 364 3611 hunc
379 3571 648 3631 raptorem
659 3594 678 3625 ‚
698 3570 752 3610 et
763 3560 950 3610 merito
965 3558 1196 3611 voluisse
1207 3596 1225 3625 ,

216 3654 280 3693 ut
301 3655 452 3713 rapta
479 3652 702 3692 mortem
729 3651 961 3711 optaret,
983 3640 1072 3711 qui
1092 3641 1228 3691 scie-

215 3722 341 3789 bat,
359 3721 504 3774 huuc
531 3736 636 3773 tam
661 3739 824 3792 pravo
850 3738 962 3773 esse
987 3720 1226 3799 ingenio,

219 3820 384 3873 quam
399 3819 540 3852 nunc
557 3798 810 3852 ostendit?
820 3799 1083 3871 Sequitur:
1101 3818 1226 3850 nam

223 3882 334 3935 hoec
356 3883 647 3956 ignoravit.-
682 3880 736 3933 id
765 3895 874 3945 est,
899 3880 1024 3931 huic
1051 3892 1224 3931 tamen

220 3966 382 4017 etiam
403 3962 782 4035 ignoscendum
806 3974 996 4034 raptae:
1025 3961 1228 4013 nescie-

219 4046 317 4099 bat
343 4046 486 4098 enim
515 4058 620 4096 tam
649 4042 772 4094 mali
799 4043 960 4095 moris
985 4042 1228 4093 maritum

223 4148 284 4182 se
303 4140 506 4200 optare.
529 4124 799 4180 AErodius:
827 4143 952 4177 nam
974 4124 1070 4177 hoc
1089 4124 1232 4197 iquo-

1295 3154 1429 3225 y'uris
1457 3156 1536 3207 ειη·
1565 3164 1783 3228 pomat-
1820 3151 1943 3206 Non
1973 3154 2125 3208 aliter
2152 3154 2308 3206 ΛΕΜ-

1301 3234 1438 3287 dius.
1460 3234 1837 3287 Distinetionee
1860 3248 2071 3287 omnem
2090 3232 2310 3285 abolent

1301 3330 1534 3366 sensum.
1576 3314 1856 3365 Reforma=
1898 3311 2308 3365 Matrimonium

1301 3394 1469 3466 eripis.
1498 3392 1636 3464 Quid
1656 3392 1795 3467 quod
1812 3390 2205 3443 matrimonium
2210 3392 2311 3461 ju-

1304 3476 1372 3529 τίς
1388 3476 1501 3528 sui?
1520 3478 1589 3529 Ut
1608 3474 1771 3547 paulo
1794 3485 1942 3525 ante:
1976 3494 1998 3518 ιι
2018 3473 2194 3523 Potuit
2216 3468 2309 3524 tibi

1311 3576 1336 3601 ι
1355 3556 1765 3607 controversiam
1797 3552 1969 3604 facere
2006 3548 2073 3603 de
2108 3550 2312 3622 nuptiis

1313 3635 1485 3707 «juris
1506 3634 1604 3684 sui.
1626 3653 1648 3681 n·
1670 3632 1827 3684 Tales
1847 3644 2025 3697 erant,
2046 3648 2179 3703 quas
2194 3646 2311 3700 rap-

1307 3726 1370 3765 ω
1411 3724 1737 3783 optaverant.
1772 3710 1977 3763 Deinde
1999 3732 2010 3761 ι
2058 3732 2080 3756 ιι
2098 3708 2312 3760 Poterat

1312 3814 1334 3838 a
1353 3792 1535 3863 injusti
1555 3790 1759 3861 repudii
1778 3808 1955 3860 agere:
1972 3788 2145 3841 vellet.
2164 3811 2186 3835 ι
2210 3788 2309 3838 Hic

1307 3887 1398 3927 aut
1426 3870 1761 3937 addendum,
1790 3884 1882 3922 aut
1911 3866 2310 3938 intelligendum

1305 3953 1359 4007 τὰ
1375 3955 1434 4008 si.
1450 3954 1594 4008 Solet
1608 3956 1744 4004 enim
1766 3970 1873 4003 non
1894 3948 2219 4023 ineleganter
2236 3952 2309 4001 sic

1307 4036 1636 4091 dissimulari.
1661 4037 1890 4086 Tantum
1925 4031 2105 4097 abest,
2137 4044 2196 4083 ut
2229 4043 2313 4083 to-

1309 4131 1422 4170 tum
1454 4116 1559 4168 huc
1591 4113 1846 4167 inculcari
1874 4110 2065 4165 debeat
2088 4128 2119 4165 e
2149 4128 2310 4184 eupo-
