<?xml version="1.0" encoding="UTF-8"?>
<!DOCTYPE html PUBLIC "-//W3C//DTD XHTML 1.0 Transitional//EN"
    "http://www.w3.org/TR/xhtml1/DTD/xhtml1-transitional.dtd">
<html xmlns="http://www.w3.org/1999/xhtml" xml:lang="en" lang="en">
 <head>
  <title>
</title>
<meta http-equiv="Content-Type" content="text/html;charset=utf-8" />
  <meta name='ocr-system' content='tesseract 3.04.00' />
  <meta name='ocr-capabilities' content='ocr_page ocr_carea ocr_par ocr_line ocrx_word'/>
</head>
<body>
  <div class='ocr_page' id='page_1' title='image "./marcusfabiusqui06spalgoog_0437.png"; bbox 0 0 2855 4871; ppageno 0'>
   <div class='ocr_carea' id='block_1_1' title="bbox 581 395 706 478">
    <p class='ocr_par' dir='ltr' id='par_1_1' title="bbox 581 395 706 478">
     <span class='ocr_line' id='line_1_1' title="bbox 581 395 706 478; baseline -0.016 -16"><span class='ocrx_word' id='word_1_1' title='bbox 581 395 706 478; x_wconf 72' lang='lat'>432</span> 
     </span>
    </p>
   </div>
   <div class='ocr_carea' id='block_1_2' title="bbox 1081 391 2154 482">
    <p class='ocr_par' dir='ltr' id='par_1_2' title="bbox 1081 391 2154 482">
     <span class='ocr_line' id='line_1_2' title="bbox 1081 391 2154 482; baseline -0.001 -19"><span class='ocrx_word' id='word_1_2' title='bbox 1081 392 1178 463; x_wconf 83' lang='lat' dir='ltr'>M.</span> <span class='ocrx_word' id='word_1_3' title='bbox 1219 392 1479 462; x_wconf 78' lang='lat' dir='ltr'><strong>‘FABH</strong></span> <span class='ocrx_word' id='word_1_4' title='bbox 1522 391 2154 482; x_wconf 73' lang='lat' dir='ltr'>QmN&#39;rtLrANI</span> 
     </span>
    </p>
   </div>
   <div class='ocr_carea' id='block_1_3' title="bbox 575 517 2681 1404">
    <p class='ocr_par' dir='ltr' id='par_1_3' title="bbox 575 517 2681 1404">
     <span class='ocr_line' id='line_1_3' title="bbox 577 517 2675 624; baseline 0 -33"><span class='ocrx_word' id='word_1_5' title='bbox 577 517 792 620; x_wconf 66' lang='lat' dir='ltr'>quid*</span> <span class='ocrx_word' id='word_1_6' title='bbox 844 533 1016 594; x_wconf 83' lang='lat' dir='ltr'>esset</span> <span class='ocrx_word' id='word_1_7' title='bbox 1057 521 1202 594; x_wconf 83' lang='lat' dir='ltr'>haec</span> <span class='ocrx_word' id='word_1_8' title='bbox 1243 522 1511 614; x_wconf 82' lang='lat' dir='ltr'>civitas,</span> <span class='ocrx_word' id='word_1_9' title='bbox 1563 547 1655 593; x_wconf 88' lang='lat' dir='ltr'>an</span> <span class='ocrx_word' id='word_1_10' title='bbox 1709 523 2000 624; x_wconf 87' lang='lat' dir='ltr'>templa,</span> <span class='ocrx_word' id='word_1_11' title='bbox 2046 549 2137 596; x_wconf 81' lang='lat' dir='ltr'>an</span> <span class='ocrx_word' id='word_1_12' title='bbox 2192 521 2675 596; x_wconf 68' lang='lat' dir='ltr'>vetustissimae</span> 
     </span>
     <span class='ocr_line' id='line_1_4' title="bbox 575 635 2679 736; baseline 0.001 -30"><span class='ocrx_word' id='word_1_13' title='bbox 575 635 941 734; x_wconf 80' lang='lat' dir='ltr'>vestigium</span> <span class='ocrx_word' id='word_1_14' title='bbox 983 636 1225 709; x_wconf 84' lang='lat' dir='ltr'>saltem</span> <span class='ocrx_word' id='word_1_15' title='bbox 1259 638 1453 710; x_wconf 89' lang='lat' dir='ltr'>urbis</span> <span class='ocrx_word' id='word_1_16' title='bbox 1500 638 2041 736; x_wconf 77' lang='lat' dir='ltr'>relinqueretur?</span> <span class='ocrx_word' id='word_1_17' title='bbox 2084 665 2175 710; x_wconf 83' lang='lat' dir='ltr'>an</span> <span class='ocrx_word' id='word_1_18' title='bbox 2222 637 2431 710; x_wconf 87' lang='lat' dir='ltr'>liberi</span> <span class='ocrx_word' id='word_1_19' title='bbox 2474 639 2679 709; x_wconf 81' lang='lat' dir='ltr'>vestri</span> 
     </span>
     <span class='ocr_line' id='line_1_5' title="bbox 577 751 2681 856; baseline 0 -33"><span class='ocrx_word' id='word_1_20' title='bbox 577 751 1048 852; x_wconf 77' lang='lat' dir='ltr'>conjugesque</span> <span class='ocrx_word' id='word_1_21' title='bbox 1087 754 1416 827; x_wconf 79' lang='lat' dir='ltr'>traditam</span> <span class='ocrx_word' id='word_1_22' title='bbox 1459 782 1501 826; x_wconf 86' lang='lat' dir='ltr'><strong>a</strong></span> <span class='ocrx_word' id='word_1_23' title='bbox 1540 755 1917 856; x_wconf 84' lang='lat' dir='ltr'>majoribus</span> <span class='ocrx_word' id='word_1_24' title='bbox 1962 781 2085 854; x_wconf 88' lang='lat' dir='ltr'>per</span> <span class='ocrx_word' id='word_1_25' title='bbox 2120 781 2377 827; x_wconf 83' lang='lat' dir='ltr'>manus</span> <span class='ocrx_word' id='word_1_26' title='bbox 2426 753 2507 827; x_wconf 92' lang='lat' dir='ltr'>in</span> <span class='ocrx_word' id='word_1_27' title='bbox 2548 753 2681 824; x_wconf 83' lang='lat' dir='ltr'>hoc</span> 
     </span>
     <span class='ocr_line' id='line_1_6' title="bbox 577 869 2677 972; baseline 0 -33"><span class='ocrx_word' id='word_1_28' title='bbox 577 893 796 968; x_wconf 80' lang='lat' dir='ltr'>nsque</span> <span class='ocrx_word' id='word_1_29' title='bbox 845 890 1121 970; x_wconf 85' lang='lat' dir='ltr'>tempus</span> <span class='ocrx_word' id='word_1_30' title='bbox 1174 870 1562 943; x_wconf 86' lang='lat' dir='ltr'>libertatem</span> <span class='ocrx_word' id='word_1_31' title='bbox 1621 871 1837 944; x_wconf 83' lang='lat' dir='ltr'>semel</span> <span class='ocrx_word' id='word_1_32' title='bbox 1890 871 2302 972; x_wconf 81' lang='lat' dir='ltr'>perderent?</span> <span class='ocrx_word' id='word_1_33' title='bbox 2364 875 2503 942; x_wconf 90' lang='lat' dir='ltr'>Pro</span> <span class='ocrx_word' id='word_1_34' title='bbox 2570 869 2677 941; x_wconf 81' lang='lat' dir='ltr'>his</span> 
     </span>
     <span class='ocr_line' id='line_1_7' title="bbox 577 982 2677 1087; baseline 0.001 -33"><span class='ocrx_word' id='word_1_35' title='bbox 577 982 1116 1058; x_wconf 76' lang='lat' dir='ltr'>animadvertere</span> <span class='ocrx_word' id='word_1_36' title='bbox 1167 986 1241 1058; x_wconf 88' lang='lat' dir='ltr'>in</span> <span class='ocrx_word' id='word_1_37' title='bbox 1289 1013 1549 1087; x_wconf 82' lang='lat' dir='ltr'>paucos</span> <span class='ocrx_word' id='word_1_38' title='bbox 1594 987 1968 1086; x_wconf 78' lang='lat' dir='ltr'>indignum</span> <span class='ocrx_word' id='word_1_39' title='bbox 2020 987 2168 1059; x_wconf 82' lang='lat' dir='ltr'>est?</span> <span class='ocrx_word' id='word_1_40' title='bbox 2222 1009 2293 1058; x_wconf 90' lang='lat' dir='ltr'>et</span> <span class='ocrx_word' id='word_1_41' title='bbox 2338 986 2677 1058; x_wconf 82' lang='lat' dir='ltr'>exercitus</span> 
     </span>
     <span class='ocr_line' id='line_1_8' title="bbox 575 1099 2677 1196; baseline 0 -25"><span class='ocrx_word' id='word_1_42' title='bbox 575 1119 843 1196; x_wconf 84' lang='lat' dir='ltr'>partem</span> <span class='ocrx_word' id='word_1_43' title='bbox 877 1099 1174 1173; x_wconf 85' lang='lat' dir='ltr'><strong>dicimus</strong></span> <span class='ocrx_word' id='word_1_44' title='bbox 1189 1115 1242 1192; x_wconf 83' lang='lat'>²,</span> <span class='ocrx_word' id='word_1_45' title='bbox 1293 1122 1360 1173; x_wconf 91' lang='lat' dir='ltr'>et</span> <span class='ocrx_word' id='word_1_46' title='bbox 1400 1103 1474 1173; x_wconf 92' lang='lat' dir='ltr'>in</span> <span class='ocrx_word' id='word_1_47' title='bbox 1516 1101 1735 1174; x_wconf 84' lang='lat' dir='ltr'>aciem</span> <span class='ocrx_word' id='word_1_48' title='bbox 1782 1102 2004 1174; x_wconf 88' lang='lat' dir='ltr'>ductis</span> <span class='ocrx_word' id='word_1_49' title='bbox 2054 1101 2443 1191; x_wconf 71' lang='lat' dir='ltr'>militibuS‚</span> <span class='ocrx_word' id='word_1_50' title='bbox 2490 1121 2677 1172; x_wconf 82' lang='lat' dir='ltr'>certe</span> 
     </span>
     <span class='ocr_line' id='line_1_9' title="bbox 577 1214 2673 1316; baseline -0 -31"><span class='ocrx_word' id='word_1_51' title='bbox 577 1214 1066 1289; x_wconf 85' lang='lat' dir='ltr'>innocentibus</span> <span class='ocrx_word' id='word_1_52' title='bbox 1080 1215 1135 1308; x_wconf 57' lang='grc' dir='ltr'>’ζ</span> <span class='ocrx_word' id='word_1_53' title='bbox 1159 1217 1471 1289; x_wconf 89' lang='lat' dir='ltr'>multum</span> <span class='ocrx_word' id='word_1_54' title='bbox 1491 1218 1855 1316; x_wconf 76' lang='lat' dir='ltr'>contigisse</span> <span class='ocrx_word' id='word_1_55' title='bbox 1876 1216 2285 1316; x_wconf 85' lang='lat' dir='ltr'>imperatori</span> <span class='ocrx_word' id='word_1_56' title='bbox 2302 1215 2673 1300; x_wconf 87' lang='lat' dir='ltr'>videretur,</span> 
     </span>
     <span class='ocr_line' id='line_1_10' title="bbox 577 1329 2677 1404; baseline 0 -4"><span class='ocrx_word' id='word_1_57' title='bbox 577 1329 841 1402; x_wconf 87' lang='lat' dir='ltr'>etiamsi</span> <span class='ocrx_word' id='word_1_58' title='bbox 878 1357 1020 1404; x_wconf 90' lang='lat' dir='ltr'>non</span> <span class='ocrx_word' id='word_1_59' title='bbox 1056 1332 1497 1404; x_wconf 81' lang='lat' dir='ltr'>incruentam</span> <span class='ocrx_word' id='word_1_60' title='bbox 1524 1331 1881 1404; x_wconf 85' lang='lat' dir='ltr'>victoriam</span> <span class='ocrx_word' id='word_1_61' title='bbox 1917 1331 2183 1403; x_wconf 88' lang='lat' dir='ltr'>referat.</span> <span class='ocrx_word' id='word_1_62' title='bbox 2224 1333 2364 1401; x_wconf 91' lang='lat' dir='ltr'>Pro</span> <span class='ocrx_word' id='word_1_63' title='bbox 2398 1329 2533 1402; x_wconf 81' lang='lat' dir='ltr'>hac</span> <span class='ocrx_word' id='word_1_64' title='bbox 2568 1355 2677 1401; x_wconf 85' lang='lat' dir='ltr'>se-</span> 
     </span>
    </p>
   </div>
   <div class='ocr_carea' id='block_1_4' title="bbox 571 1491 1585 2358">
    <p class='ocr_par' dir='ltr' id='par_1_4' title="bbox 575 1491 1577 1643">
     <span class='ocr_line' id='line_1_11' title="bbox 653 1491 1577 1564; baseline 0.003 -23"><span class='ocrx_word' id='word_1_65' title='bbox 653 1507 696 1542; x_wconf 91' lang='lat' dir='ltr'>t.</span> <span class='ocrx_word' id='word_1_66' title='bbox 726 1491 814 1544; x_wconf 85' lang='lat' dir='ltr'>An</span> <span class='ocrx_word' id='word_1_67' title='bbox 841 1492 1061 1564; x_wconf 79' lang='lat' dir='ltr'>aliquid.</span> <span class='ocrx_word' id='word_1_68' title='bbox 1085 1491 1218 1544; x_wconf 82' lang='lat' dir='ltr'>Vide</span> <span class='ocrx_word' id='word_1_69' title='bbox 1252 1491 1322 1544; x_wconf 76' lang='lat' dir='ltr'>ad</span> <span class='ocrx_word' id='word_1_70' title='bbox 1353 1493 1577 1544; x_wconf 88' lang='lat' dir='ltr'>Prooem.</span> 
     </span>
     <span class='ocr_line' id='line_1_12' title="bbox 575 1571 1060 1643; baseline 0.006 -21"><span class='ocrx_word' id='word_1_71' title='bbox 575 1571 700 1624; x_wconf 83' lang='lat' dir='ltr'>lust.</span> <span class='ocrx_word' id='word_1_72' title='bbox 727 1575 873 1628; x_wconf 79' lang='lat' dir='ltr'>Orat.</span> <span class='ocrx_word' id='word_1_73' title='bbox 905 1577 951 1643; x_wconf 68' lang='lat' dir='ltr'>s.</span> <span class='ocrx_word' id='word_1_74' title='bbox 977 1592 1060 1628; x_wconf 83' lang='lat'>20.</span> 
     </span>
    </p>

    <p class='ocr_par' dir='ltr' id='par_1_5' title="bbox 571 1655 1585 2358">
     <span class='ocr_line' id='line_1_13' title="bbox 647 1655 1575 1729; baseline 0.004 -25"><span class='ocrx_word' id='word_1_75' title='bbox 647 1669 694 1704; x_wconf 83' lang='lat'>2.</span> <span class='ocrx_word' id='word_1_76' title='bbox 730 1656 802 1708; x_wconf 85' lang='lat' dir='ltr'>Et</span> <span class='ocrx_word' id='word_1_77' title='bbox 834 1657 1080 1710; x_wconf 71' lang='lat' dir='ltr'>exercitus</span> <span class='ocrx_word' id='word_1_78' title='bbox 1105 1667 1312 1729; x_wconf 85' lang='lat' dir='ltr'>partem</span> <span class='ocrx_word' id='word_1_79' title='bbox 1341 1655 1575 1708; x_wconf 83' lang='lat' dir='ltr'>dicimus.</span> 
     </span>
     <span class='ocr_line' id='line_1_14' title="bbox 573 1728 1581 1804; baseline 0.004 -23"><span class='ocrx_word' id='word_1_80' title='bbox 573 1728 793 1784; x_wconf 81' lang='lat' dir='ltr'>Videtur</span> <span class='ocrx_word' id='word_1_81' title='bbox 811 1733 1119 1804; x_wconf 75' lang='lat' dir='ltr'>legendum,</span> <span class='ocrx_word' id='word_1_82' title='bbox 1135 1745 1188 1786; x_wconf 86' lang='lat' dir='ltr'>et</span> <span class='ocrx_word' id='word_1_83' title='bbox 1197 1735 1449 1787; x_wconf 79' lang='lat' dir='ltr'>exercitus</span> <span class='ocrx_word' id='word_1_84' title='bbox 1462 1751 1581 1804; x_wconf 85' lang='lat' dir='ltr'>par-</span> 
     </span>
     <span class='ocr_line' id='line_1_15' title="bbox 574 1811 1585 1884; baseline 0.002 -22"><span class='ocrx_word' id='word_1_85' title='bbox 574 1819 674 1862; x_wconf 73' lang='lat' dir='ltr'>tem</span> <span class='ocrx_word' id='word_1_86' title='bbox 709 1811 944 1866; x_wconf 76' lang='lat' dir='ltr'>ducimus</span> <span class='ocrx_word' id='word_1_87' title='bbox 979 1811 1108 1883; x_wconf 77' lang='lat' dir='ltr'>(seu</span> <span class='ocrx_word' id='word_1_88' title='bbox 1144 1813 1499 1884; x_wconf 78' lang='lat' dir='ltr'>decimamus)</span> <span class='ocrx_word' id='word_1_89' title='bbox 1530 1821 1585 1864; x_wconf 76' lang='lat' dir='ltr'>et</span> 
     </span>
     <span class='ocr_line' id='line_1_16' title="bbox 573 1890 1583 1945; baseline 0.002 -3"><span class='ocrx_word' id='word_1_90' title='bbox 573 1892 630 1942; x_wconf 90' lang='lat' dir='ltr'>in</span> <span class='ocrx_word' id='word_1_91' title='bbox 648 1890 812 1942; x_wconf 88' lang='lat' dir='ltr'>aciem</span> <span class='ocrx_word' id='word_1_92' title='bbox 830 1892 996 1945; x_wconf 76' lang='lat' dir='ltr'>ductis</span> <span class='ocrx_word' id='word_1_93' title='bbox 1012 1891 1266 1945; x_wconf 74' lang='lat' dir='ltr'>militibus</span> <span class='ocrx_word' id='word_1_94' title='bbox 1283 1903 1416 1944; x_wconf 83' lang='lat' dir='ltr'>certe</span> <span class='ocrx_word' id='word_1_95' title='bbox 1430 1892 1583 1944; x_wconf 85' lang='lat' dir='ltr'>inno-</span> 
     </span>
     <span class='ocr_line' id='line_1_17' title="bbox 571 1968 1582 2043; baseline 0.002 -25"><span class='ocrx_word' id='word_1_96' title='bbox 571 1969 799 2022; x_wconf 78' lang='lat' dir='ltr'>centibus</span> <span class='ocrx_word' id='word_1_97' title='bbox 817 1968 1048 2022; x_wconf 82' lang='lat' dir='ltr'>muleum</span> <span class='ocrx_word' id='word_1_98' title='bbox 1069 1971 1337 2043; x_wconf 68' lang='lat' dir='ltr'>contigisse</span> <span class='ocrx_word' id='word_1_99' title='bbox 1358 1971 1582 2043; x_wconf 79' lang='lat' dir='ltr'>impera·</span> 
     </span>
     <span class='ocr_line' id='line_1_18' title="bbox 575 2048 1581 2116; baseline 0.002 -18"><span class='ocrx_word' id='word_1_100' title='bbox 575 2049 674 2099; x_wconf 82' lang='lat' dir='ltr'>tori</span> <span class='ocrx_word' id='word_1_101' title='bbox 715 2048 933 2116; x_wconf 81' lang='lat' dir='ltr'>videtur,</span> <span class='ocrx_word' id='word_1_102' title='bbox 975 2049 1018 2102; x_wconf 89' lang='lat' dir='ltr'>si</span> <span class='ocrx_word' id='word_1_103' title='bbox 1057 2051 1217 2102; x_wconf 86' lang='lat' dir='ltr'>etiam</span> <span class='ocrx_word' id='word_1_104' title='bbox 1255 2050 1581 2101; x_wconf 73' lang='lat' dir='ltr'>incruentam</span> 
     </span>
     <span class='ocr_line' id='line_1_19' title="bbox 573 2129 1583 2199; baseline 0.002 -20"><span class='ocrx_word' id='word_1_105' title='bbox 573 2129 840 2181; x_wconf 85' lang='lat' dir='ltr'>victoriam</span> <span class='ocrx_word' id='word_1_106' title='bbox 863 2129 1068 2199; x_wconf 76' lang='lat' dir='ltr'>referat.</span> <span class='ocrx_word' id='word_1_107' title='bbox 1093 2132 1240 2182; x_wconf 82' lang='lat' dir='ltr'>Prrn.</span> <span class='ocrx_word' id='word_1_108' title='bbox 1265 2129 1467 2182; x_wconf 79' lang='lat' dir='ltr'>Multos</span> <span class='ocrx_word' id='word_1_109' title='bbox 1490 2129 1583 2181; x_wconf 83' lang='lat' dir='ltr'>ad-</span> 
     </span>
     <span class='ocr_line' id='line_1_20' title="bbox 571 2205 1583 2278; baseline 0.005 -21"><span class='ocrx_word' id='word_1_110' title='bbox 571 2205 680 2259; x_wconf 85' lang='lat' dir='ltr'>huc</span> <span class='ocrx_word' id='word_1_111' title='bbox 705 2208 977 2278; x_wconf 83' lang='lat' dir='ltr'>torquebit</span> <span class='ocrx_word' id='word_1_112' title='bbox 1001 2209 1088 2261; x_wconf 88' lang='lat' dir='ltr'>hic</span> <span class='ocrx_word' id='word_1_113' title='bbox 1111 2209 1292 2276; x_wconf 80' lang='lat' dir='ltr'>locus,</span> <span class='ocrx_word' id='word_1_114' title='bbox 1313 2213 1355 2262; x_wconf 82' lang='lat' dir='ltr'>si</span> <span class='ocrx_word' id='word_1_115' title='bbox 1374 2211 1583 2262; x_wconf 83' lang='lat' dir='ltr'>restitu-</span> 
     </span>
     <span class='ocr_line' id='line_1_21' title="bbox 575 2287 1581 2358; baseline 0.005 -21"><span class='ocrx_word' id='word_1_116' title='bbox 575 2287 650 2338; x_wconf 85' lang='lat' dir='ltr'>tio</span> <span class='ocrx_word' id='word_1_117' title='bbox 687 2301 866 2339; x_wconf 79' lang='lat' dir='ltr'>nostra</span> <span class='ocrx_word' id='word_1_118' title='bbox 903 2307 1014 2340; x_wconf 87' lang='lat' dir='ltr'>non</span> <span class='ocrx_word' id='word_1_119' title='bbox 1050 2287 1276 2358; x_wconf 72' lang='lat' dir='ltr'>placeat.</span> <span class='ocrx_word' id='word_1_120' title='bbox 1315 2291 1581 2342; x_wconf 79' lang='lat' dir='ltr'>Decimari</span> 
     </span>
    </p>
   </div>
   <div class='ocr_carea' id='block_1_5' title="bbox 455 2367 1581 2443">
    <p class='ocr_par' dir='ltr' id='par_1_6' title="bbox 455 2367 1581 2443">
     <span class='ocr_line' id='line_1_22' title="bbox 455 2367 1581 2443; baseline 0.004 -27"><span class='ocrx_word' id='word_1_121' title='bbox 455 2409 470 2424; x_wconf 76' lang='grc'><strong>.</strong></span> <span class='ocrx_word' id='word_1_122' title='bbox 573 2384 699 2420; x_wconf 72' lang='lat' dir='ltr'>vero</span> <span class='ocrx_word' id='word_1_123' title='bbox 724 2367 850 2420; x_wconf 86' lang='lat' dir='ltr'>olim</span> <span class='ocrx_word' id='word_1_124' title='bbox 869 2369 1189 2434; x_wconf 83' lang='lat' dir='ltr'>exercitum,</span> <span class='ocrx_word' id='word_1_125' title='bbox 1212 2387 1369 2420; x_wconf 86' lang='lat' dir='ltr'>nemo</span> <span class='ocrx_word' id='word_1_126' title='bbox 1389 2384 1469 2422; x_wconf 78' lang='lat' dir='ltr'>est</span> <span class='ocrx_word' id='word_1_127' title='bbox 1488 2371 1581 2443; x_wconf 86' lang='lat' dir='ltr'>qui</span> 
     </span>
    </p>
   </div>
   <div class='ocr_carea' id='block_1_6' title="bbox 573 2446 1582 4187">
    <p class='ocr_par' dir='ltr' id='par_1_7' title="bbox 573 2446 1582 4187">
     <span class='ocr_line' id='line_1_23' title="bbox 573 2446 1577 2517; baseline 0.004 -20"><span class='ocrx_word' id='word_1_128' title='bbox 573 2448 797 2517; x_wconf 76' lang='lat' dir='ltr'>ignoret.</span> <span class='ocrx_word' id='word_1_129' title='bbox 808 2446 944 2499; x_wconf 83' lang='lat' dir='ltr'>vide</span> <span class='ocrx_word' id='word_1_130' title='bbox 959 2446 1092 2499; x_wconf 86' lang='lat' dir='ltr'>Plut.</span> <span class='ocrx_word' id='word_1_131' title='bbox 1110 2450 1164 2500; x_wconf 87' lang='lat' dir='ltr'>in</span> <span class='ocrx_word' id='word_1_132' title='bbox 1176 2450 1281 2500; x_wconf 78' lang='lat' dir='ltr'>vita</span> <span class='ocrx_word' id='word_1_133' title='bbox 1295 2450 1368 2500; x_wconf 89' lang='lat' dir='ltr'>M.</span> <span class='ocrx_word' id='word_1_134' title='bbox 1385 2452 1577 2504; x_wconf 76' lang='lat' dir='ltr'>Crassi.</span> 
     </span>
     <span class='ocr_line' id='line_1_24' title="bbox 573 2526 1575 2603; baseline 0.004 -24"><span class='ocrx_word' id='word_1_135' title='bbox 573 2526 760 2580; x_wconf 88' lang='lat' dir='ltr'>Cicero</span> <span class='ocrx_word' id='word_1_136' title='bbox 774 2548 873 2601; x_wconf 85' lang='lat' dir='ltr'>pro</span> <span class='ocrx_word' id='word_1_137' title='bbox 889 2528 1028 2582; x_wconf 80' lang='lat' dir='ltr'>Aulo</span> <span class='ocrx_word' id='word_1_138' title='bbox 1043 2528 1290 2582; x_wconf 89' lang='lat' dir='ltr'>Cluentio</span> <span class='ocrx_word' id='word_1_139' title='bbox 1301 2569 1318 2597; x_wconf 87' lang='lat'><strong>‚</strong></span> <span class='ocrx_word' id='word_1_140' title='bbox 1338 2550 1454 2603; x_wconf 80' lang='lat' dir='ltr'>cap.</span> <span class='ocrx_word' id='word_1_141' title='bbox 1480 2531 1575 2598; x_wconf 70' lang='lat'>46:</span> 
     </span>
     <span class='ocr_line' id='line_1_25' title="bbox 579 2606 1581 2678; baseline 0 -17"><span class='ocrx_word' id='word_1_142' title='bbox 579 2631 604 2654; x_wconf 73' lang='grc' dir='ltr'>ι</span> <span class='ocrx_word' id='word_1_143' title='bbox 621 2606 931 2661; x_wconf 76' lang='lat' dir='ltr'>statuerunt</span> <span class='ocrx_word' id='word_1_144' title='bbox 951 2610 1024 2661; x_wconf 78' lang='lat' dir='ltr'>ita</span> <span class='ocrx_word' id='word_1_145' title='bbox 1044 2610 1276 2678; x_wconf 72' lang='lat' dir='ltr'>majores</span> <span class='ocrx_word' id='word_1_146' title='bbox 1301 2612 1495 2677; x_wconf 78' lang='lat' dir='ltr'>nostri,</span> <span class='ocrx_word' id='word_1_147' title='bbox 1518 2624 1581 2661; x_wconf 89' lang='lat' dir='ltr'>ut</span> 
     </span>
     <span class='ocr_line' id='line_1_26' title="bbox 579 2688 1579 2759; baseline 0.004 -22"><span class='ocrx_word' id='word_1_148' title='bbox 579 2710 600 2733; x_wconf 73' lang='grc' dir='ltr'><strong><em>κ</em></strong></span> <span class='ocrx_word' id='word_1_149' title='bbox 622 2688 666 2738; x_wconf 80' lang='lat' dir='ltr'>si</span> <span class='ocrx_word' id='word_1_150' title='bbox 689 2706 718 2739; x_wconf 84' lang='lat' dir='ltr'>a</span> <span class='ocrx_word' id='word_1_151' title='bbox 745 2688 922 2740; x_wconf 76' lang='lat' dir='ltr'>multis</span> <span class='ocrx_word' id='word_1_152' title='bbox 943 2704 1082 2741; x_wconf 76' lang='lat' dir='ltr'>esset</span> <span class='ocrx_word' id='word_1_153' title='bbox 1104 2688 1358 2759; x_wconf 77' lang='lat' dir='ltr'>flagitium</span> <span class='ocrx_word' id='word_1_154' title='bbox 1377 2692 1455 2741; x_wconf 88' lang='lat' dir='ltr'>rei</span> <span class='ocrx_word' id='word_1_155' title='bbox 1478 2692 1579 2741; x_wconf 85' lang='lat' dir='ltr'>mi-</span> 
     </span>
     <span class='ocr_line' id='line_1_27' title="bbox 579 2766 1579 2835; baseline 0.004 -18"><span class='ocrx_word' id='word_1_156' title='bbox 579 2788 604 2811; x_wconf 74' lang='grc' dir='ltr'><strong>κ</strong></span> <span class='ocrx_word' id='word_1_157' title='bbox 619 2766 782 2819; x_wconf 69' lang='lat' dir='ltr'>lituris</span> <span class='ocrx_word' id='word_1_158' title='bbox 828 2768 1115 2821; x_wconf 72' lang='lat' dir='ltr'>admissum</span> <span class='ocrx_word' id='word_1_159' title='bbox 1136 2806 1153 2835; x_wconf 93' lang='lat'>,</span> <span class='ocrx_word' id='word_1_160' title='bbox 1197 2772 1477 2822; x_wconf 80' lang='lat' dir='ltr'>sortitione</span> <span class='ocrx_word' id='word_1_161' title='bbox 1522 2772 1579 2821; x_wconf 88' lang='lat' dir='ltr'>in</span> 
     </span>
     <span class='ocr_line' id='line_1_28' title="bbox 579 2846 1581 2917; baseline 0.006 -21"><span class='ocrx_word' id='word_1_162' title='bbox 579 2868 600 2891; x_wconf 78' lang='grc' dir='ltr'>ιι</span> <span class='ocrx_word' id='word_1_163' title='bbox 621 2846 883 2917; x_wconf 75' lang='lat' dir='ltr'>quosdam</span> <span class='ocrx_word' id='word_1_164' title='bbox 931 2847 1469 2911; x_wconf 73' lang='lat' dir='ltr'>animadverteretur3</span> <span class='ocrx_word' id='word_1_165' title='bbox 1519 2863 1581 2903; x_wconf 90' lang='lat' dir='ltr'>ut</span> 
     </span>
     <span class='ocr_line' id='line_1_29' title="bbox 577 2924 1578 2999; baseline 0.008 -27"><span class='ocrx_word' id='word_1_166' title='bbox 577 2944 600 2967; x_wconf 72' lang='lat' dir='ltr'><em>a</em></span> <span class='ocrx_word' id='word_1_167' title='bbox 621 2936 790 2975; x_wconf 83' lang='lat' dir='ltr'>metus</span> <span class='ocrx_word' id='word_1_168' title='bbox 813 2924 1056 2977; x_wconf 77' lang='lat' dir='ltr'>videlieet</span> <span class='ocrx_word' id='word_1_169' title='bbox 1081 2926 1147 2978; x_wconf 79' lang='lat' dir='ltr'>ad</span> <span class='ocrx_word' id='word_1_170' title='bbox 1174 2946 1358 2980; x_wconf 81' lang='lat' dir='ltr'>omnes</span> <span class='ocrx_word' id='word_1_171' title='bbox 1374 2966 1391 2995; x_wconf 90' lang='lat'>,</span> <span class='ocrx_word' id='word_1_172' title='bbox 1417 2947 1578 2999; x_wconf 77' lang='lat' dir='ltr'>poena</span> 
     </span>
     <span class='ocr_line' id='line_1_30' title="bbox 577 2998 1578 3073; baseline 0.008 -23"><span class='ocrx_word' id='word_1_173' title='bbox 577 3022 598 3044; x_wconf 72' lang='lat' dir='ltr'><em>a</em></span> <span class='ocrx_word' id='word_1_174' title='bbox 621 2998 690 3051; x_wconf 79' lang='lat' dir='ltr'>ad</span> <span class='ocrx_word' id='word_1_175' title='bbox 703 3018 904 3071; x_wconf 76' lang='lat' dir='ltr'>paucos</span> <span class='ocrx_word' id='word_1_176' title='bbox 919 3008 1234 3073; x_wconf 83' lang='lat' dir='ltr'>perveniret.</span> <span class='ocrx_word' id='word_1_177' title='bbox 1249 3008 1386 3058; x_wconf 79' lang='lat' dir='ltr'>Nam</span> <span class='ocrx_word' id='word_1_178' title='bbox 1399 3006 1551 3059; x_wconf 82' lang='lat' dir='ltr'>miles</span> <span class='ocrx_word' id='word_1_179' title='bbox 1561 3045 1578 3073; x_wconf 94' lang='lat'>,</span> 
     </span>
     <span class='ocr_line' id='line_1_31' title="bbox 579 3081 1580 3158; baseline 0.011 -29"><span class='ocrx_word' id='word_1_180' title='bbox 579 3102 599 3124; x_wconf 79' lang='grc' dir='ltr'>κ</span> <span class='ocrx_word' id='word_1_181' title='bbox 621 3084 714 3151; x_wconf 89' lang='lat' dir='ltr'>qui</span> <span class='ocrx_word' id='word_1_182' title='bbox 745 3081 924 3134; x_wconf 86' lang='lat' dir='ltr'>locum</span> <span class='ocrx_word' id='word_1_183' title='bbox 955 3104 1066 3137; x_wconf 87' lang='lat' dir='ltr'>non</span> <span class='ocrx_word' id='word_1_184' title='bbox 1101 3090 1299 3153; x_wconf 88' lang='lat' dir='ltr'>tenuit,</span> <span class='ocrx_word' id='word_1_185' title='bbox 1325 3090 1416 3158; x_wconf 87' lang='lat' dir='ltr'>qui</span> <span class='ocrx_word' id='word_1_186' title='bbox 1451 3088 1580 3140; x_wconf 78' lang='lat' dir='ltr'>hos-</span> 
     </span>
     <span class='ocr_line' id='line_1_32' title="bbox 579 3159 1578 3237; baseline 0.012 -30"><span class='ocrx_word' id='word_1_187' title='bbox 579 3178 600 3202; x_wconf 75' lang='lat'>«</span> <span class='ocrx_word' id='word_1_188' title='bbox 621 3159 750 3209; x_wconf 88' lang='lat' dir='ltr'>tium</span> <span class='ocrx_word' id='word_1_189' title='bbox 774 3160 1028 3232; x_wconf 81' lang='lat' dir='ltr'>impetum</span> <span class='ocrx_word' id='word_1_190' title='bbox 1045 3166 1255 3237; x_wconf 83' lang='lat' dir='ltr'>vimque</span> <span class='ocrx_word' id='word_1_191' title='bbox 1277 3168 1578 3236; x_wconf 78' lang='lat' dir='ltr'>pertimuit,</span> 
     </span>
     <span class='ocr_line' id='line_1_33' title="bbox 578 3242 1581 3315; baseline 0.015 -31"><span class='ocrx_word' id='word_1_192' title='bbox 578 3260 600 3283; x_wconf 73' lang='grc' dir='ltr'>ι</span> <span class='ocrx_word' id='word_1_193' title='bbox 620 3250 798 3307; x_wconf 79' lang='lat' dir='ltr'>potest</span> <span class='ocrx_word' id='word_1_194' title='bbox 829 3242 966 3293; x_wconf 85' lang='lat' dir='ltr'>idem</span> <span class='ocrx_word' id='word_1_195' title='bbox 994 3256 1184 3315; x_wconf 76' lang='lat' dir='ltr'>postea</span> <span class='ocrx_word' id='word_1_196' title='bbox 1211 3260 1264 3298; x_wconf 86' lang='lat' dir='ltr'>et</span> <span class='ocrx_word' id='word_1_197' title='bbox 1291 3246 1438 3298; x_wconf 81' lang='lat' dir='ltr'>miles</span> <span class='ocrx_word' id='word_1_198' title='bbox 1467 3266 1581 3299; x_wconf 79' lang='lat' dir='ltr'>esse</span> 
     </span>
     <span class='ocr_line' id='line_1_34' title="bbox 581 3316 1581 3387; baseline 0.007 -19"><span class='ocrx_word' id='word_1_199' title='bbox 581 3340 602 3363; x_wconf 81' lang='grc' dir='ltr'>ιι</span> <span class='ocrx_word' id='word_1_200' title='bbox 621 3316 828 3383; x_wconf 81' lang='lat' dir='ltr'>melior,</span> <span class='ocrx_word' id='word_1_201' title='bbox 853 3332 904 3370; x_wconf 92' lang='lat' dir='ltr'>et</span> <span class='ocrx_word' id='word_1_202' title='bbox 929 3322 1006 3372; x_wconf 80' lang='lat' dir='ltr'>vir</span> <span class='ocrx_word' id='word_1_203' title='bbox 1026 3320 1229 3387; x_wconf 82' lang='lat' dir='ltr'>bonus,</span> <span class='ocrx_word' id='word_1_204' title='bbox 1252 3338 1301 3373; x_wconf 90' lang='lat' dir='ltr'>et</span> <span class='ocrx_word' id='word_1_205' title='bbox 1327 3326 1453 3375; x_wconf 78' lang='lat' dir='ltr'>civis</span> <span class='ocrx_word' id='word_1_206' title='bbox 1478 3326 1581 3374; x_wconf 87' lang='lat' dir='ltr'>uti-</span> 
     </span>
     <span class='ocr_line' id='line_1_35' title="bbox 579 3396 1581 3473; baseline 0.005 -25"><span class='ocrx_word' id='word_1_207' title='bbox 579 3418 599 3443; x_wconf 79' lang='lat'><strong>·</strong></span> <span class='ocrx_word' id='word_1_208' title='bbox 621 3396 702 3449; x_wconf 75' lang='lat' dir='ltr'>lis.</span> <span class='ocrx_word' id='word_1_209' title='bbox 723 3399 900 3465; x_wconf 80' lang='lat' dir='ltr'>Quare</span> <span class='ocrx_word' id='word_1_210' title='bbox 915 3418 980 3452; x_wconf 86' lang='lat' dir='ltr'>ne</span> <span class='ocrx_word' id='word_1_211' title='bbox 992 3401 1046 3450; x_wconf 88' lang='lat' dir='ltr'>in</span> <span class='ocrx_word' id='word_1_212' title='bbox 1063 3400 1205 3453; x_wconf 84' lang='lat' dir='ltr'>bello</span> <span class='ocrx_word' id='word_1_213' title='bbox 1219 3415 1441 3473; x_wconf 86' lang='lat' dir='ltr'>propter</span> <span class='ocrx_word' id='word_1_214' title='bbox 1454 3402 1581 3453; x_wconf 83' lang='lat' dir='ltr'>hos—</span> 
     </span>
     <span class='ocr_line' id='line_1_36' title="bbox 581 3478 1581 3551; baseline 0.005 -26"><span class='ocrx_word' id='word_1_215' title='bbox 581 3496 601 3521; x_wconf 79' lang='lat'><strong>·</strong></span> <span class='ocrx_word' id='word_1_216' title='bbox 624 3478 753 3527; x_wconf 85' lang='lat' dir='ltr'>tium</span> <span class='ocrx_word' id='word_1_217' title='bbox 769 3492 964 3529; x_wconf 86' lang='lat' dir='ltr'>metum</span> <span class='ocrx_word' id='word_1_218' title='bbox 981 3478 1311 3550; x_wconf 84' lang='lat' dir='ltr'>delinqueret</span> <span class='ocrx_word' id='word_1_219' title='bbox 1323 3519 1338 3545; x_wconf 92' lang='lat'>,</span> <span class='ocrx_word' id='word_1_220' title='bbox 1355 3480 1581 3551; x_wconf 84' lang='lat' dir='ltr'>amplior</span> 
     </span>
     <span class='ocr_line' id='line_1_37' title="bbox 579 3557 1575 3631; baseline 0.004 -27"><span class='ocrx_word' id='word_1_221' title='bbox 579 3576 602 3602; x_wconf 77' lang='grc' dir='ltr'>ιι</span> <span class='ocrx_word' id='word_1_222' title='bbox 623 3557 672 3606; x_wconf 81' lang='lat' dir='ltr'>ei</span> <span class='ocrx_word' id='word_1_223' title='bbox 694 3560 877 3609; x_wconf 79' lang='lat' dir='ltr'>mortis</span> <span class='ocrx_word' id='word_1_224' title='bbox 903 3571 954 3609; x_wconf 86' lang='lat' dir='ltr'>et</span> <span class='ocrx_word' id='word_1_225' title='bbox 979 3558 1227 3631; x_wconf 82' lang='lat' dir='ltr'>supplicii</span> <span class='ocrx_word' id='word_1_226' title='bbox 1252 3570 1422 3611; x_wconf 73' lang='lat' dir='ltr'>metus</span> <span class='ocrx_word' id='word_1_227' title='bbox 1448 3572 1527 3610; x_wconf 84' lang='lat' dir='ltr'>est</span> <span class='ocrx_word' id='word_1_228' title='bbox 1546 3576 1575 3609; x_wconf 79' lang='lat' dir='ltr'>a</span> 
     </span>
     <span class='ocr_line' id='line_1_38' title="bbox 581 3634 1579 3703; baseline 0.002 -18"><span class='ocrx_word' id='word_1_229' title='bbox 581 3656 602 3679; x_wconf 76' lang='grc' dir='ltr'><strong><em>α</em></strong></span> <span class='ocrx_word' id='word_1_230' title='bbox 623 3634 911 3703; x_wconf 80' lang='lat' dir='ltr'>majoribus</span> <span class='ocrx_word' id='word_1_231' title='bbox 936 3642 1284 3690; x_wconf 79' lang='lat' dir='ltr'>constitutus:</span> <span class='ocrx_word' id='word_1_232' title='bbox 1310 3656 1376 3689; x_wconf 90' lang='lat' dir='ltr'>ne</span> <span class='ocrx_word' id='word_1_233' title='bbox 1400 3650 1579 3688; x_wconf 81' lang='lat' dir='ltr'>antem</span> 
     </span>
     <span class='ocr_line' id='line_1_39' title="bbox 580 3716 1579 3787; baseline 0.001 -22"><span class='ocrx_word' id='word_1_234' title='bbox 580 3735 601 3757; x_wconf 76' lang='grc' dir='ltr'>ιι</span> <span class='ocrx_word' id='word_1_235' title='bbox 619 3716 838 3765; x_wconf 87' lang='lat' dir='ltr'>nimium</span> <span class='ocrx_word' id='word_1_236' title='bbox 855 3716 1004 3766; x_wconf 87' lang='lat' dir='ltr'>multi</span> <span class='ocrx_word' id='word_1_237' title='bbox 1019 3734 1229 3785; x_wconf 75' lang='lat' dir='ltr'>poenarn</span> <span class='ocrx_word' id='word_1_238' title='bbox 1248 3719 1437 3787; x_wconf 79' lang='lat' dir='ltr'>capitis</span> <span class='ocrx_word' id='word_1_239' title='bbox 1457 3716 1579 3768; x_wconf 85' lang='lat' dir='ltr'>sub·</span> 
     </span>
     <span class='ocr_line' id='line_1_40' title="bbox 579 3794 1582 3866; baseline 0.007 -27"><span class='ocrx_word' id='word_1_240' title='bbox 579 3814 602 3839; x_wconf 69' lang='grc' dir='ltr'><strong><em>α</em></strong></span> <span class='ocrx_word' id='word_1_241' title='bbox 621 3798 782 3859; x_wconf 85' lang='lat' dir='ltr'>irent,</span> <span class='ocrx_word' id='word_1_242' title='bbox 804 3795 1002 3847; x_wconf 84' lang='lat' dir='ltr'>idcirco</span> <span class='ocrx_word' id='word_1_243' title='bbox 1027 3794 1115 3845; x_wconf 78' lang='lat' dir='ltr'>illa</span> <span class='ocrx_word' id='word_1_244' title='bbox 1137 3796 1344 3847; x_wconf 76' lang='lat' dir='ltr'>sortitio</span> <span class='ocrx_word' id='word_1_245' title='bbox 1365 3814 1582 3866; x_wconf 79' lang='lat' dir='ltr'>compa·</span> 
     </span>
     <span class='ocr_line' id='line_1_41' title="bbox 579 3874 1579 3942; baseline 0.002 -19"><span class='ocrx_word' id='word_1_246' title='bbox 579 3892 600 3916; x_wconf 70' lang='grc' dir='ltr'><em>α</em></span> <span class='ocrx_word' id='word_1_247' title='bbox 623 3888 736 3925; x_wconf 84' lang='lat' dir='ltr'>rata</span> <span class='ocrx_word' id='word_1_248' title='bbox 763 3890 856 3927; x_wconf 86' lang='lat' dir='ltr'>est.</span> <span class='ocrx_word' id='word_1_249' title='bbox 881 3898 903 3923; x_wconf 75' lang='grc' dir='ltr'>ιι</span> <span class='ocrx_word' id='word_1_250' title='bbox 933 3874 1096 3942; x_wconf 84' lang='lat' dir='ltr'>Quod</span> <span class='ocrx_word' id='word_1_251' title='bbox 1123 3888 1300 3926; x_wconf 75' lang='lat' dir='ltr'>autem</span> <span class='ocrx_word' id='word_1_252' title='bbox 1329 3874 1416 3926; x_wconf 87' lang='lat' dir='ltr'>hic</span> <span class='ocrx_word' id='word_1_253' title='bbox 1444 3876 1579 3927; x_wconf 83' lang='lat' dir='ltr'>diei-</span> 
     </span>
     <span class='ocr_line' id='line_1_42' title="bbox 575 3952 1581 4025; baseline 0.008 -27"><span class='ocrx_word' id='word_1_254' title='bbox 575 3962 676 4015; x_wconf 86' lang='lat' dir='ltr'>tur,</span> <span class='ocrx_word' id='word_1_255' title='bbox 697 3954 800 4005; x_wconf 85' lang='lat' dir='ltr'>Pro</span> <span class='ocrx_word' id='word_1_256' title='bbox 817 3954 1113 4021; x_wconf 78' lang='lat' dir='ltr'>securitate,</span> <span class='ocrx_word' id='word_1_257' title='bbox 1135 3968 1234 4006; x_wconf 90' lang='lat' dir='ltr'>etc.</span> <span class='ocrx_word' id='word_1_258' title='bbox 1253 3952 1441 4005; x_wconf 89' lang='lat' dir='ltr'>eodem</span> <span class='ocrx_word' id='word_1_259' title='bbox 1463 3974 1581 4025; x_wconf 84' lang='lat' dir='ltr'>per-</span> 
     </span>
     <span class='ocr_line' id='line_1_43' title="bbox 575 4027 1579 4102; baseline 0.008 -25"><span class='ocrx_word' id='word_1_260' title='bbox 575 4027 704 4079; x_wconf 84' lang='lat' dir='ltr'>tinet</span> <span class='ocrx_word' id='word_1_261' title='bbox 723 4066 740 4096; x_wconf 90' lang='lat'>,</span> <span class='ocrx_word' id='word_1_262' title='bbox 783 4050 888 4102; x_wconf 89' lang='lat' dir='ltr'>quo</span> <span class='ocrx_word' id='word_1_263' title='bbox 928 4031 1060 4085; x_wconf 85' lang='lat' dir='ltr'>illud</span> <span class='ocrx_word' id='word_1_264' title='bbox 1101 4033 1335 4085; x_wconf 78' lang='lat' dir='ltr'>Declam.</span> <span class='ocrx_word' id='word_1_265' title='bbox 1379 4034 1579 4087; x_wconf 84' lang='lat' dir='ltr'>CCLm</span> 
     </span>
     <span class='ocr_line' id='line_1_44' title="bbox 577 4112 1579 4187; baseline 0.005 -26"><span class='ocrx_word' id='word_1_266' title='bbox 577 4123 751 4175; x_wconf 78' lang='lat' dir='ltr'>supra.</span> <span class='ocrx_word' id='word_1_267' title='bbox 787 4112 952 4183; x_wconf 80' lang='lat' dir='ltr'>Atqui</span> <span class='ocrx_word' id='word_1_268' title='bbox 984 4132 1082 4185; x_wconf 74' lang='lat' dir='ltr'>ego</span> <span class='ocrx_word' id='word_1_269' title='bbox 1111 4115 1269 4168; x_wconf 77' lang='lat' dir='ltr'>etiam</span> <span class='ocrx_word' id='word_1_270' title='bbox 1295 4116 1342 4168; x_wconf 79' lang='lat' dir='ltr'>si</span> <span class='ocrx_word' id='word_1_271' title='bbox 1363 4114 1579 4187; x_wconf 82' lang='lat' dir='ltr'>plurimi</span> 
     </span>
    </p>
   </div>
   <div class='ocr_carea' id='block_1_7' title="bbox 1658 1489 2681 2278">
    <p class='ocr_par' dir='ltr' id='par_1_8' title="bbox 1658 1489 2681 2278">
     <span class='ocr_line' id='line_1_45' title="bbox 1658 1489 2679 1546; baseline -0.005 -2"><span class='ocrx_word' id='word_1_272' title='bbox 1658 1494 1823 1545; x_wconf 81' lang='lat' dir='ltr'>vitam</span> <span class='ocrx_word' id='word_1_273' title='bbox 1859 1511 1973 1546; x_wconf 82' lang='lat' dir='ltr'>esse</span> <span class='ocrx_word' id='word_1_274' title='bbox 2009 1493 2205 1544; x_wconf 79' lang='lat' dir='ltr'>civium</span> <span class='ocrx_word' id='word_1_275' title='bbox 2238 1492 2295 1542; x_wconf 87' lang='lat' dir='ltr'>in</span> <span class='ocrx_word' id='word_1_276' title='bbox 2326 1489 2435 1542; x_wconf 83' lang='lat' dir='ltr'>hac</span> <span class='ocrx_word' id='word_1_277' title='bbox 2468 1491 2679 1540; x_wconf 71' lang='lat' dir='ltr'>civitate</span> 
     </span>
     <span class='ocr_line' id='line_1_46' title="bbox 1660 1571 2681 1645; baseline -0.004 -19"><span class='ocrx_word' id='word_1_278' title='bbox 1660 1587 1987 1645; x_wconf 71' lang='lat' dir='ltr'>spectarem,</span> <span class='ocrx_word' id='word_1_279' title='bbox 2010 1573 2148 1625; x_wconf 82' lang='lat' dir='ltr'>bene</span> <span class='ocrx_word' id='word_1_280' title='bbox 2170 1586 2355 1624; x_wconf 73' lang='lat' dir='ltr'>tumen</span> <span class='ocrx_word' id='word_1_281' title='bbox 2376 1571 2573 1623; x_wconf 80' lang='lat' dir='ltr'>redimi</span> <span class='ocrx_word' id='word_1_282' title='bbox 2594 1589 2681 1623; x_wconf 72' lang='lat' dir='ltr'>ca·</span> 
     </span>
     <span class='ocr_line' id='line_1_47' title="bbox 1658 1653 2675 1725; baseline -0.005 -21"><span class='ocrx_word' id='word_1_283' title='bbox 1658 1656 1769 1725; x_wconf 85' lang='lat' dir='ltr'>pite</span> <span class='ocrx_word' id='word_1_284' title='bbox 1810 1654 1967 1705; x_wconf 78' lang='lat' dir='ltr'>unius</span> <span class='ocrx_word' id='word_1_285' title='bbox 2010 1653 2136 1704; x_wconf 78' lang='lat' dir='ltr'>civis</span> <span class='ocrx_word' id='word_1_286' title='bbox 2178 1670 2373 1723; x_wconf 79' lang='lat' dir='ltr'>pacem</span> <span class='ocrx_word' id='word_1_287' title='bbox 2414 1664 2675 1722; x_wconf 74' lang='lat' dir='ltr'>putarem.</span> 
     </span>
     <span class='ocr_line' id='line_1_48' title="bbox 1658 1731 2677 1792; baseline -0.004 -8"><span class='ocrx_word' id='word_1_288' title='bbox 1658 1733 1841 1784; x_wconf 76' lang='lat' dir='ltr'>AEnon.</span> <span class='ocrx_word' id='word_1_289' title='bbox 1880 1732 2095 1784; x_wconf 83' lang='lat' dir='ltr'>Partem</span> <span class='ocrx_word' id='word_1_290' title='bbox 2128 1731 2385 1782; x_wconf 82' lang='lat' dir='ltr'>decimari</span> <span class='ocrx_word' id='word_1_291' title='bbox 2418 1731 2645 1781; x_wconf 71' lang='lat' dir='ltr'>vidimus</span> <span class='ocrx_word' id='word_1_292' title='bbox 2660 1767 2677 1792; x_wconf 84' lang='lat'><strong>‚</strong></span> 
     </span>
     <span class='ocr_line' id='line_1_49' title="bbox 1660 1808 2679 1875; baseline -0.004 -13"><span class='ocrx_word' id='word_1_293' title='bbox 1660 1821 1715 1862; x_wconf 87' lang='lat' dir='ltr'>et</span> <span class='ocrx_word' id='word_1_294' title='bbox 1740 1810 1798 1861; x_wconf 85' lang='lat' dir='ltr'>in</span> <span class='ocrx_word' id='word_1_295' title='bbox 1824 1811 1993 1861; x_wconf 85' lang='lat' dir='ltr'>aciem</span> <span class='ocrx_word' id='word_1_296' title='bbox 2016 1809 2211 1862; x_wconf 81' lang='lat' dir='ltr'>eductis</span> <span class='ocrx_word' id='word_1_297' title='bbox 2230 1808 2529 1875; x_wconf 67' lang='lat' dir='ltr'>militibus,</span> <span class='ocrx_word' id='word_1_298' title='bbox 2554 1821 2679 1858; x_wconf 77' lang='lat' dir='ltr'>certe</span> 
     </span>
     <span class='ocr_line' id='line_1_50' title="bbox 1662 1889 2679 1962; baseline -0.002 -20"><span class='ocrx_word' id='word_1_299' title='bbox 1662 1891 2021 1944; x_wconf 76' lang='lat' dir='ltr'>innocentibus</span> <span class='ocrx_word' id='word_1_300' title='bbox 2046 1889 2271 1944; x_wconf 82' lang='lat' dir='ltr'>multam</span> <span class='ocrx_word' id='word_1_301' title='bbox 2298 1892 2609 1962; x_wconf 63' lang='lat' dir='ltr'>contigisse,</span> <span class='ocrx_word' id='word_1_302' title='bbox 2640 1889 2679 1940; x_wconf 85' lang='lat' dir='ltr'>si</span> 
     </span>
     <span class='ocr_line' id='line_1_51' title="bbox 1662 1967 2681 2042; baseline 0 -23"><span class='ocrx_word' id='word_1_303' title='bbox 1662 1968 1787 2042; x_wconf 86' lang='lat' dir='ltr'>imp.</span> <span class='ocrx_word' id='word_1_304' title='bbox 1808 1967 2050 2022; x_wconf 79' lang='lat' dir='ltr'>videatur</span> <span class='ocrx_word' id='word_1_305' title='bbox 2062 1991 2078 2020; x_wconf 92' lang='lat'>.·</span> <span class='ocrx_word' id='word_1_306' title='bbox 2100 1971 2306 2021; x_wconf 85' lang='lat' dir='ltr'>etiamsi</span> <span class='ocrx_word' id='word_1_307' title='bbox 2320 1989 2431 2020; x_wconf 82' lang='lat' dir='ltr'>non</span> <span class='ocrx_word' id='word_1_308' title='bbox 2446 1969 2681 2020; x_wconf 73' lang='lat' dir='ltr'>inerum-</span> 
     </span>
     <span class='ocr_line' id='line_1_52' title="bbox 1663 2047 2679 2121; baseline -0.003 -19"><span class='ocrx_word' id='word_1_309' title='bbox 1663 2061 1767 2102; x_wconf 79' lang='lat' dir='ltr'>tam</span> <span class='ocrx_word' id='word_1_310' title='bbox 1802 2051 2073 2102; x_wconf 84' lang='lat' dir='ltr'>victoriam</span> <span class='ocrx_word' id='word_1_311' title='bbox 2108 2049 2355 2121; x_wconf 77' lang='lat' dir='ltr'>referunt.</span> <span class='ocrx_word' id='word_1_312' title='bbox 2392 2047 2571 2100; x_wconf 80' lang='lat' dir='ltr'>Aliter</span> <span class='ocrx_word' id='word_1_313' title='bbox 2602 2049 2679 2099; x_wconf 78' lang='lat' dir='ltr'>Pi-</span> 
     </span>
     <span class='ocr_line' id='line_1_53' title="bbox 1660 2128 2680 2200; baseline -0.002 -22"><span class='ocrx_word' id='word_1_314' title='bbox 1660 2128 1837 2182; x_wconf 78' lang='lat' dir='ltr'>thoeus</span> <span class='ocrx_word' id='word_1_315' title='bbox 1856 2167 1874 2196; x_wconf 92' lang='lat'>,</span> <span class='ocrx_word' id='word_1_316' title='bbox 1906 2131 1970 2180; x_wconf 84' lang='lat' dir='ltr'>-in</span> <span class='ocrx_word' id='word_1_317' title='bbox 2018 2148 2125 2200; x_wconf 88' lang='lat' dir='ltr'>quo</span> <span class='ocrx_word' id='word_1_318' title='bbox 2172 2143 2361 2181; x_wconf 67' lang='lat' dir='ltr'>cetera</span> <span class='ocrx_word' id='word_1_319' title='bbox 2402 2143 2680 2199; x_wconf 72' lang='lat' dir='ltr'>utcunque</span> 
     </span>
     <span class='ocr_line' id='line_1_54' title="bbox 1660 2208 2679 2278; baseline 0 -18"><span class='ocrx_word' id='word_1_320' title='bbox 1660 2209 1837 2276; x_wconf 77' lang='lat' dir='ltr'>feras,</span> <span class='ocrx_word' id='word_1_321' title='bbox 1888 2209 1982 2261; x_wconf 79' lang='lat' dir='ltr'>sed</span> <span class='ocrx_word' id='word_1_322' title='bbox 2031 2208 2247 2261; x_wconf 80' lang='lat' dir='ltr'>tolerari</span> <span class='ocrx_word' id='word_1_323' title='bbox 2297 2227 2411 2260; x_wconf 89' lang='lat' dir='ltr'>non</span> <span class='ocrx_word' id='word_1_324' title='bbox 2456 2221 2679 2278; x_wconf 81' lang='lat' dir='ltr'>potest,</span> 
     </span>
    </p>
   </div>
   <div class='ocr_carea' id='block_1_8' title="bbox 1652 2287 2673 2342">
    <p class='ocr_par' dir='ltr' id='par_1_9' title="bbox 1652 2287 2673 2342">
     <span class='ocr_line' id='line_1_55' title="bbox 1652 2287 2673 2342; baseline -0.005 -2"><span class='ocrx_word' id='word_1_325' title='bbox 1652 2289 1863 2342; x_wconf 72' lang='lat' dir='ltr'>etiamsi</span> <span class='ocrx_word' id='word_1_326' title='bbox 1877 2287 2218 2342; x_wconf 84' lang='lat' dir='ltr'>incruentam.</span> <span class='ocrx_word' id='word_1_327' title='bbox 2230 2289 2435 2340; x_wconf 75' lang='lat' dir='ltr'>Verum</span> <span class='ocrx_word' id='word_1_328' title='bbox 2448 2287 2509 2338; x_wconf 75' lang='lat' dir='ltr'>id</span> <span class='ocrx_word' id='word_1_329' title='bbox 2528 2287 2673 2340; x_wconf 75' lang='lat' dir='ltr'>alibi:</span> 
     </span>
    </p>
   </div>
   <div class='ocr_carea' id='block_1_9' title="bbox 1654 2367 2681 4188">
    <p class='ocr_par' dir='ltr' id='par_1_10' title="bbox 1654 2367 2681 4188">
     <span class='ocr_line' id='line_1_56' title="bbox 1660 2367 2677 2440; baseline -0.002 -19"><span class='ocrx_word' id='word_1_330' title='bbox 1660 2371 1821 2422; x_wconf 82' lang='lat' dir='ltr'>immo</span> <span class='ocrx_word' id='word_1_331' title='bbox 1852 2369 2176 2422; x_wconf 70' lang='lat' dir='ltr'>laudabilius</span> <span class='ocrx_word' id='word_1_332' title='bbox 2208 2367 2407 2440; x_wconf 66' lang='grc' dir='ltr'>δραι-ιω</span> <span class='ocrx_word' id='word_1_333' title='bbox 2426 2390 2443 2430; x_wconf 87' lang='grc'><strong>;</strong></span> <span class='ocrx_word' id='word_1_334' title='bbox 2462 2367 2547 2420; x_wconf 66' lang='lat' dir='ltr'>ab</span> <span class='ocrx_word' id='word_1_335' title='bbox 2578 2367 2677 2420; x_wconf 77' lang='lat' dir='ltr'>hoe</span> 
     </span>
     <span class='ocr_line' id='line_1_57' title="bbox 1656 2448 2675 2520; baseline -0.002 -19"><span class='ocrx_word' id='word_1_336' title='bbox 1656 2450 1781 2503; x_wconf 85' lang='lat' dir='ltr'>loco</span> <span class='ocrx_word' id='word_1_337' title='bbox 1807 2448 2058 2502; x_wconf 80' lang='lat' dir='ltr'>alienum.</span> <span class='ocrx_word' id='word_1_338' title='bbox 2084 2452 2181 2501; x_wconf 81' lang='lat' dir='ltr'>Hic</span> <span class='ocrx_word' id='word_1_339' title='bbox 2206 2452 2348 2501; x_wconf 87' lang='lat' dir='ltr'>enim</span> <span class='ocrx_word' id='word_1_340' title='bbox 2374 2466 2675 2520; x_wconf 78' lang='lat' dir='ltr'>pancorum</span> 
     </span>
     <span class='ocr_line' id='line_1_58' title="bbox 1658 2528 2677 2602; baseline -0.006 -18"><span class='ocrx_word' id='word_1_341' title='bbox 1658 2532 1979 2602; x_wconf 76' lang='lat' dir='ltr'>supplicium</span> <span class='ocrx_word' id='word_1_342' title='bbox 2008 2532 2063 2581; x_wconf 89' lang='lat' dir='ltr'>in</span> <span class='ocrx_word' id='word_1_343' title='bbox 2088 2528 2231 2581; x_wconf 83' lang='lat' dir='ltr'>bello</span> <span class='ocrx_word' id='word_1_344' title='bbox 2259 2531 2332 2581; x_wconf 75' lang='lat' dir='ltr'>ita</span> <span class='ocrx_word' id='word_1_345' title='bbox 2361 2542 2677 2593; x_wconf 76' lang='lat' dir='ltr'>excusatur,</span> 
     </span>
     <span class='ocr_line' id='line_1_59' title="bbox 1660 2608 2681 2681; baseline -0.007 -18"><span class='ocrx_word' id='word_1_346' title='bbox 1660 2609 1809 2680; x_wconf 86' lang='lat' dir='ltr'>qnod</span> <span class='ocrx_word' id='word_1_347' title='bbox 1844 2608 2047 2663; x_wconf 83' lang='lat' dir='ltr'>bellum</span> <span class='ocrx_word' id='word_1_348' title='bbox 2082 2608 2395 2681; x_wconf 78' lang='lat' dir='ltr'>plerumque</span> <span class='ocrx_word' id='word_1_349' title='bbox 2428 2608 2504 2659; x_wconf 78' lang='lat' dir='ltr'>sit</span> <span class='ocrx_word' id='word_1_350' title='bbox 2536 2608 2681 2673; x_wconf 65' lang='grc' dir='ltr'><strong><em>διμο-</em></strong></span> 
     </span>
     <span class='ocr_line' id='line_1_60' title="bbox 1659 2686 2681 2759; baseline -0.002 -18"><span class='ocrx_word' id='word_1_351' title='bbox 1659 2687 1781 2759; x_wconf 73' lang='lat' dir='ltr'><em>Co&#39;pov</em></span> <span class='ocrx_word' id='word_1_352' title='bbox 1796 2703 1873 2742; x_wconf 89' lang='lat' dir='ltr'>:et</span> <span class='ocrx_word' id='word_1_353' title='bbox 1891 2708 2001 2741; x_wconf 87' lang='lat' dir='ltr'>rem</span> <span class='ocrx_word' id='word_1_354' title='bbox 2014 2706 2258 2758; x_wconf 73' lang='lat' dir='ltr'>magnum</span> <span class='ocrx_word' id='word_1_355' title='bbox 2272 2686 2589 2759; x_wconf 65' lang='lat' dir='ltr'>prestitisse</span> <span class='ocrx_word' id='word_1_356' title='bbox 2598 2689 2681 2739; x_wconf 81' lang='lat' dir='ltr'>in·</span> 
     </span>
     <span class='ocr_line' id='line_1_61' title="bbox 1657 2767 2679 2842; baseline -0.004 -20"><span class='ocrx_word' id='word_1_357' title='bbox 1657 2784 1957 2842; x_wconf 81' lang='lat' dir='ltr'>peratorem</span> <span class='ocrx_word' id='word_1_358' title='bbox 1972 2782 2163 2842; x_wconf 77' lang='lat' dir='ltr'>putare</span> <span class='ocrx_word' id='word_1_359' title='bbox 2174 2767 2485 2831; x_wconf 79' lang='lat' dir='ltr'>debeamus,</span> <span class='ocrx_word' id='word_1_360' title='bbox 2500 2768 2679 2820; x_wconf 75' lang='lat' dir='ltr'>etiam-</span> 
     </span>
     <span class='ocr_line' id='line_1_62' title="bbox 1660 2851 2677 2919; baseline -0.004 -18"><span class='ocrx_word' id='word_1_361' title='bbox 1660 2851 1703 2901; x_wconf 79' lang='lat' dir='ltr'>si</span> <span class='ocrx_word' id='word_1_362' title='bbox 1732 2852 1903 2901; x_wconf 82' lang='lat' dir='ltr'>victor</span> <span class='ocrx_word' id='word_1_363' title='bbox 1928 2868 2038 2900; x_wconf 89' lang='lat' dir='ltr'>non</span> <span class='ocrx_word' id='word_1_364' title='bbox 2066 2866 2267 2919; x_wconf 75' lang='lat' dir='ltr'>paucos</span> <span class='ocrx_word' id='word_1_365' title='bbox 2294 2864 2521 2898; x_wconf 80' lang='lat' dir='ltr'>snorum</span> <span class='ocrx_word' id='word_1_366' title='bbox 2556 2866 2677 2919; x_wconf 76' lang='lat' dir='ltr'>per-</span> 
     </span>
     <span class='ocr_line' id='line_1_63' title="bbox 1660 2924 2680 2999; baseline -0.001 -20"><span class='ocrx_word' id='word_1_367' title='bbox 1660 2927 1869 2980; x_wconf 81' lang='lat' dir='ltr'>diderit.</span> <span class='ocrx_word' id='word_1_368' title='bbox 1896 2926 1999 2981; x_wconf 87' lang='lat' dir='ltr'>Sed</span> <span class='ocrx_word' id='word_1_369' title='bbox 2025 2926 2155 2999; x_wconf 86' lang='lat' dir='ltr'>quid</span> <span class='ocrx_word' id='word_1_370' title='bbox 2178 2928 2230 2978; x_wconf 89' lang='lat' dir='ltr'>in</span> <span class='ocrx_word' id='word_1_371' title='bbox 2254 2924 2353 2977; x_wconf 75' lang='lat' dir='ltr'>hac</span> <span class='ocrx_word' id='word_1_372' title='bbox 2378 2940 2547 2997; x_wconf 75' lang='lat' dir='ltr'>parte</span> <span class='ocrx_word' id='word_1_373' title='bbox 2572 2928 2680 2979; x_wconf 74' lang='lat' dir='ltr'>atti·</span> 
     </span>
     <span class='ocr_line' id='line_1_64' title="bbox 1658 3004 2675 3073; baseline -0.004 -13"><span class='ocrx_word' id='word_1_374' title='bbox 1658 3022 1784 3061; x_wconf 74' lang='lat' dir='ltr'>neat</span> <span class='ocrx_word' id='word_1_375' title='bbox 1796 3008 1988 3060; x_wconf 84' lang='lat' dir='ltr'>milites</span> <span class='ocrx_word' id='word_1_376' title='bbox 2002 3006 2179 3059; x_wconf 86' lang='lat' dir='ltr'>dicere</span> <span class='ocrx_word' id='word_1_377' title='bbox 2194 3008 2522 3073; x_wconf 82' lang='lat' dir='ltr'>innocentes,</span> <span class='ocrx_word' id='word_1_378' title='bbox 2536 3004 2675 3059; x_wconf 77' lang='lat' dir='ltr'>hand</span> 
     </span>
     <span class='ocr_line' id='line_1_65' title="bbox 1660 3084 2677 3159; baseline -0.005 -19"><span class='ocrx_word' id='word_1_379' title='bbox 1660 3106 1934 3159; x_wconf 78' lang='lat' dir='ltr'>assequor.</span> <span class='ocrx_word' id='word_1_380' title='bbox 1982 3088 2169 3158; x_wconf 78' lang='lat' dir='ltr'>Itaque</span> <span class='ocrx_word' id='word_1_381' title='bbox 2214 3084 2523 3137; x_wconf 79' lang='lat' dir='ltr'>divinabam</span> <span class='ocrx_word' id='word_1_382' title='bbox 2548 3108 2561 3136; x_wconf 76' lang='grc' dir='ltr'><strong>ε</strong></span> <span class='ocrx_word' id='word_1_383' title='bbox 2612 3084 2677 3136; x_wconf 81' lang='lat' dir='ltr'>Et</span> 
     </span>
     <span class='ocr_line' id='line_1_66' title="bbox 1660 3167 2673 3239; baseline -0.01 -19"><span class='ocrx_word' id='word_1_384' title='bbox 1660 3169 1905 3220; x_wconf 70' lang='lat' dir='ltr'>exercitus</span> <span class='ocrx_word' id='word_1_385' title='bbox 1935 3178 2139 3239; x_wconf 82' lang='lat' dir='ltr'>partem</span> <span class='ocrx_word' id='word_1_386' title='bbox 2166 3167 2513 3228; x_wconf 76' lang='lat' dir='ltr'>decimamus,</span> <span class='ocrx_word' id='word_1_387' title='bbox 2552 3172 2673 3213; x_wconf 67' lang='lat' dir='ltr'>neree</span> 
     </span>
     <span class='ocr_line' id='line_1_67' title="bbox 1658 3240 2669 3314; baseline -0.009 -15"><span class='ocrx_word' id='word_1_388' title='bbox 1658 3248 1825 3301; x_wconf 76' lang='lat' dir='ltr'>ductis</span> <span class='ocrx_word' id='word_1_389' title='bbox 1852 3246 2107 3299; x_wconf 82' lang='lat' dir='ltr'>militibus</span> <span class='ocrx_word' id='word_1_390' title='bbox 2134 3264 2265 3314; x_wconf 72' lang='lat' dir='ltr'>soepc</span> <span class='ocrx_word' id='word_1_391' title='bbox 2296 3240 2669 3291; x_wconf 71' lang='lat' dir='ltr'>innocentibus.</span> 
     </span>
     <span class='ocr_line' id='line_1_68' title="bbox 1660 3320 2671 3395; baseline -0.004 -20"><span class='ocrx_word' id='word_1_392' title='bbox 1660 3326 1895 3377; x_wconf 81' lang='lat' dir='ltr'>Multum</span> <span class='ocrx_word' id='word_1_393' title='bbox 1920 3323 2188 3395; x_wconf 46' lang='lat' dir='ltr'>conti-qis&amp;</span> <span class='ocrx_word' id='word_1_394' title='bbox 2210 3320 2512 3393; x_wconf 75' lang='lat' dir='ltr'>imperatori</span> <span class='ocrx_word' id='word_1_395' title='bbox 2538 3320 2671 3372; x_wconf 71' lang='lat' dir='ltr'>vide·</span> 
     </span>
     <span class='ocr_line' id='line_1_69' title="bbox 1662 3402 2673 3470; baseline -0.005 -12"><span class='ocrx_word' id='word_1_396' title='bbox 1662 3418 1762 3470; x_wconf 79' lang='lat' dir='ltr'>tur,</span> <span class='ocrx_word' id='word_1_397' title='bbox 1786 3405 1989 3457; x_wconf 86' lang='lat' dir='ltr'>etiamsi</span> <span class='ocrx_word' id='word_1_398' title='bbox 2012 3421 2119 3455; x_wconf 87' lang='lat' dir='ltr'>non</span> <span class='ocrx_word' id='word_1_399' title='bbox 2148 3404 2475 3454; x_wconf 83' lang='lat' dir='ltr'>incruentam</span> <span class='ocrx_word' id='word_1_400' title='bbox 2510 3402 2673 3453; x_wconf 75' lang='lat' dir='ltr'>vieto-</span> 
     </span>
     <span class='ocr_line' id='line_1_70' title="bbox 1659 3479 2669 3552; baseline -0.004 -17"><span class='ocrx_word' id='word_1_401' title='bbox 1659 3485 1792 3535; x_wconf 82' lang='lat' dir='ltr'>riam</span> <span class='ocrx_word' id='word_1_402' title='bbox 1822 3482 2027 3552; x_wconf 83' lang='lat' dir='ltr'>referat.</span> <span class='ocrx_word' id='word_1_403' title='bbox 2054 3482 2293 3532; x_wconf 71' lang='lat' dir='ltr'>Gnonov.</span> <span class='ocrx_word' id='word_1_404' title='bbox 2321 3480 2393 3530; x_wconf 77' lang='lat' dir='ltr'>Et</span> <span class='ocrx_word' id='word_1_405' title='bbox 2418 3479 2669 3531; x_wconf 70' lang='lat' dir='ltr'>exercitus</span> 
     </span>
     <span class='ocr_line' id='line_1_71' title="bbox 1654 3558 2669 3635; baseline -0.002 -24"><span class='ocrx_word' id='word_1_406' title='bbox 1654 3572 1858 3635; x_wconf 83' lang='lat' dir='ltr'>partem</span> <span class='ocrx_word' id='word_1_407' title='bbox 1878 3560 2195 3611; x_wconf 77' lang='lat' dir='ltr'>decimamus</span> <span class='ocrx_word' id='word_1_408' title='bbox 2206 3597 2222 3621; x_wconf 90' lang='lat'>,</span> <span class='ocrx_word' id='word_1_409' title='bbox 2240 3568 2293 3609; x_wconf 87' lang='lat' dir='ltr'>et</span> <span class='ocrx_word' id='word_1_410' title='bbox 2304 3558 2355 3607; x_wconf 83' lang='lat' dir='ltr'>in</span> <span class='ocrx_word' id='word_1_411' title='bbox 2366 3558 2535 3609; x_wconf 77' lang='lat' dir='ltr'>aciem</span> <span class='ocrx_word' id='word_1_412' title='bbox 2552 3558 2669 3609; x_wconf 75' lang='lat' dir='ltr'>dut-</span> 
     </span>
     <span class='ocr_line' id='line_1_72' title="bbox 1660 3638 2667 3701; baseline -0.006 -10"><span class='ocrx_word' id='word_1_413' title='bbox 1660 3642 1723 3691; x_wconf 85' lang='lat' dir='ltr'>tis</span> <span class='ocrx_word' id='word_1_414' title='bbox 1736 3638 1991 3691; x_wconf 78' lang='lat' dir='ltr'>militibus</span> <span class='ocrx_word' id='word_1_415' title='bbox 2003 3640 2175 3700; x_wconf 82' lang='lat' dir='ltr'>certis,</span> <span class='ocrx_word' id='word_1_416' title='bbox 2194 3638 2581 3701; x_wconf 79' lang='lat' dir='ltr'>innocentibus,</span> <span class='ocrx_word' id='word_1_417' title='bbox 2600 3656 2667 3687; x_wconf 74' lang='grc' dir='ltr'>ιι.</span> 
     </span>
     <span class='ocr_line' id='line_1_73' title="bbox 1659 3717 2669 3790; baseline 0 -21"><span class='ocrx_word' id='word_1_418' title='bbox 1659 3736 1702 3771; x_wconf 89' lang='lat' dir='ltr'>c.</span> <span class='ocrx_word' id='word_1_419' title='bbox 1730 3719 2031 3790; x_wconf 70' lang='lat' dir='ltr'>imperatori</span> <span class='ocrx_word' id='word_1_420' title='bbox 2049 3738 2097 3769; x_wconf 88' lang='lat' dir='ltr'>v.</span> <span class='ocrx_word' id='word_1_421' title='bbox 2120 3718 2343 3770; x_wconf 80' lang='lat' dir='ltr'>etiam‘si</span> <span class='ocrx_word' id='word_1_422' title='bbox 2360 3735 2409 3768; x_wconf 83' lang='lat' dir='ltr'>n.</span> <span class='ocrx_word' id='word_1_423' title='bbox 2436 3717 2541 3769; x_wconf 80' lang='lat' dir='ltr'>inc.</span> <span class='ocrx_word' id='word_1_424' title='bbox 2566 3718 2669 3769; x_wconf 72' lang='lat' dir='ltr'>vic·</span> 
     </span>
     <span class='ocr_line' id='line_1_74' title="bbox 1661 3795 2667 3870; baseline -0.004 -19"><span class='ocrx_word' id='word_1_425' title='bbox 1661 3801 1844 3851; x_wconf 80' lang='lat' dir='ltr'>tor-iam</span> <span class='ocrx_word' id='word_1_426' title='bbox 1862 3798 2071 3870; x_wconf 81' lang='lat' dir='ltr'>referat.</span> <span class='ocrx_word' id='word_1_427' title='bbox 2086 3798 2223 3851; x_wconf 78' lang='lat' dir='ltr'>certi</span> <span class='ocrx_word' id='word_1_428' title='bbox 2234 3795 2485 3867; x_wconf 74' lang='lat' dir='ltr'>utVirgil.</span> <span class='ocrx_word' id='word_1_429' title='bbox 2497 3798 2617 3849; x_wconf 77' lang='lat' dir='ltr'>AEn.</span> <span class='ocrx_word' id='word_1_430' title='bbox 2630 3798 2667 3859; x_wconf 73' lang='lat' dir='ltr'>l,</span> 
     </span>
     <span class='ocr_line' id='line_1_75' title="bbox 1660 3875 2661 3949; baseline -0.002 -21"><span class='ocrx_word' id='word_1_431' title='bbox 1660 3877 1789 3947; x_wconf 77' lang='lat'>576:</span> <span class='ocrx_word' id='word_1_432' title='bbox 1814 3900 1837 3923; x_wconf 75' lang='grc' dir='ltr'>ι</span> <span class='ocrx_word' id='word_1_433' title='bbox 1852 3896 1951 3949; x_wconf 86' lang='lat' dir='ltr'>per</span> <span class='ocrx_word' id='word_1_434' title='bbox 1969 3876 2123 3928; x_wconf 77' lang='lat' dir='ltr'>litora</span> <span class='ocrx_word' id='word_1_435' title='bbox 2142 3889 2319 3927; x_wconf 84' lang='lat' dir='ltr'>certos</span> <span class='ocrx_word' id='word_1_436' title='bbox 2336 3875 2625 3939; x_wconf 75' lang='lat' dir='ltr'>dimittam,</span> <span class='ocrx_word' id='word_1_437' title='bbox 2640 3898 2661 3917; x_wconf 85' lang='lat'><strong>·</strong></span> 
     </span>
     <span class='ocr_line' id='line_1_76' title="bbox 1658 3951 2664 4027; baseline -0.003 -20"><span class='ocrx_word' id='word_1_438' title='bbox 1658 3954 1715 4007; x_wconf 90' lang='lat' dir='ltr'>id</span> <span class='ocrx_word' id='word_1_439' title='bbox 1742 3970 1852 4022; x_wconf 81' lang='lat' dir='ltr'>est,</span> <span class='ocrx_word' id='word_1_440' title='bbox 1892 3955 2089 4027; x_wconf 76' lang='lat' dir='ltr'>quibus</span> <span class='ocrx_word' id='word_1_441' title='bbox 2130 3968 2247 4006; x_wconf 90' lang='lat' dir='ltr'>tuto</span> <span class='ocrx_word' id='word_1_442' title='bbox 2288 3951 2429 4006; x_wconf 83' lang='lat' dir='ltr'>credi</span> <span class='ocrx_word' id='word_1_443' title='bbox 2466 3957 2664 4025; x_wconf 73' lang='lat' dir='ltr'>possit,</span> 
     </span>
     <span class='ocr_line' id='line_1_77' title="bbox 1660 4031 2661 4107; baseline -0.006 -20"><span class='ocrx_word' id='word_1_444' title='bbox 1660 4036 1907 4107; x_wconf 78' lang='lat' dir='ltr'>opposite</span> <span class='ocrx_word' id='word_1_445' title='bbox 1936 4034 2005 4087; x_wconf 80' lang='lat' dir='ltr'>ad</span> <span class='ocrx_word' id='word_1_446' title='bbox 2032 4033 2352 4106; x_wconf 85' lang='lat' dir='ltr'>proditores.</span> <span class='ocrx_word' id='word_1_447' title='bbox 2376 4031 2661 4083; x_wconf 76' lang='lat' dir='ltr'>Declamat.</span> 
     </span>
     <span class='ocr_line' id='line_1_78' title="bbox 1660 4112 2615 4188; baseline -0.008 -18"><span class='ocrx_word' id='word_1_448' title='bbox 1660 4116 1885 4188; x_wconf 70' lang='lat' dir='ltr'>praeced.</span> <span class='ocrx_word' id='word_1_449' title='bbox 1916 4118 2159 4171; x_wconf 75' lang='lat' dir='ltr'>Cer-tiores</span> <span class='ocrx_word' id='word_1_450' title='bbox 2180 4115 2375 4169; x_wconf 86' lang='lat' dir='ltr'>nuntii.</span> <span class='ocrx_word' id='word_1_451' title='bbox 2396 4112 2615 4166; x_wconf 68' lang='lat' dir='ltr'>Senot-r.</span> 
     </span>
    </p>
   </div>
   <div class='ocr_carea' id='block_1_10' title="bbox 2821 369 2823 873">
    <p class='ocr_par' dir='ltr' id='par_1_11' title="bbox 2821 369 2823 873">
     <span class='ocr_line' id='line_1_79' title="bbox 2821 369 2823 873; baseline 0 0"><span class='ocrx_word' id='word_1_452' title='bbox 2821 369 2823 873; x_wconf 95' lang='lat' dir='ltr'> </span> 
     </span>
    </p>
   </div>
   <div class='ocr_carea' id='block_1_11' title="bbox 2824 2445 2826 3017">
    <p class='ocr_par' dir='ltr' id='par_1_12' title="bbox 2824 2445 2826 3017">
     <span class='ocr_line' id='line_1_80' title="bbox 2824 2445 2826 3017; baseline 0 0"><span class='ocrx_word' id='word_1_453' title='bbox 2824 2445 2826 3017; x_wconf 95' lang='lat' dir='ltr'> </span> 
     </span>
    </p>
   </div>
  </div>
 </body>
</html>
