2855 4871
553 426 1392 503 DECLAMAT'IONES.
1442 429 1931 499 CCCXXXII.
2162 440 2287 507 355

183 578 348 624 cera
392 578 591 650 paene
639 576 796 621 mea
850 550 926 621 in
974 570 1347 649 conspectu
1396 572 1621 625 vestro
1672 575 1855 627 sunt.
1907 560 2043 633 Iste
2090 558 2291 640 heres

181 668 422 739 adhuc
460 693 608 739 non
653 665 992 745 ostendit¹
1032 685 1547 747 testamentum.
1587 670 1725 744 Sed
1770 670 1911 743 scio
1954 700 2101 749 non
2146 704 2293 753 esse

181 783 542 883 praesentis
563 780 892 881 temporis
913 781 1485 881 disceptationem
1500 840 1519 874 ‚
1547 806 1701 857 uter
1727 809 2107 871 mereatur:
2136 794 2295 868 satis

183 899 389 971 enim
411 898 730 971 voluntas
763 895 1074 969 defuncti
1103 896 1605 997 comprehensa
1634 900 1897 989 tabulis⁹
1918 926 2017 977 est
2036 933 2071 976 :-
2091 906 2297 982 insti-

181 1035 380 1087 tutus
410 1041 478 1086 es
508 1013 743 1112 primo·
763 1012 920 1086 loco
941 1012 1177 1085 heres:
1217 1038 1362 1088 non
1391 1014 1569 1087 facio
1609 1014 1741 1089 tibi
1781 1017 2307 1103 istiushonoris

181 1129 745 1204 controversiam.
791 1128 1144 1219 Quaeritur
1182 1130 1388 1217 hodie
1413 1182 1433 1219 ,
1468 1130 1640 1228 quid
1683 1132 1933 1209 debeas
1974 1137 2191 1212 mihi:
2236 1140 2295 1218 si

174 1243 456 1344 judicia
476 1272 636 1317 mea
663 1244 1326 1332 adversusxamicum
1356 1245 1543 1317 intra
1568 1246 1882 1347 legatum
1916 1252 2292 1345 stetissent,

181 1360 498 1459 legatum
522 1388 562 1432 a
588 1379 654 1432 te
683 1382 1032 1460 peterem:
1070 1361 1404 1437 heredem
1432 1364 1761 1439 omnium
1788 1366 2140 1449 honorum
2170 1369 2301 1443 ha·-

181 1478 312 1549 hui
329 1532 349 1566 ,
371 1476 504 1551 hoc
525 1500 602 1551 ut
624 1478 758 1552 sim
785 1478 1081 1577 postulo.
1105 1482 1201 1552 Ut
1223 1480 1556 1579 scriptum
1586 1509 1733 1558 non
1756 1507 1963 1577 esset,
1987 1484 2293 1585 judices,

183 1595 522 1693 iniquum
559 1616 705 1670 erat
735 1597 972 1671 offerri
1003 1596 1218 1687 mihi,
1253 1619 1599 1697 quantum
1638 1599 1903 1692 habeo,
1934 1622 2297 1702 tamquam

184 1709 274 1799 is,
302 1710 435 1810 qui
465 1710 838 1796 defunctus
871 1732 1007 1801 est,
1047 1712 1194 1786 dari
1229 1713 1408 1794 mihi
1436 1714 1751 1814 jusserit,
1787 1739 2134 1813 quantum
2168 1747 2295 1821 ego

183 1826 284 1899 illi
323 1826 486 1902 dare
525 1856 800 1927 possem
815 1856 838 1900 -:
877 1829 1124 1927 ingens
1157 1830 1700 1909 autem-horum.
1721 1833 2125 1909 differentia
2152 1858 2293 1911 est:

187 1943 254 2015 id
273 1943 454 2017 mihi
475 1942 624 2019 dari
648 1944 885 2045 jussit,
911 1944 1257 2044 quodego
1287 1945 1387 2023 illi
1413 1974 1573 2021 meo
1593 1968 2004 2023 testamento
2027 1950 2293 2025 darem.

185 2060 348 2133 Non
377 2058 596 2142 hahet
625 2060 702 2133 in
730 2058 866 2133 hoc
897 2059 1873 2159 interpretationem-modus,
1908 2078 2297 2163 3quantu1n

185 2174 601 2273 pensatione
631 2195 932 2263 constet3
968 2176 1326 2248 numerari
1361 2198 1619 2275 potest,
1649 2199 1717 2251 et
1748 2178 1990 2279 recipit
2016 2208 2297 2281 compa·

187 2290 576 2362 rationem:
625 2291 819 2389 quod
867 2289 1192 2389 reliquit,
1235 2313 1584 2390 quantum
1634 2294 1785 2368 fieri
1833 2297 2297 2395 potest-,dari

187 2404 448 2479 voluit:
494 2405 740 2481 eadem
783 2407 880 2479 rei
927 2427 1177 2480 natura
1219 2428 1339 2481 est.
1389 2410 1627 2508 Itaque
1670 2410 1727 2482 si
1770 2410 1874 2487 illi
1912 2412 2295 2512 pecuniam

186 2542 599 2596 testamento
623 2551 786 2597 meo
820 2525 1162 2624 legassem
1181 2581 1200 2613 ,
1233 2526 1613 2624 pecuniam
1642 2547 1982 2625 peterem,
2008 2556 2141 2602 nec
2162 2531 2295 2602 fer·-

189 2663 335 2715 rem
383 2657 454 2712 te
495 2637 786 2712 dantem
826 2666 952 2740 pro
994 2639 1296 2739 pecunia
1340 2637 1655 2736 aliquid,
1692 2640 1885 2737 quod
1920 2661 2095 2716 esset
2134 2663 2295 2715 tan·-

189 2754 545 2828 tumdem:
575 2756 632 2828 si
657 2757 1100 2855 mancipium
1121 2755 1587 2854 reliquissem,
1614 2756 2055 2855 mancipium
2083 2758 2295 2832 debe-

191 2893 327 2960 res;
353 2895 484 2943 nec
515 2869 774 2945 diceres
797 2872 1016 2960 mihi3
1045 2871 1301 2970 Accipe
1335 2891 1603 2969 quanto
1636 2870 1826 2944 istud
1848 2892 1982 2948 est:
2013 2873 2089 2946 id
2105 2874 2289 2972 mihi

191 2982 330 3058 dari
343 2984 580 3085 jussit,
603 2985 792 3084 quod
817 3012 947 3085 ego
970 2985 1076 3059 illi
1102 2984 1363 3059 darem.
1387 2983 1587 3074 Quid
1610 3011 1737 3082 ego
1762 3007 2005 3060 autem
2030 2988 2294 3064 dabam.

190 3101 333 3174 illi?
353 3103 846 3193 hereditatem;
873 3102 1046 3202 quid
1075 3101 1272 3202 peto?
1299 3101 1751 3178 hereditatem
1766 3135 1786 3194 3
1812 3102 1988 3204 quid
2013 3106 2294 3206 scripsi?

189 3217 370 3292 bona
409 3219 690 3312 omnia3
735 3221 913 3319 quid
942 3219 1215 3294 vindico
1259 3217 1479 3292 mihi?
1519 3219 1709 3294 bona
1752 3223 2012 3294 omnia.
2042 3222 2293 3295 Voluit

187 3331 413 3412 simile
461 3360 606 3406 esse
636 3333 995 3436 judicium
1037 3361 1250 3408 suum
1292 3360 1451 3406 meo
1496 3353 1949 3424 testament03
1995 3356 2062 3410 et
2104 3361 2287 3436 quo-3·

189 3445 572 3520 dammodo
613 3448 883 3520 invenit
924 3449 1307 3539 rationem,
1347 3473 1487 3543 qua
1522 3468 1751 3546 posset
1778 3448 2097 3548 judicare
2128 3471 2287 3550 post

261 3617 305 3651 1.
331 3601 436 3654 Iste
461 3599 601 3655 heres
621 3601 795 3656 adhuc
823 3622 927 3656 non
955 3605 1189 3662 ostendit.
1271 3612 1394 3668 test,
1430 3614 1531 3654 etc.
1562 3601 1779 3656 Senum.
1817 3603 2123 3658 pensatione
2154 3621 2284 3658 eon-

189 3680 420 3754 Suppk,
457 3697 646 3754 pectus
689 3703 878 3752 suum,
920 3704 1016 3737 nec
1059 3705 1192 3737 con·-
1269 3692 1393 3748 stet,
1429 3679 1611 3734 AErod.
1647 3681 1950 3736 Obrechtus
1986 3685 2059 3736 ita
2092 3683 2283 3738 distin-

188 3763 460 3814 scientiam
491 3781 642 3816 suam
676 3778 727 3816 et
757 3765 1039 3816 amicitiam
1067 3783 1194 3836 erga
1268 3765 1416 3833 guin,
1439 3763 1655 3829 modus,
1684 3775 1943 3837 quantum
1967 3785 2022 3837 p.
2056 3775 2279 3834 constet·

189 3841 398 3896 divitem
444 3845 704 3915 protulit,
753 3865 858 3918 qua
905 3859 1194 3911 mereretur·
1271 3846 1540 3896 numerari
1575 3855 1779 3917 potest,
1826 3859 1929 3900 etc.
1972 3867 2045 3886 -1-
2078 3847 2281 3900 Eadem

188 3923 401 3976 institui.
429 3925 610 3977 AErion.
646 3927 752 3994 Qui
781 3925 941 3997 legit,
973 3945 1081 3980 non
1115 3945 1194 3982 os-
1272 3925 1360 3976 rei.
1400 3925 1472 3977 Ut
1504 3925 1684 3980 eadem
1722 3946 1763 3978 r.
1799 3947 1853 3978 a.
1888 3939 2025 3981 esset.
2060 3927 2279 3989 Senum.

189 4004 376 4056 tendit.-
399 4005 620 4057 ostendit
634 4005 887 4058 duntaxat
906 4016 1193 4060 testament.
1277 4009 1432 4078 Cujus
1452 4007 1660 4074 eadem,
1684 4006 1864 4058 AErod.
1890 4035 1959 4046 --
1982 4009 2188 4077 Quanto
2212 4010 2287 4061 is-

261 4099 308 4134 2.
328 4083 1198 4160 Modusquantum.Modus=quod
1273 4089 1367 4154 tud
1393 4101 1481 4149 est.
1518 4091 1685 4140 Immo
1718 4089 1922 4160 quami.
1946 4089 2181 4146 Gnouow
2218 4091 2285 4149 Et

191 4163 826 4233 empensationeconstat‚
836 4166 1194 4239 numeran‘po-
1272 4169 1344 4222 ita
1368 4165 1749 4240 Schultingius.
1967 4161 1973 4166 ¹

1913 4259 1994 4312 23.
