2855 4871
566 412 1402 479 DECLAMATIONES.
1452 414 1869 480 CCXCVII.
2138 420 2256 507 193

161 538 353 638 quod
387 563 660 609 recusas
689 565 704 606 :
742 537 1020 608 fortasse
1050 555 1329 632 propter
1360 533 1495 605 hoc
1522 534 1757 633 ipsum
1791 537 1936 634 pati
1964 537 2253 612 debeas:

161 654 400 727 oculos
431 651 674 725 eruisti
695 649 1128 721 mulierculae
1163 649 1310 721 sine
1345 649 1587 739 dubio,
1624 670 1693 722 et
1722 650 2005 752 adjice¹,
2036 654 2104 725 si·
2126 648 2258 744 iiis,

162 769 511 842 meretrici
531 799 550 855 ,²
570 789 808 839 tamen
824 793 997 865 quos
1013 792 1248 837 eruere
1267 791 1407 836 non
1425 764 1678 837 licebat
1697 794 1711 836 ε
1738 794 1879 838 non
1898 792 1967 839 es
1984 767 2259 868 dignm,

161 887 282 984 qui
318 883 606 983 patiaris
624 939 643 970 ,
677 882 864 981 qnod
892 881 1011 954 vis.
1044 882 1210 953 Haec
1236 879 1543 953 dicerem
1562 935 1582 970 ,
1610 881 1669 952 si
1698 901 1931 953 tecum
1959 884 2262 981 asperius

161 999 704 1073 contenderem:
739 1023 930 1068 nunc
959 1018 1117 1068 ante
1149 998 1392 1068 omnia
1419 995 1816 1095 reipublicae
1851 1013 2131 1071 causam
2166 1021 2267 1073 te-

163 1144 328 1190 cum
363 1142 524 1213 ago.
555 1118 866 1210 AEquum
901 1133 1004 1184 est
1031 1112 1249 1185 salvos
1280 1139 1423 1185 esse
1458 1112 1585 1184 hos
1625 1114 1863 1186 oculos
1897 1135 1964 1187 et
1992 1116 2266 1189 incolu-

164 1260 348 1323 πιεε,
383 1228 612 1303 multa
642 1229 946 1299 afferunt
973 1253 1204 1299 casus:
1241 1229 1569 1325 frequens
1597 1228 1867 1300 bellum
1902 1252 2021 1303 est.
2056 1234 2266 1304 Dete-

164 1376 414 1448 gemus
465 1346 596 1417 tibi
644 1345 855 1417 etiam
900 1342 1110 1444 hujus
1157 1343 1687 1415 misericordiae²
1742 1346 2068 1438 affectus»,
2120 1375 2262 1445 quo

163 1462 389 1561 magis
428 1483 492 1533 te
535 1486 682 1531 rem
720 1479 860 1529 tam
891 1484 1168 1557 gravem
1198 1458 1437 1529 fecisse
1470 1458 1815 1556 poeniteat.
1848 1461 2015 1532 Haec
2044 1488 2263 1532 excae-

165 1606 312 1652 care
351 1600 423 1649 te
463 1602 610 1649 non
653 1575 884 1674 potuit
919 1602 933 1645 :
985 1572 1308 1645 meminit
1348 1581 1748 1674 temporum
1782 1576 2261 1675 superiorum,

165 1691 504 1765 meminit
545 1689 866 1777 illarum,
909 1714 1084 1787 quas
1120 1686 1500 1788 aliquando
1534 1716 1947 1761 communes
1979 1690 2263 1781 habuit,

165 1810 650 1908 voluptatum:
691 1805 1019 1879 meminit
1053 1802 1310 1878 amoris
1352 1805 1457 1876 tui
1486 1834 1501 1875 :
1540 1804 1755 1903 digna
1786 1826 1921 1897 est,
1956 1807 2068 1879 cui
2102 1835 2263 1880 ma-

165 1952 338 1997 num
369 1923 778 1997 commodes
807 1949 822 1993 :
861 1948 1030 1993 nam
1061 1922 1134 1994 id
1161 1948 1446 2020 quoque
1472 1922 1581 1994 lex
1598 1922 1981 2023 justissime
2010 1925 2267 1997 consti-

163 2041 290 2113 tnit
308 2100 328 2131 ,
360 2058 644 2139 praestet
667 2037 941 2127 mulce,
977 2037 1101 2135 qui
1131 2037 1418 2128 eruerit,
1450 2058 1518 2108 et
1548 2037 1621 2107 in
1650 2038 1877 2110 vicem
1906 2060 2262 2111 erutorum

165 2156 528 2227 luminum
555 2153 702 2252 ipse
725 2151 1072 2225 succedat.
1093 2152 1185 2223 At
1206 2151 1398 2223 enim
1423 2151 1586 2224 forti
1613 2152 1757 2223 viro
1784 2173 1985 2249 turpe
2014 2172 2113 2224 est
2133 2152 2265 2226 hoc

169 2271 478 2343 officium
499 2268 759 2341 subire.
777 2267 1046 2341 Scilicet
1065 2268 1184 2339 illa
1202 2268 1596 2341 honestiora
1609 2326 1628 2360 ,
1646 2269 2071 2341 debilitatem
2089 2270 2228 2369 pati
2241 2327 2261 2362 ,

169 2408 236 2458 et
267 2388 444 2460 ferre
477 2386 761 2458 infestos
799 2382 1212 2456 numinibus
1249 2383 1485 2457 oculos
1501 2373 1565 2457 ³⁹:
1592 2399 1753 2458 'non
1786 2390 1911 2457 erit
1947 2385 2099 2458 talis
2138 2386 2265 2458 ista

169 2502 492 2574 debilitas
512 2559 530 2592 ,
561 2498 790 2599 qualis
816 2519 1023 2591 esset,
1048 2500 1104 2571 si
1131 2499 1325 2572 illam
1353 2501 1426 2571 in
1452 2501 1597 2574 acie
1628 2528 1863 2599 passus
1893 2527 2090 2573 esses.
2111 2503 2258 2589 Tu,

170 2619 296 2715 qui
325 2643 596 2688 recusas
633 2615 774 2686 dux
808 2641 950 2687 esse
978 2615 1393 2719 meretricis,
1425 2643 1571 2688 nen
1604 2614 1863 2712 cogitas
1900 2616 2215 2686 futurum
2238 2670 2259 2704 ‚

171 2751 258 2801 ut
285 2730 414 2800 tibi
441 2729 619 2802 oculi
653 2727 1394 2828 proptermeretricem
1423 2727 1795 2800 eruantur?
1828 2753 2069 2800 verum
2112 2751 2264 2796 me-

172 2867 366 2920 retur
417 2845 526 2918 hic
576 2847 724 2946 ipse
775 2845 1004 2946 pudor
1049 2865 1266 2935 tuus5
1303 2865 1583 2944 propter
1632 2870 1847 2942 quem
1899 2868 2262 2942 parcamus

170 2962 384 3035 oculis
414 2959 616 3033 tuis*.

243 3186 283 3220 ι.
305 3170 436 3221 Sine
457 3168 614 3220 dubio
641 3179 690 3219 et
717 3166 896 3234 adjice.
925 3167 1051 3219 Sine
1077 3166 1173 3218 du·
1256 3165 1403 3217 nibus
1417 3161 1726 3230 oculostel,
1742 3162 1951 3235 infestos
1969 3161 2263 3216 hominibus

171 3250 248 3300 bio
270 3252 458 3302 amicoe
471 3286 488 3314 ,
515 3261 564 3301 et
585 3249 777 3318 adjice,
804 3247 982 3299 AErod.
1255 3246 1426 3298 oculos
1440 3247 1465 3296 Ρ
1486 3247 1706 3298 Senum.

237 3332 473 3404 affusus
491 3330 864 3382 misericor-dice.
879 3329 1050 3402 Hujus
1063 3347 1175 3380 mu·
1323 3325 1342 3347 ’
1363 3323 1529 3376 Nulla
1552 3323 1681 3388 alia,
1708 3337 1767 3374 ut
1790 3321 1969 3376 videre
1992 3335 2098 3388 est,
2120 3341 2261 3375 men·

173 3409 398 3464 liercnloe
417 3450 436 3475 ,
473 3411 597 3463 edit.
635 3411 749 3462 aliae
781 3424 924 3464 recte
944 3449 962 3474 ,
993 3409 1172 3482 judice
1255 3401 1437 3454 dosior
1460 3417 1512 3454 et
1536 3404 1701 3474 magis
1726 3401 2011 3474 depravata
2038 3403 2135 3452 fuit
2158 3401 2261 3454 De-

171 3493 517 3562 Schultingio.
537 3523 608 3534 —-
634 3492 740 3563 Qui
765 3493 966 3545 eruerit.
993 3492 1169 3544 AErod,
1254 3484 1520 3537 clamatio.
1542 3485 1599 3534 ln
1619 3485 1769 3553 cujus
1790 3481 2184 3544 emendatione,
2200 3497 2261 3535 ut

171 3575 398 3632 mavult,
420 3574 518 3647 qui
535 3575 688 3627 eruit,
1253 3563 1381 3614 alias
1419 3562 1766 3634 plerumque,
1802 3563 1843 3612 si
1880 3560 2133 3613 audacius
2166 3561 2261 3612 ali-

236 3655 282 3707 3.
309 3653 466 3706 Ferre
496 3653 705 3723 infestos
727 3651 1022 3704 numinibus
1045 3669 1172 3703 ocu·
1255 3659 1455 3716 quanto
1494 3643 1563 3696 ab
1602 3644 1727 3716 ipsis
1762 3641 2051 3696 verborum
2088 3646 2260 3710 notis,

171 3729 258 3783 Ios.
281 3733 450 3804 Lege,
472 3731 739 3792 omnibus,·
759 3729 951 3802 quibus
974 3731 1063 3800 qui
1082 3748 1172 3781 oc·
1255 3743 1370 3797 quae
1403 3738 1663 3796 apparent
1678 3763 1694 3790 ‚
1724 3722 1943 3776 videbor
1976 3725 2220 3775 recedere
2243 3746 2255 3774 z

169 3811 560 3874 currat‚malam
572 3829 788 3863 scaevam
799 3811 898 3862 sibi
910 3809 1173 3881 objectam
1255 3807 1439 3858 subeat
1455 3805 1739 3858 identidem
1756 3805 1866 3856 haec
1877 3806 2147 3873 cogitatio,
2162 3819 2257 3854 nos

169 3906 334 3960 putet.
359 3891 446 3942 sic
471 3893 806 3963 superiorum
831 3890 1011 3960 primae
1039 3890 1173 3940 omi·-
1253 3888 1401 3941 nullo
1427 3907 1647 3960 prorsus
1673 3902 1845 3940 zetere
1868 3882 2151 3956 exemplari
2172 3883 2259 3934 ad·

171 3985 342 4020 noxam
379 3967 735 4022 calamitatem
770 3967 996 4040 corporis
1026 3969 1172 4019 resti·
1245 3969 1420 4038 jutos,
1443 3966 1535 4018 sed
1555 3967 1669 4018 sola
1688 3965 1882 4034 ingenii
1904 3964 2095 4024 nostri,
2114 3961 2258 4032 quod

168 4048 379 4102 mimus.
415 4047 647 4100 Gnonov.
689 4049 804 4114 An,
835 4047 1058 4118 defectos
1091 4044 1173 4098 Iu·
1253 4047 1424 4098 sentio
1455 4064 1613 4117 quam
1643 4046 1706 4096 sit
1740 4043 1982 4110 exiguum
2001 4079 2017 4104 ,
2042 4043 2259 4112 conjec-

171 4127 426 4180 mim'bus?
448 4146 546 4194 an,
565 4125 779 4197 perdere
798 4123 993 4196 infestis
1011 4127 1175 4178 numi—
1253 4139 1372 4179 tura
1397 4139 1451 4179 et
1474 4126 1815 4178 divinatione.
1842 4121 2021 4174 AEnon.

379 4216 434 4268 6.
1950 4207 2011 4259 13
