2855 4871
557 406 1394 473 DECLAMATIONES.
1442 407 1927 476 CCCXXXII.

2156 418 2279 485 353

195 528 322 601 ties
347 529 442 601 ad
477 529 852 603 amicitiam
882 529 1252 629 superioris
1279 530 1587 621 accessit,
1621 534 1828 607 affert
1855 535 2121 635 aliquid
2162 540 2287 613 du-

193 690 307 759 peri
324 688 634 760 astipulari,
653 691 760 741 sive
780 686 954 739 divitis
976 700 1206 739 mentem

193 767 528 819 verisimilem
574 780 926 839 mutuamque
971 784 1207 817 amorem

195 846 536 914 consideres,
571 850 680 900 sive
710 851 823 919 ejus
853 845 1011 899 verba
1043 849 1206 919 respi-

192 930 300 981 cias
317 967 336 995 ,
362 931 421 981 id
440 930 606 1002 quod,
633 944 736 983 eto.
763 948 876 1001 quae
898 927 1057 981 verba
1082 930 1206 999 quia

189 1006 472 1059 indefinita
495 1020 548 1059 et
570 1007 838 1079 generalia
861 1019 986 1059 sunt
1000 1045 1017 1075 ,
1045 1024 1204 1059 nemo

191 1089 382 1141 dixerit
393 1092 484 1161 jus
503 1108 598 1161 per
617 1109 702 1155 se,
722 1100 814 1141 aut
833 1106 1062 1159 corpora
1081 1106 1208 1139 con-

191 1171 395 1236 tinere,
429 1172 532 1222 nisi
561 1190 661 1241 pro
695 1189 761 1222 eo
795 1168 865 1222 ad
891 1168 1039 1241 quod
1071 1168 1206 1221 refe-

191 1260 401 1301 runtur.
429 1250 528 1300 Hic
545 1268 673 1300 vero
699 1248 848 1321 quod
871 1248 1110 1301 relictum
1127 1261 1206 1299 est

193 1346 224 1379 a
254 1345 530 1399 paupere,
560 1330 649 1398 jus
690 1340 798 1379 est:
830 1330 921 1398 jus
958 1328 1117 1397 igitur
1154 1338 1208 1379 et

193 1408 492 1461 universale
515 1408 786 1481 quoddam
805 1410 1080 1461 continent
1095 1406 1205 1459 haec

191 1489 384 1557 verba,
416 1509 530 1542 non
559 1504 818 1563 quantum
848 1488 978 1562 quid
1013 1503 1065 1541 et
1096 1492 1207 1541 sin-

191 1570 398 1643 gulare.
429 1571 592 1623 Plane
621 1573 665 1624 si
693 1571 836 1625 dives
860 1573 933 1623 ita
959 1573 1016 1623 in
1045 1585 1210 1624 testa-

191 1662 378 1703 mento
406 1652 728 1724 scripsisset,
766 1652 1026 1721 Quantam
1053 1668 1210 1721 pecu-

193 1730 373 1796 niam,
403 1742 524 1795 aut,
555 1741 758 1782 tantum
785 1742 1041 1802 quantum
1066 1748 1208 1801 pau-

191 1830 292 1883 per
332 1810 470 1863 mihi
514 1812 818 1883 reliquerit,
863 1812 1004 1865 hem
1047 1812 1170 1863 dato
1188 1851 1208 1879 ,

196 1894 322 1963 quia
371 1894 489 1963 ipsa
539 1892 697 1945 verba
751 1894 832 1945 sui
882 1897 1210 1963 proprietate

195 1972 394 2045 (quam
411 1972 528 2040 hic,
547 1986 608 2025 ut
627 1987 827 2040 orator,
847 1974 1209 2041 Quintilianus

193 2070 459 2128 perpetuo
491 2075 602 2108 non
635 2055 911 2128 sequitur)
945 2058 1211 2127 quantita-

195 2150 303 2187 tem
319 2133 689 2187 demonstrant
701 2173 718 2200 ,
733 2154 844 2186 non
860 2148 1079 2205 quotam
1094 2153 1214 2204 por-

195 2214 417 2265 tionem.
443 2212 478 2263 l.
504 2212 698 2265 Paulus
722 2211 1022 2284 respondit:
1061 2213 1120 2265 ff.
1143 2212 1212 2264 ad

195 2292 428 2347 Trebell.
459 2312 650 2347 census
680 2292 928 2346 habenda
957 2307 1096 2347 esset
1127 2312 1214 2345 ra-

197 2375 306 2440 tio,
341 2390 460 2437 nec,
480 2374 645 2446 ipsius
680 2371 1020 2440 hereditatis,
1064 2372 1210 2445 quod

191 2459 278 2527 jus
297 2469 406 2522 est,
425 2454 520 2506 sed
539 2456 650 2525 ejus
672 2455 818 2527 quod
841 2458 895 2506 in
914 2454 1210 2507 hereditate

199 2549 363 2589 esset:
387 2533 426 2587 l.
456 2535 549 2606 qui
571 2535 953 2602 concubinam,
974 2538 1022 2604 S.
1048 2553 1212 2606 quum

198 2619 270 2670 ita
303 2616 569 2690 legatum:
603 2617 669 2668 ff.
706 2615 772 2668 de
804 2616 962 2688 legat.
997 2616 1088 2669 lib.
1119 2618 1208 2669 111.

197 2700 265 2749 At
287 2694 400 2748 haec
421 2694 611 2761 verba,
638 2695 693 2746 id
716 2695 882 2768 quod,
913 2693 995 2747 vel
1020 2711 1210 2746 secun-

201 2777 328 2831 dum
354 2782 527 2850 ipsam
547 2777 1054 2847 jurisconsultorum
1077 2776 1209 2830 sub-

201 2860 440 2912 tilitatem
462 2897 479 2926 ,
522 2856 653 2909 nihil
699 2860 784 2910 sui
826 2858 1209 2928 significatione

200 2939 608 3006 demonstrant,
643 2941 744 2990 nisi
777 2937 925 3009 quod
962 2937 1031 2990 ad
1067 2937 1210 2990 allud

199 3025 338 3076 facta
364 3023 622 3075 relatione
641 3023 935 3072 continent.
959 3019 1016 3070 ld
1035 3019 1211 3090 ipsum

193 3107 278 3175 jus
317 3117 400 3158 est
417 3143 436 3170 ,
479 3123 542 3156 ex
585 3121 695 3174 quo
737 3115 796 3154 ut
838 3098 1172 3152 individuum
1192 3138 1208 3166 ,

201 3186 468 3255 quantitas
493 3199 759 3252 nusquam
788 3178 980 3231 deduci
1004 3191 1207 3250 potest:

197 3262 236 3315 l.
269 3265 390 3334 cogi
427 3263 642 3333 poterit.
691 3258 903 3331 §.inde
945 3260 1208 3329 quaeritur.

197 3340 256 3393 ff.
279 3341 350 3393 ad
367 3341 459 3394 SC.
475 3337 794 3394 Trebellian.
811 3338 841 3387 J
847 3355 906 3388 us
922 3353 1047 3406 ergo
1059 3374 1075 3402 ,
1097 3353 1209 3386 non

197 3442 325 3496 pars
361 3421 629 3474 bonorum
671 3419 846 3490 legato
889 3421 1208 3471 continetur.

197 3507 380 3577 Atque
397 3503 456 3554 id
476 3505 692 3556 omnino
715 3521 835 3554 meo
855 3499 1058 3571 judicio
1085 3519 1212 3552 con-

197 3585 376 3638 firmat
414 3583 680 3639 Scaevola:
723 3582 760 3632 l.
804 3582 899 3634 ult.
928 3581 979 3653 §.
1015 3583 1232 3634 Lucius·

198 3667 397 3719 Titius:
431 3665 494 3716 ff.
523 3663 589 3718 de
615 3663 772 3734 legat.
801 3661 894 3714 lib.
923 3663 1000 3728 11,
1033 3661 1069 3712 l.
1103 3663 1212 3714 Lu-

199 3745 314 3798 cius
336 3746 537 3797 Titius:
565 3744 624 3794 ff.
651 3742 718 3794 ad
737 3738 962 3793 Trebell.
989 3739 1212 3810 Rogavit

197 3835 424 3876 testator
453 3823 617 3875 filiam
649 3838 830 3884 suam,
866 3837 1026 3891 quam
1056 3815 1210 3868 here-

197 3903 324 3957 dem
357 3904 428 3957 ab
459 3906 709 3956 intestato
737 3899 1054 3976 reliquerat,
1083 3899 1210 3950 item

199 4000 252 4038 et
271 3971 492 4038 uxorem
505 4023 522 4051 ,
543 3999 602 4036 ut
627 3981 890 4056 quidquid
911 3985 1036 4054 ipsae
1050 3979 1212 4034 habe-

199 4079 322 4118 rent
340 4106 358 4134 ,
408 4069 550 4120 inter
594 4083 684 4118 eas
729 4083 1008 4117 commune
1053 4075 1208 4116 esset.

197 4147 424 4202 Confert
445 4150 502 4200 in
521 4145 754 4200 medium
774 4165 906 4199 uxor
923 4145 1066 4199 bona
1087 4163 1210 4211 sua,

385 4235 439 4288 6.

1287 706 1401 760 quae
1422 687 1579 759 longe
1598 691 1808 743 minora
1830 706 1951 745 sunt
1974 692 2089 747 flliae
2106 697 2290 769 bonis,

1287 786 1354 820 an
1379 788 1514 821 uxor
1532 772 1693 841 igitur
1714 790 1773 825 ex
1796 772 1953 827 bonis
1977 774 2093 829 ffliae
2110 776 2293 835 hacte-

1285 866 1386 899 nus
1405 850 1608 919 capiet,
1630 862 1887 921 quatenus
1908 855 2116 908 confert
2138 860 2292 913 vicis-

1287 929 1384 980 sim
1403 948 1467 981 ex
1486 932 1627 982 suis?
1642 932 1947 1004 Respondet
1968 936 2197 991 Scaevola
2212 941 2293 993 di-

1285 1006 1501 1060 midiam
1525 1011 1743 1061 omnino
1767 1026 2154 1085 percepturam.
2176 1020 2206 1069 J
2210 1038 2295 1071 am

1285 1104 1413 1139 vero
1429 1088 1472 1138 si
1486 1106 1692 1159 pauper
1705 1088 1919 1143 divitem
1934 1111 2043 1145 non
2066 1114 2129 1147 ex
2149 1116 2295 1165 asse,

1287 1165 1382 1220 sed
1405 1186 1470 1219 ex
1493 1172 1704 1223 semisse
1727 1186 1817 1223 aut
1842 1172 1943 1226 alia
1966 1190 2119 1246 parte
2144 1180 2295 1231 insti-

1286 1247 1501 1299 tuisset:
1527 1266 1683 1300 nemo
1704 1249 1919 1318 dixerit,
1940 1256 2149 1325 opinor,
2171 1260 2297 1329 quia

1285 1329 1460 1379 minus
1472 1343 1549 1381 est
1558 1332 1613 1383 in
1632 1334 1844 1385 semisse
1856 1338 2123 1407 pauperis,
2136 1358 2296 1410 quam

1284 1408 1340 1457 in
1365 1405 1552 1459 eadem
1578 1408 1752 1463 divitis
1780 1424 1931 1482 parte
1948 1450 1964 1478 ,
1992 1416 2297 1471 aestimatio-

1286 1484 1445 1538 nibus
1462 1505 1745 1559 corporum
1758 1527 1775 1555 ,
1789 1508 1903 1561 quae
1917 1493 2159 1563 partibus
2174 1516 2301 1549 con-

1288 1567 1541 1635 tinentur,
1555 1586 1665 1619 rem
1677 1570 1751 1620 ita
1770 1570 2145 1626 moderandam
2164 1593 2297 1629 esse:

1289 1661 1347 1700 ut
1371 1666 1579 1719 pauper
1602 1668 1631 1699 e
1654 1662 1965 1705 testamento
1992 1652 2164 1711 divitis
2183 1677 2299 1711 non

1289 1732 1559 1781 semissem
1581 1729 1807 1799 habeat,
1841 1733 1935 1785 sed
1961 1740 2145 1805 quanti
2172 1758 2301 1792 suus

1291 1820 1429 1861 esset
1448 1810 1621 1861 semis.
1642 1812 1806 1881 Igitur
1827 1830 1943 1883 quae
1967 1813 2033 1865 de
2058 1830 2209 1887 parte
2231 1817 2303 1871 ad

1288 1900 1527 1959 partem,
1558 1887 1625 1940 de
1659 1902 1773 1965 toto
1808 1890 1876 1942 ad
1910 1906 2081 1944 totum
2110 1915 2217 1949 una
2248 1910 2303 1950 et

1292 1967 1478 2021 eadem
1492 1972 1625 2021 ratio
1644 1984 1738 2023 est.
1758 1974 1870 2025 Nec
1887 1975 2026 2025 enim
2044 1979 2159 2047 quis
2176 1978 2301 2030 huic

1289 2050 1410 2103 loco
1445 2050 1751 2124 adaptabit,
1786 2053 1933 2125 quod
1968 2054 2141 2127 longis
2177 2073 2305 2129 post

1292 2130 1624 2201 temporibus
1653 2150 1683 2183 a
1710 2133 2014 2185 Justiniano
2044 2135 2147 2187 alia
2177 2137 2304 2191 alibi

1291 2209 1497 2261 ratione
1522 2210 1884 2263 introductum
1910 2226 1987 2264 est
2011 2214 2065 2265 in
2095 2214 2221 2267 dote
2250 2231 2305 2269 et

1292 2286 1581 2341 donatione
1613 2303 1835 2361 propter
1864 2293 2104 2363 nuptias,
2128 2310 2300 2348 const.

1291 2368 1388 2438 92,
1421 2368 1489 2419 de
1517 2368 1813 2440 aequalitate
1837 2370 1995 2423 dotiS.
2017 2375 2129 2425 Nec
2156 2375 2305 2446 quod

1291 2449 1486 2502 dicitur
1506 2451 1561 2501 in
1580 2450 1616 2503 l.
1638 2455 1945 2523 imperator,
1964 2455 2014 2521 S.
2035 2455 2130 2508 ult.
2152 2459 2213 2508 ff.
2234 2457 2304 2510 de

1291 2528 1392 2599 leg.
1419 2528 1511 2580 lib.
1537 2531 1603 2582 11.
1632 2529 1692 2582 ld
1722 2532 1864 2582 enim
1888 2550 1951 2583 eo
1978 2532 2068 2599 fit,
2093 2537 2217 2605 quia
2244 2537 2301 2588 in

1290 2611 1547 2679 majorem
1570 2622 1775 2678 partem
1798 2627 1955 2660 nemo
1977 2615 2181 2680 gravari
2203 2633 2304 2684 po·-

1292 2702 1424 2756 test,
1466 2707 1625 2760 quam
1662 2703 1977 2742 testamento
2017 2696 2303 2764 acceperit.

1287 2773 1398 2841 Age
1418 2807 1437 2836 ,
1481 2772 1525 2822 si
1563 2769 1697 2828 nihil
1738 2783 1870 2822 esset
1909 2772 1964 2822 in
2006 2770 2301 2827 hereditate

1286 2854 1539 2923 pauperis
1561 2864 1751 2922 praeter
1766 2853 1855 2921 jus
1878 2853 2083 2923 ipsum,
2110 2857 2167 2907 in
2192 2875 2299 2934 quo

1289 2953 1486 2986 nomen
1508 2933 1813 2986 hereditatis
1838 2934 2103 3004 subsistit,
2127 2957 2195 2991 an
2220 2939 2301 2992 di-

1291 3034 1534 3068 ceremus
1566 3017 1724 3067 inane
1758 3028 1810 3068 et
1842 3015 2125 3070 ridiculum
2156 3020 2301 3092 lega-

1293 3107 1404 3146 tum
1416 3112 1530 3154 esse
1542 3092 1717 3145 divitis
1732 3108 1784 3146 et
1796 3095 1983 3146 amici?
1998 3115 2161 3168 quum
2171 3101 2303 3153 mul-

1291 3187 1348 3226 to
1367 3177 1533 3244 magis
1548 3173 1825 3226 verisimile
1841 3193 1949 3227 non
1970 3177 2063 3244 sit,
2085 3177 2298 3234 divitem

1291 3257 1519 3307 amicum
1544 3255 1947 3308 beneficentiam
1977 3277 2125 3311 suam
2142 3299 2159 3328 ,
2188 3281 2297 3314 non

1290 3337 1593 3388 uberiorem
1648 3355 1761 3389 esse
1818 3337 2047 3392 voluisse
2065 3379 2082 3408 ,
2139 3361 2298 3414 quam

1290 3421 1543 3490 pauperis
1564 3437 1677 3471 esse
1696 3421 1930 3489 potuerit
1955 3440 2077 3491 erg-a
2102 3442 2173 3476 se.
2192 3427 2297 3478 De-

1290 3503 1456 3572 nique
1474 3518 1584 3552 non
1602 3499 1756 3552 video
1780 3519 1884 3572 qua
1903 3501 2169 3557 solutione
2190 3509 2299 3560 evi-

1292 3581 1390 3632 tari
1430 3581 1635 3650 possint
1674 3579 1763 3630 illa
1799 3578 1909 3632 duo
1947 3599 2261 3652 argumenta
2278 3623 2296 3650 ,

1293 3657 1485 3729 quibus
1507 3655 1863 3726 Quintilianus
1888 3657 1973 3711 hie
1998 3676 2179 3714 noster
2196 3666 2299 3716 uti-

1290 3755 1392 3792 tur.
1422 3740 1573 3792 Prius
1600 3743 1653 3792 in
1677 3743 1799 3811 jure
1823 3743 2089 3805 consistit3
2113 3757 2297 3814 poste-

1292 3821 1402 3872 rius
1425 3821 1481 3870 in
1503 3837 1655 3892 aequo
1685 3832 1736 3870 et
1764 3818 1928 3871 bono.
1958 3821 2094 3872 Nam
2120 3823 2165 3873 si
2190 3841 2295 3893 po-

1290 3898 1550 3951 suerimus
1570 3935 1587 3965 ,
1633 3898 1805 3968 inquit
1822 3935 1838 3964 ,
1875 3917 1940 3949 eo
1982 3897 2145 3949 modo
2187 3914 2296 3954 tes-

1291 3993 1583 4034 tamentum
1634 3979 1823 4030 fecisse
1878 3977 2089 4031 divitem
2112 4017 2128 4046 ,
2188 4001 2295 4054 quo

1290 4077 1495 4134 pauper
1512 4081 1527 4122 ;
1546 4069 1728 4109 contra
1746 4074 2061 4129 pauperem,
2086 4077 2195 4130 quo
2216 4061 2298 4114 di-

1291 4149 1380 4196 ves
1401 4163 1412 4192 =
1438 4141 1483 4194 si
1506 4155 1724 4204 census,
1748 4157 1856 4191 non
1875 4139 2005 4208 juris
2036 4142 2295 4198 rationem

1984 4228 2048 4281 23
