2855 4871
624 428 1468 499 DECLAMATIONES.
1517 433 1892 502 cccxxi.
2175 458 2300 529 297

206 558 645 631 etot-itatem:
688 556 1065 646 discordes,
1110 556 1373 655 inquit,
1419 558 1667 631 fuistis.
1713 540 2049 631 Nondum
2093 561 2305 633 ratio-

212 700 381 744 nem
418 662 633 773 hujus
664 670 974 743 criminis
1010 671 1221 743 reddo
1250 697 1265 742 :
1312 669 1486 743 illud
1525 672 1805 745 interim
1839 694 2079 765 testor,
2114 674 2306 747 hunc

210 787 489 859 bonum
514 787 821 859 amicum
844 784 1125 884 utrique
1150 784 1605 859 maledicere:
1634 814 1824 860 nunc
1847 789 2052 877 mihi,
2075 790 2302 881 frater,

212 902 288 973 in
314 927 732 1000 quacunque
766 920 954 1000 parte
986 902 1249 973 naturae
1280 928 1350 973 es
1368 959 1387 992 ,
1410 901 1682 1001 agenda
1708 930 1912 976 causa
1940 924 2008 974 et
2031 924 2300 977 tuaest.

208 1016 505 1116 Aliquid
544 1044 631 1089 ex
666 1042 951 1089 summa
994 1012 1700 1115 fraternitatis'gratia
1740 1018 2041 1090 defuisse
2079 1018 2304 1090 visum

212 1154 313 1205 est
356 1130 773 1231 aliquando,
808 1131 983 1203 dum
1021 1132 1304 1204 forsitan
1344 1154 1633 1230 uterque
1670 1132 1944 1206 alterius
1983 1133 2306 1205 animum

212 1248 437 1347 magis
484 1247 695 1346 exigit
736 1246 992 1319 fiducia
1034 1247 1179 1319 sui..
1211 1250 1397 1321 Bene
1439 1248 1716 1321 hercule
1751 1250 2073 1339 fortuna,
2117 1248 2306 1346 quod

212 1386 505 1463 uterque
554 1386 721 1437 tunc
767 1364 1181 1457 incolumis,
1234 1366 1423 1463 quod
1471 1388 1751 1466 penates
1790 1368 1943 1440 sine
1986 1366 2306 1465 lacrymis

210 1482 534 1553 fuerunt.
561 1479 758 1551 nulla
782 1479 1119 1579 parricidii
1148 1480 1474 1579 suspicio,
1503 1501 1638 1553 tem
1647 1508 1813 1580 porc
1835 1481 1980 1572 illo,
2009 1507 2148 1611 quo
2178 1480 2311 1551 mi-

212 1622 350 1667 nus
394 1596 845 1709 amabamus:
902 1620 1047 1667 non
1095 1614 1331 1666 tamen
1378 1595 1512 1667 ista
1557 1597 1772 1668 nostri
1826 1596 2050 1668 animi
2098 1595 2310 1694 culpa

208 1700 553 1799 fuit,1'=isi
590 1709 759 1807 quia
788 1708 1035 1780 vitium
1068 1729 1170 1781 est
1204 1708 1532 1781 humanae
1563 1710 1816 1782 mentis
1850 1689 2074 1782 nimia
2104 1707 2310 1808 cupi-

210 1825 415 1897 ditas,
468 1824 564 1896 Hi
610 1844 809 1914 sunt,
848 1822 981 1923 qui
1022 1822 1427 1923 conjunctos
1465 1844 1794 1923 separant
1833 1823 2145 1913 animos,
2189 1823 2308 1922 qui

212 1966 511 2013 summae
536 1939 919 2012 concordiae
938 1937 1126 2009 virus
1148 1963 1357 2009 suum
1384 1938 1870 2037 interponunt,
1895 1939 2019 2035 qui
2055 1936 2312 2009 heredi—

210 2077 384 2128 tates
410 2076 719 2154 captant,
742 2054 869 2152 qui
890 2080 965 2125 se
995 2054 1423 2128 testamentis
1443 2074 1722 2153 parant:
1754 2052 1878 2152 qui
1901 2053 1994 2125 ita
2017 2052 2310 2124 demum

206 2196 411 2269 spem
450 2169 759 2269 aliquam
807 2169 881 2239 in
923 2188 1275 2267 posterum
1306 2168 1460 2240 vitae
1502 2167 1802 2258 habent,
1841 2168 1898 2239 si
1942 2192 2094 2255 eos,
2138 2190 2312 2265 quos

206 2285 477 2357 amicos
518 2282 1043 2383 appellaverunt
1064 2338 1082 2370 ,
1132 2281 1500 2353 carissimis
1549 2282 1962 2382 pignoribus
2010 2281 2314 2354 abduxe-

208 2399 388 2472 rint:
436 2398 593 2497 quis
632 2396 873 2470 fecerit
908 2394 1087 2468 illud
1132 2395 1313 2467 inter
1348 2422 1511 2486 nos,
1545 2396 1647 2469 sic
1683 2398 1990 2496 quaerite.
2025 2394 2312 2470 Nullam

206 2515 333 2588 iste
381 2543 577 2616 spem
619 2513 1020 2586 hereditatis
1056 2510 1450 2602 habuisset,
1487 2514 1542 2584 si
1581 2541 1950 2614 nunquam
1985 2512 2313 2585 dissedis-

206 2655 481 2702 semus:
520 2629 655 2702 hoc
698 2627 907 2726 igitur
946 2627 1257 2726 primum
1298 2627 1514 2700 veluti
1559 2627 1907 2700 mentium
1952 2627 2313 2726 animique

210 2746 455 2821 tentati
480 2771 751 2820 veneno
782 2769 1061 2832 sumus3
1100 2743 1224 2815 sed
1244 2799 1264 2833 ‚
1296 2743 1400 2814 dii
1429 2743 1726 2816 melius:
1761 2769 1990 2844 neque
2019 2743 2314 2841 longum

110 2937 125 2950 ,
208 2861 401 2934 istud
446 2863 619 2936 fuit:
666 2887 896 2961 neque
934 2859 1327 2959 quidquam
1372 2885 1454 2930 ex
1497 2887 1576 2932 eo
1608 2881 1922 2933 secutum
1957 2880 2090 2950 est,
2122 2858 2311 2957 quod

206 2977 577 3048 emendari
614 3003 758 3048 non
790 2975 1023 3075 possit.
1054 2972 1321 3044 Divisio
1349 2973 1493 3044 sola
1519 2987 1566 3065 ¹,
1601 2995 1678 3046 ut
1705 2975 1934 3048 sciatis
1969 2974 2083 3047 cui
2117 2973 2313 3046 heres

208 3093 332 3165 sit:
376 3091 504 3163 sed
537 3110 775 3190 postea
804 3085 1035 3188 (quod
1072 3085 1231 3158 satis
1270 3090 1407 3182 est)
1445 3089 1696 3185 gratia,
1727 3109 1798 3162 et
1825 3115 2060 3161 rursus
2089 3087 2314 3160 solida
2395 3107 2400 3114 ·

210 3208 637 3298 fraternitas,
672 3207 893 3279 immo
927 3202 1209 3276 hercule
1238 3201 1466 3303 major
1495 3205 1880 3307 arctiorque
1910 3205 2311 3308 conjunctio

210 3343 363 3419 post
405 3321 909 3422 paenitentiam.
957 3318 1291 3391 Nesciunt
1336 3317 1700 3414 homines,
1747 3342 2093 3420 quantum
2141 3319 2310 3392 boni

212 3437 602 3510 fraternitas
638 3436 923 3526 habeat,
958 3433 1079 3533 qui
1120 3459 1491 3533 nunquam
1533 3437 1998 3511 dissederurrt:
2034 3458 2115 3509 ut
2148 3434 2312 3507 dul-

210 3551 353 3625 cius
396 3579 725 3625 serenum
774 3571 929 3650 post
970 3569 1409 3649 tempestates
1451 3574 1584 3642 est,
1629 3553 1724 3626 ita
1767 3553 2014 3626 nostris
2058 3549 2312 3624 animis

216 3665 550 3760 laceratis,
578 3688 649 3739 et
674 3667 867 3739 domi
888 3664 1281 3764 castigatis2,
1306 3665 1496 3737 velut
1522 3688 1759 3766 portus
1789 3667 1916 3772 ille·
1932 3667 2312 3741 fraternita-

290 3855 335 3889 ι.
370 3838 575 3891 Divisio
608 3838 736 3892 sola.
775 3839 973 3892 Divino
1004 3841 1059 3890 in
1096 3835 1221 3890 edit.
1305 3847 1387 3892 tus
1410 3841 1509 3905 sit,
1539 3859 1706 3912 marg.
1731 3869 1804 3882 --
1827 3842 2008 3912 Major
2024 3836 2311 3908 arction-que

216 3917 287 3970 al.
310 3921 451 3973 forte
472 3919 743 3974 divisimus
759 3920 956 3987 solum,
977 3932 1040 3974 ut
1054 3919 1227 3973 sci-atis
1303 3924 1617 4016 conjunctio.
1635 3923 1732 3975 Ed.
1749 3924 1861 3994 Bip.
1880 3919 2040 3972 habet
2055 3914 2311 3988 altiorque

219 4019 316 4050 cur
339 4001 477 4054 heres
516 4003 612 4054 sit·
632 4002 849 4055 Senum.
885 4002 1083 4056 Divisio
1111 3999 1222 4055 sola
1303 4003 1440 4073 conj.
1463 4003 1607 4065 vitio,
1629 4013 1689 4052 ut
1703 4013 1981 4071 putamus
2001 4011 2308 4068 operat-mm

218 4079 323 4147 (ut
362 4084 531 4136 sciatis
591 4084 677 4134 cui
726 4084 869 4137 heres
913 4083 1051 4156 sit),
1098 4083 1220 4148 sed,
1302 4101 1402 4135 nec
1426 4082 1538 4135 ullo
1561 4081 1724 4134 modo
1744 4082 1870 4136 ferri
1889 4091 2086 4152 potest.
2107 4079 2201 4130 En.

224 4157 397 4210 Erod.
438 4159 511 4211 Ue
528 4162 699 4220 sciatis
718 4177 815 4214 cur
836 4159 923 4214 hic
946 4161 1219 4232 heresfac·
1374 4179 1423 4213 a.
1451 4161 1735 4232 castigatis.
1752 4157 2030 4232 Fatigatis,
2056 4155 2180 4211 alii:
2167 4173 2309 4208 ·non
