2855 4871
495 416 1335 483 DECLAMATIONES.
1383 417 1899 485 CCCXXXIV.
2116 420 2241 487 365

133 542 368 615 sciens
415 539 810 614 defendisti.
847 539 1048 613 Nihil
1094 539 1250 612 dico
1289 539 1376 612 de
1423 540 1869 614 advocatione
1894 555 1956 614 ¹:
2002 562 2245 615 testem

134 658 444 759 perdidi.
467 660 786 729 Tantane
809 656 987 728 lucri
1013 655 1391 754 cupiditas?
1417 656 1515 749 sic
1538 658 1919 755 proditores
1943 685 2135 731 cortu
2146 686 2245 730 m-

135 795 451 875 puntur:
487 772 582 845 sic
611 798 886 872 prorsus
915 771 1131 844 homo
1163 772 1695 845 nocentissimus
1725 801 1887 847 cum
1922 775 2247 847 advocato

134 918 267 963 suo
294 889 570 962 locutus
599 908 738 961 est:
772 890 920 986 Ego
951 887 1242 986 quidem
1273 887 1591 986 prodidi:
1626 889 1747 961 sed
1770 917 2105 987 magnam
2133 917 2271 990 per

137 1005 432 1079 cuniam
455 1003 724 1102 accepi:
755 1022 821 1074 et
847 1002 974 1073 tibi
1003 1002 1282 1074 sufficit.
1319 1001 1644 1092 Quaeritis
1661 1061 1680 1093 ,
1700 1032 1729 1105 J
1741 1004 2005 1095 udices,
2033 1032 2249 1103 quan·

135 1144 300 1194 tum
350 1120 742 1221 promiserit
781 1119 1090 1220 petenti?
1137 1146 1281 1191 non
1330 1121 1561 1219 potuit
1601 1122 1910 1219 proditor
1944 1121 2245 1194 solvere:

138 1264 316 1337 ergo
349 1258 694 1336 quantum
727 1236 802 1308 in
833 1236 960 1308 isto
995 1256 1131 1326 est,
1167 1235 1479 1335 proditor
1508 1237 1711 1328 vivit,
1752 1264 1881 1309 nec
1909 1237 2071 1309 vivit
2096 1260 2251 1309 tan-

137 1376 299 1426 tum
315 1412 334 1444 ,
360 1353 483 1425 sed
509 1353 718 1424 etiam
745 1352 1141 1443 insidiatur,
1165 1372 1232 1424 et
1252 1353 1340 1423 ad
1366 1352 1499 1424 hoc
1524 1354 1922 1426 necessitate
1944 1354 2252 1426 solvendi

141 1491 474 1571 urgetur:
503 1469 831 1543 addidisti
861 1468 1136 1543 homini
1161 1470 1661 1543 nocentissimo
1690 1472 1999 1571 pecuniae
2028 1497 2253 1543 neces-

140 1588 446 1661 sitatem.
490 1586 698 1657 Unde
739 1606 1136 1684 temporum
1180 1599 1488 1657 mutata²
1525 1586 1829 1659 conditio
1872 1585 2011 1657 est?
2049 1613 2253 1685 pecu-

143 1705 352 1779 niam
385 1730 530 1776 non
564 1702 991 1801 accipiebas:
1027 1702 1121 1775 ita
1161 1730 1353 1775 nunc
1393 1701 1511 1775 ille
1552 1702 1743 1802 quod
1782 1703 2069 1803 punitus
2113 1724 2252 1793 est,

143 1848 416 1894 merces
438 1820 652 1922 hujus
676 1820 1024 1893 vindicata
1052 1840 1188 1892 est:
1222 1819 1597 1921 pecuniam
1621 1846 1767 1892 non
1793 1841 2165 1917 acceperat.

221 2044 269 2080 ι.
309 2026 472 2080 Nihil
509 2026 680 2079 dicam
712 2026 776 2077 de
805 2025 1160 2079 advocatione.
1243 2034 1663 2098 corrumpuntur.
1698 2024 1867 2075 Immo
1901 2034 2254 2096 corrumpunt.

143 2110 264 2159 Hoc
287 2120 395 2170 est,
419 2103 486 2157 de
510 2118 668 2177 pacto
694 2104 1087 2157 advocationis:
1110 2116 1163 2157 et
1242 2108 1408 2160 Gnon.
1432 2136 1507 2147 —-
1527 2108 1599 2159 Et
1620 2106 1710 2157 tibi
1730 2103 1945 2179 sufficit.
1972 2107 2255 2173 Francius,

147 2198 330 2239 testem
353 2184 589 2257 perdidi,
619 2202 812 2254 nempe
834 2183 1166 2255 proditorem
1248 2187 1302 2238 id
1339 2187 1438 2239 tibi
1470 2186 1701 2261 sufficit.-
1736 2187 1891 2239 male.
1917 2186 2094 2239 Verba
2136 2202 2260 2241 sunt

149 2268 420 2333 exsulem,
437 2266 531 2337 qui
543 2266 610 2319 de
626 2278 787 2337 pacto
803 2268 1169 2319 testimonium
1247 2267 1453 2321 clientis
1469 2306 1486 2336 ‚
1515 2288 1762 2342 maguam
1791 2270 2075 2341 pecuniam
2097 2288 2255 2323 acce-

149 2350 293 2402 dicat
311 2387 328 2415 ‚
359 2366 521 2420 quem
552 2346 619 2399 de
647 2345 994 2399 advocatione
1026 2366 1166 2401 mer-
1245 2350 1334 2420 pi,
1366 2366 1481 2419 qnae
1514 2342 1671 2401 etiarn
1698 2348 1793 2400 tibi
1821 2348 2049 2414 sufficit,
2080 2351 2125 2401 si
2155 2368 2260 2421 pa·
2326 2380 2349 2401 e

151 2430 370 2484 canaria
389 2467 408 2496 ,
444 2441 496 2480 et
532 2420 824 2501 patrocinii
852 2428 1044 2481 salario
1082 2430 1166 2482 in-
1246 2427 1533 2480 trocinium
1557 2447 1731 2481 meum
1757 2428 2032 2500 suscipias,

154 2524 438 2580 ter-rogem.
461 2509 644 2560 AEnon.
665 2508 778 2572 An,
797 2507 862 2560 de
877 2509 1170 2562 advocatio-
1323 2525 1370 2560 2.
1406 2509 1553 2562 Unde
1582 2521 1873 2582 temporum
1897 2520 2113 2561 mutata.
2139 2509 2225 2561 An
2241 2547 2258 2575 ‚

155 2609 248 2656 ne,
263 2607 372 2662 qua
385 2598 449 2640 tu
463 2584 1170 2660 remprodidisti?an,fidem
1252 2589 1393 2640 unde
1435 2600 1611 2644 tamen
1650 2603 1923 2662 pactorum
1965 2608 2037 2641 m.
2079 2610 2123 2644 c.
2172 2609 2216 2642 e.
2238 2592 2264 2640 Ρ

152 2667 429 2740 prodidisti
436 2652 695 2721 ifficnnm.
707 2667 875 2721 —St'c
885 2667 1171 2742 proditores
1251 2673 1472 2726 Senum.
