2855 4871
563 367 681 443 10'3
1059 380 1150 441 M.
1199 371 1451 441 FABu
1498 374 2140 458 QUINTILIANI

555 498 914 589 neminem
958 496 1181 570 alium
1227 497 1575 596 deponere
1626 495 1820 569 illam
1868 497 2081 569 debui
2124 524 2138 567 ε
2194 496 2427 578 sciunt
2476 492 2647 567 servi

555 616 733 687 mei:
767 615 1047 687 mutasti
1079 615 1400 686 animum
1433 634 1586 712 post
1616 614 1797 686 istud
1827 632 2279 687 tormentum.
2312 614 2383 685 Si
2412 634 2648 684 tamen

556 730 685 827 tibi
725 757 1063 829 magnum
1102 729 1448 803 videretur
1482 729 1554 801 in
1591 729 1953 803 tormentis
1982 756 2125 802 esse
2160 748 2647 816 momentnm;

558 868 624 920 et
655 847 761 919 isti
790 847 1344 946 torquebuntur:
1371 874 1520 919 rem
1545 847 1833 946 quidem
1860 848 2039 919 facio
2065 847 2395 919 miseram
2421 874 2435 917 ε
2466 846 2558 917 do
2583 844 2648 915 in

558 964 1012 1061 quaestionem
1042 963 1230 1064 (jam
1259 962 1443 1034 dices
1477 962 1691 1059 mihi)
1734 990 2000 1035 servos:
2046 961 2167 1035 sed
2210 963 2335 1059 qui
2376 979 2650 1060 propter

558 1077 688 1149 hoc
721 1077 892 1149 servi
919 1096 1117 1166 sunt,
1142 1098 1220 1149 ut
1247 1098 1742 1176 torqueantur:
1776 1077 2085 1177 alioquin
2114 1103 2259 1149 non
2290 1102 2484 1148 eram
2512 1094 2651 1145 tam

557 1194 904 1293 ingratus,
935 1214 1016 1265 ut
1045 1194 1117 1265 in
1153 1194 1286 1267 hoc
1313 1196 1643 1267 nomine¹
1678 1194 1911 1267 adhuc
1934 1220 2053 1267 eos
2081 1194 2508 1282 detinerem,
2538 1187 2653 1287 qui

561 1338 840 1384 mecum
869 1310 996 1383 soli
1027 1311 1356 1383 fuissent:
1391 1312 1816 1384 sustinebitis
1839 1312 2049 1410 igitur
2075 1328 2463 1395 tormenta,
2494 1306 2656 1378 fide-

558 1427 807 1499 lissimi
853 1426 1171 1519 comites3
1215 1428 1639 1502 sustinebitis
1670 1429 2163 1529 quaestionem,
2203 1426 2472 1525 optime
2506 1450 2655 1495 me-

563 1542 715 1630 riti;
749 1540 870 1615 sed
905 1534 1276 1642 ignoscite:
1321 1542 1593 1615 facilius
1636 1563 1736 1615 est
1777 1563 2151 1641 egestatem
2193 1543 2374 1612 ferre
2418 1540 2493 1610 in
2533 1538 2657 1608 hac

563 1656 774 1727 natis:
821 1684 936 1728 me
982 1678 1224 1729 onerat
1265 1658 1619 1758 majorum
1668 1658 1990 1728 meorum
2038 1654 2381 1754 dignitas,
2426 1669 2659 1724 onerat

563 1770 810 1868 prioris
828 1772 1261 1845 consuetudo
1281 1773 1461 1863 vitae,
1484 1792 1726 1845 onerat
1737 1772 1959 1844 'etiam
1980 1772 2169 1842 fama
2184 1784 2211 1813 ²
2234 1798 2247 1839 :
2280 1790 2349 1841 et
2367 1766 2655 1839 omnino

564 1886 650 1957 de
692 1886 1092 1960 innocentia
1133 1915 1292 1961 mea
1333 1888 1687 1987 quaeritur.
1723 1886 2121 1960 Indebitam
2160 1883 2537 1984 pecuniam
2577 1880 2657 1951 ab

565 1999 790 2073 amico
825 2023 1026 2101 peto:
1065 2023 1133 2074 et
1167 2002 1360 2075 hunc
1390 2002 1877 2101 potissimum,
1913 2028 2129 2098 quem
2166 1997 2657 2084 calumniarer,

565 2115 787 2213 elegi3
838 2144 1061 2214 quum
1119 2117 1177 2189 si
1216 2117 1500 2207 effodit,
1550 2117 1607 2188 si
1647 2114 2092 2206 abscondit3,
2137 2140 2402 2215 quum,
2447 2112 2508 2183 si
2550 2110 2659 2182 hic

566 2259 721 2323 tzere
759 2260 1027 2332 pauper
1053 2254 1186 2322 est,
1211 2259 1312 2307 ,ne
1351 2232 1690 2305 damnato
1726 2232 2015 2329 quidem
2052 2232 2189 2303 sim
2218 2249 2657 2328 recepturus:

568 2373 716 2418 rem
739 2347 1257 2441 incredibilem,
1285 2370 1354 2421 et
1374 2349 1447 2420 in
1471 2376 1614 2449 qua
1633 2374 1746 2420 me
1768 2347 2135 2423 dementiae
2158 2345 2451 2418 crimine
2478 2344 2663 2416 dam·

568 2463 718 2536 nari
771 2489 1047 2536 necesse
1099 2485 1218 2538 est.
1273 2468 1453 2538 Ante
1502 2465 1747 2536 omnia
1796 2463 2169 2564 perdidisse
2212 2489 2327 2533 me
2381 2461 2662 2534 omnem

567 2579 943 2678 pecuniam
993 2580 1180 2670 dico,
1236 2608 1323 2653 ne
1372 2579 1563 2653 dives
1612 2607 1755 2652 esse
1804 2579 2062 2678 possim
2106 2606 2121 2648 :
2178 2577 2333 2649 ideo
2373 2576 2663 2647 demum

571 2694 895 2784 mentior,
919 2715 997 2767 ut
1019 2696 1195 2768 mihi
1213 2724 1377 2770 cum
1401 2696 1678 2768 duobus
1692 2694 2130 2784 servistortis,
2158 2694 2214 2764 si
2230 2713 2470 2797 tamen
2492 2716 2665 2790 quae·

570 2807 777 2879 stioni
801 2811 1300 2908 superfuerint,
1325 2809 1707 2882 vivendum
1728 2808 1851 2881 sit?
1880 2808 2229 2897 siminus,
2260 2805 2427 2896 soli,
2448 2803 2663 2905 qualis

573 2920 646 2992 in
675 2923 912 2994 exsilio
936 2925 1063 3013 fui,
1096 2926 1350 3025 qualis,
1379 2953 1603 3024 quum
1634 2948 2015 3022 tyrannum
2044 2922 2412 3023 fugerem?
2446 2925 2591 3020 Ego
2613 2919 2665 2990 si

505 3079 518 3089 ·
575 3037 967 3110 calumnior
987 3041 1298 3113 amicum
1317 3069 1560 3114 meum
1578 3098 1596 3129 ,
1618 3041 2004 3139 graviorem
2026 3067 2307 3141 poenam
2330 3041 2511 3110 ferre
2532 3061 2663 3109 non

575 3177 859 3251 possum
889 3180 905 3223 :
952 3156 1168 3252 perdo
1201 3157 1549 3255 quidquid
1591 3177 1749 3256 peto
1779 3184 1794 3226 :
1840 3177 1907 3229 et
1940 3183 2158 3254 quam
2188 3182 2474 3227 causam
2506 3154 2665 3224 iras-

577 3265 781 3337 cendi
799 3266 932 3356 ‚tibi
965 3267 1226 3342 habui?
1249 3269 1421 3368 quid
1447 3290 1719 3344 tantum
1750 3269 2163 3342 malefecisti
2192 3269 2409 3359 mihi,
2445 3288 2524 3339 ut
2550 3291 2665 3363 ego

578 3405 724 3450 non
750 3377 881 3450 sim
913 3383 1274 3454 tormentis
1301 3384 1499 3456 istius
1524 3383 1929 3457 contentus?
1951 3385 2105 3457 Scio
2136 3385 2271 3456 dici
2304 3383 2533 3456 simile
2559 3379 2669 3452 ali-

580 3491 748 3591 quid
773 3493 986 3565 'etiam
1013 3523 1090 3566 ex
1113 3519 1304 3595 parte
1330 3498 1631 3570 diversa:
1660 3525 1872 3598 quem
1899 3499 2031 3571 sibi
2062 3526 2275 3570 usum
2302 3499 2455 3571 fore
2477 3523 2668 3597 pecu·

583 3606 718 3680 niae
749 3607 969 3682 dicet?
991 3611 1172 3684 Ante
1199 3615 1443 3692 omnia
1466 3614 1598 3687 hoc
1627 3612 1959 3687 dissimile
1990 3636 2086 3686 est
2114 3643 2129 3686 ε
2168 3615 2363 3714 qnod
2393 3610 2669 3715 pauperi

661 3795 704 3830 1.
743 3779 812 3830 In
850 3778 946 3832 hoc
983 3781 1211 3834 nomine.
1249 3783 1439 3835 Servos
1474 3784 1587 3836 scil.
1670 3795 1805 3835 nost.
1818 3783 1921 3836 ed.:
1940 3786 2131 3836 :Fama
2146 3804 2370 3857 quoque
2384 3798 2464 3838 est
2480 3782 2666 3835 oneri.-

584 3855 786 3928 alioqui
825 3861 1276 3925 manumisissem‚
1321 3874 1373 3910 et
1414 3861 1590 3914 liberti
1740 3862 1793 3913 3.
1818 3863 1876 3913 Si
1905 3861 2126 3934 effodit,
2159 3867 2202 3916 εἰ
2230 3864 2516 3917 abscondit.
2538 3861 2671 3915 Scri·

588 3933 904 3988 dicerentur.
1667 3941 1830 3995 bend.
1849 3943 1893 3995 si
1910 3943 2141 4013 defodit.-
2161 3959 2215 3996 et
2233 3964 2387 4009 mox,
2407 3963 2479 3996 ne
2492 3964 2525 3994 a
2540 3943 2673 3993 darn·

661 4031 708 4064 2.
739 4016 932 4067 Onerat
957 4018 1115 4070 etiam
1133 4017 1312 4088 fama.
1337 4017 1588 4085 Ovidius,
1670 4031 1794 4072 nato
1817 4021 2042 4092 quidem.
2068 4025 2311 4078 Gnonov.
2338 4025 2398 4076 Si
2420 4021 2612 4095 effodi,
2634 4019 2671 4069 εἰ

591 4090 686 4160 Ep.
713 4093 882 4159 xvn,
905 4114 954 4145 v.
984 4097 1099 4164 167,
1119 4091 1224 4147 vol.
1245 4097 1295 4159 1,
1317 4113 1440 4167 pag.
1469 4097 1573 4150 320
1669 4099 1938 4166 abscondi,
1962 4103 2143 4154 AEnon.
