2855 4871
623 457 742 538 134
1119 459 1210 523 M.
1257 460 1510 523 FABII
1556 458 2193 541 QUINTILIANI

614 605 839 677 quum
869 579 1336 655 dimitterem?
1365 611 1507 655 non
1534 583 1889 682 probabis:
1920 581 2179 682 alioqui
2202 580 2261 653 si
2281 580 2416 653 hoe
2438 578 2669 679 putaris

616 721 758 767 esse
781 696 1156 794 pecuniam
1183 698 1498 795 accipere
1516 754 1537 785 ,
1562 697 1868 771 abdicari
1900 698 2177 769 fratrem
2198 754 2219 785 ‚
2248 694 2479 768 statim
2504 692 2673 766 detu-

612 808 802 880 lisses
837 840 848 879 :
890 832 1124 909 postea
1149 812 1399 883 videbo
1421 866 1439 897 ,
1475 838 1617 907 qua
1652 838 1851 884 causa
1893 811 2217 883 dimissus
2258 810 2379 899 sit,
2421 808 2673 884 interim

613 951 790 1023 nego
827 924 958 999 hoc
989 954 1132 999 esse
1175 924 1548 1023 pecuniam
1592 926 1924 1021 accipere.
1974 925 2137 997 Sine
2172 924 2392 995 dubio
2424 945 2523 997 est
2548 944 2671 995 tam

611 1041 1103 1129 manifestum,
1154 1061 1230 1113 ut
1273 1040 1473 1111 nulla
1516 1039 2079 1137 interpretatione
2124 1061 2355 1138 egeat,
2400 1038 2563 1137 quid
2602 1038 2673 1107 sit

609 1157 916 1253 accipere
946 1157 1320 1256 pecuniam
1351 1184 1364 1226 :
1403 1182 1533 1254 ego
1560 1175 1795 1229 tamen
1826 1181 1969 1227 non
1990 1181 2149 1227 sum
2176 1174 2535 1229 contentus
2564 1154 2671 1224 hac

612 1270 1014 1343 defensione
1035 1326 1053 1359 ‚
1089 1269 1220 1344 nisi
1249 1270 1422 1347 illud
1458 1270 1872 1368 probavero,
1910 1296 1999 1341 ne
2028 1296 2222 1368 spem
2256 1270 2540 1367 quidem
2569 1296 2673 1367 pe-

609 1386 830 1457 cuniae
875 1384 1183 1455 oblatam
1212 1367 1234 1455 ε’
1280 1383 1452 1481 quid
1494 1384 1685 1457 enim
1728 1383 1906 1457 mihi
1950 1383 2297 1482 pollicitus
2328 1406 2439 1456 est-
2468 1381 2676 1483 pater?

608 1501 666 1571 si
702 1500 1160 1588 dimisissem,
1195 1501 1549 1589 futurum,
1577 1522 1653 1571 ut
1686 1498 2037 1579 abdicaret
2071 1501 2355 1573 fratrem
2376 1513 2393 1543 ¹
2436 1525 2671 1571 meum.

605 1615 958 1688 Heredem
985 1635 1394 1687 testamento
1417 1614 1625 1685 etiam
1653 1642 1817 1685 eum
1836 1671 1854 1703 ,
1876 1641 2089 1713 quem
2110 1614 2524 1703 abdicasset,
2543 1611 2676 1712 quis

607 1732 873 1803 vetabat
895 1730 1215 1803 substitui
1241 1730 1313 1803 in
1335 1730 1572 1804 locum
1598 1730 1894 1803 abdicati
1916 1730 2140 1802 alium
2160 1729 2531 1803 heredem?
2553 1754 2677 1801 non

607 1873 890 1945 possum
923 1873 1084 1946 ergo
1115 1847 1336 1918 videri
1371 1866 1648 1945 propter
1682 1846 2053 1944 pecuniam
2086 1846 2422 1918 dimisisse
2442 1903 2461 1936 ,
2494 1846 2675 1917 etiam

608 1965 663 2035 si
713 1986 989 2064 propter
1033 1965 1165 2037 hoc
1211 1986 1496 2037 tantum·
1535 1963 1980 2039 dimisissem.
2029 1966 2235 2035 Nunc
2278 1990 2436 2035 vero
2484 1988 2677 2061 quam

606 2078 828 2151 multa
860 2081 1149 2151 fuerunt
1167 2137 1185 2169 ,
1220 2100 1501 2179 propter
1524 2106 1679 2177 quae
1700 2076 2167 2151 dimitterem?
2194 2077 2248 2149 si
2273 2077 2407 2150 hoc
2431 2098 2680 2149 tantum

607 2220 723 2264 me
752 2194 1001 2280 movit,
1036 2194 1467 2295 quod-frater
1494 2214 1671 2283 παις
1706 2215 1853 2271 erat
1880 2215 2121 2267 tamen
2148 2194 2305 2267 satis
2333 2195 2545 2294 plena
2570 2191 2679 2262 de-

606 2309 869 2398 fensio,
900 2330 966 2380 et
999 2308 1188 2409 quod
1225 2311 1720 2400 minor‘frater,
1757 2332 1824 2383 et
1852 2312 2037 2410 quod
2070 2311 2200 2383 sub
2234 2332 2427 2409 patre
2457 2312 2679 2396 frater3

606 2445 684 2496 ut
706 2424 1019 2496 etiamsi
1059 2424 1186 2524 ipsi
1225 2443 1793 2528 non-perceremg
1828 2448 2063 2498 tamen
2100 2447 2167 2498 et
2197 2426 2407 2525 patris
2441 2445 2507 2499 et
2540 2449 2681 2496 mea

606 2560 812 2628 causa
856 2565 996 2613 non
1021 2540 1409 2613 'debuerim’
1435 2543 1764 2627 oecidere.
1808 2543 2014 2614 Nunc
2046 2567 2205 2614 vero
2244 2541 2400 2642 quis
2434 2539 2684 2612 dubitet

604 2643 862 2730 exorari
914 2687 1027 2732 me
1081 2657 1396 2732 debuisse
1417 2717 1445 2766 ,Ι
1492 2643 1719 2794 ,illutilm
1773 2681 1964 2762 pater
2012 2655 2319 2760 peteret?
2372 2680 2682 2760 putemus

604 2774 780 2845 nihil
833 2799 1098 2871 patrem
1143 2804 1285 2848 esse
1323 2763 1719 2874 pollieitum
1740 2833 1760 2864 ,
1812 2775 2107 2868 nullam,
2132 2774 2308 2866 mihi
2358 2773 2681 2846 ultionem

604 2890 982 2987 praestitisse
998 2905 1055 2978 ²3
1086 2893 1242 2990 quis
1261 2919 1407 2964 non
1438 2893 1743 2990 impium
1767 2919 1915 2984 me,
1939 2892 2097 2990 quis
2121 2919 2265 2964 non
2290 2890 2683 2964 sceleratum

606 3026 914 3102 putaret,
951 3008 1007 3078 si
1043 3035 1184 3080 non
1224 3007 1693 3108 impetrasset?
1722 3011 1935 3082 'Nunc
1964 3035 2120 3081 vero
2153 3009 2471 3108 promisit
2498 3007 2687 3078 ultio-

604 3146 767 3194 nem
811 3121 1231 3220 pleniorem,
1267 3125 1548 3222 integris
1588 3125 2067 3224 inviolatisque
2106 3123 2439 3199 manibus
2482 3119 2682 3194 meis·

603 3255 670 3305 et
695 3233 839 3332 ipse
869 3257 1058 3336 pater
1083 3265 1385 3311 severus:
1425 3266 1655 3340 neque
1686 3238 1879 3312 enim
1908 3259 2039 3328 est,
2072 3237 2262 3336 quod
2294 3236 2551 3336 putetis
2582 3233 2689 3306 de-

601 3347 814 3459 fuisse
863 3350 922 3422 ei
957 3351 1360 3454 gravitatem
1381 3411 1399 3444 ,
1450 3353 1746 3452 defuisse
1779 3355 1867 3428 ad
1901 3353 2281 3426 vindictam
2314 3352 2637 3424 animum
2671 3375 2683 3417 :

600 3465 941 3539 abdicavit
970 3497 982 3538 :
1019 3490 1084 3544 et
1111 3497 1255 3545 non
1285 3459 1685 3578 fecisse-hoc
1706 3499 1885 3576 ⁴eum
1916 3471 2245 3576 temporis
2278 3497 2521 3557 causa,
2550 3495 2691 3542 ma·-

601 3580 928 3692 nifestqin
955 3605 1375 3657 testamento
1403 3585 1768 3694 fuit-Ergo
1794 3615 1923 3661 nec
1948 3587 2327 3690 pecuniam
2352 3586 2535 3658 mihi
2560 3585 2689 3686 pol·

679 3781 724 3823 t.
764 3769 836 3824 Ut
863 3773 1124 3828 abdic-aret
1145 3774 1372 3848 fratrem
1409 3795 1604 3832 meunt.
1688 3795 1773 3834 me
1826 3783 2059 3836 heredem
2117 3795 2418 3838 testamento
2455 3783 2659 3856 faceret
2672 3821 2687 3848 ,

599 3855 744 3910 Duas
783 3856 994 3911 ultimas
1029 3879 1186 3912 voces
1227 3863 1392 3914 nescit
1430 3859 1609 3922 AErqd.
1690 3883 1850 3937 quum
1870 3883 1993 3918 eum
2013 3865 2307 3920 abdicasset.
2332 3865 2459 3934 Quis
2480 3863 2689 3916 ventat.

599 3948 660 3984 ut
687 3948 740 3986 et
764 3953 872 4008 seq.
902 3935 970 3987 ad
998 3937 1122 4004 Quis
1145 3941 1357 3992 vetabat.
1383 3939 1608 3992 videtur
1632 3975 1639 3985 ι
1762 3964 1808 3996 2.
1831 3945 2093 3998 UItIonem
2108 3943 2413 4017 prestitisse.
2428 3943 2576 4013 Lego
2588 3959 2693 4016 pro-

601 4015 856 4066 omissnm
867 4013 1066 4086 aliquid
1081 4057 1095 4080 ,
1112 4031 1162 4067 et
1180 4017 1457 4088 legonaum
1475 4039 1486 4067 ε
1504 4015 1607 4069 Ab·
1687 4023 1877 4076 misisse
1886 4028 1915 4090 ,'
1931 4035 1981 4075 et
2006 4023 2211 4076 videtur
2234 4022 2593 4075 difien-entiam
2616 4035 2689 4072 at-

600 4095 834 4170 dionunt,
853 4115 962 4158 ,non
991 4099 1298 4152 instituisset.
1329 4101 1457 4168 Quis
1480 4109 1613 4167 veta,-
1690 4102 1918 4156 tendisse
1944 4105 2085 4155 inter
2102 4103 2375 4175 polliceri,
2399 4115 2451 4156 et
2472 4101 2690 4174 promit-

601 4174 702 4226 bat.
715 4177 830 4230 Sca.
847 4177 1021 4246 Forte,
1034 4181 1362 4233 utabdicarec
1359 4180 1607 4251 fratrem:
1690 4193 1807 4234 tere.
1834 4183 2053 4234 Senum.
