2855 4871
734 440 1571 511 DECLAMATIONES.
1617 444 1812 510 xvl.

2198 440 2324 509 553

221 550 445 640 oratio
494 564 651 639 est?
700 594 830 639 nec
874 586 1021 637 erat
1064 565 1319 637 arbiter
1344 566 1600 667 judicii
1651 566 1807 657 sui,
1855 566 1974 637 sed
2015 564 2328 637 minister

222 686 461 757 alieni.
496 684 777 775 Tacuit‚
814 684 1141 782 inquam:
1178 710 1219 754 o
1248 682 1427 755 mira
1453 706 1520 756 et
1551 686 1745 757 muta
1773 682 2158 755 sententia?
2183 707 2328 752 om-

222 824 351 869 nes
380 798 609 869 sciunt
635 797 975 895 lacrymas
1005 822 1083 867 ex
1116 823 1261 867 uno
1286 798 1761 871 misericordiae
1791 799 1980 869 fonte
2011 821 2324 883 manare,

226 914 305 983 in
336 937 572 984 amore
594 910 701 982 vel
727 910 1065 982 maxime:
1095 935 1263 982 nam
1299 909 1553 983 iisdem
1584 912 1837 1001 oculis»,
1863 911 2120 1011 quibus
2150 936 2327 981 ama·

228 1049 376 1119 tur,
412 1046 479 1099 et
514 1026 740 1099 fletur.
780 1028 998 1099 Miser
1044 1026 1161 1097 ille
1184 1038 1231 1115 ¹,
1270 1052 1485 1125 quem
1528 1029 1728 1100 nullo
1775 1048 2164 1100 accusatore
2203 1053 2328 1125 pu-

227 1172 594 1232 tyrannorum.
612 1160 827 1211 Latinus
844 1161 1065 1212 Pacatus
1079 1160 1133 1211 in
1148 1161 1239 1211 Pa-

226 1256 347 1307 neg.
366 1256 484 1310 cap.
506 1254 601 1289 20:
628 1262 649 1285 ι
668 1238 902 1309 Ejusque
914 1236 1241 1309 (superbie)

234 1317 603 1388 «impatientia
634 1318 737 1367 sint
766 1318 937 1367 coacti
970 1328 1095 1388 post
1122 1313 1239 1367 bel-

231 1420 255 1443 ·
275 1396 473 1449 latores
498 1395 713 1462 Tullnn,
740 1398 1047 1467 Numaeque
1077 1398 1240 1447 sacri-

230 1499 255 1521 ι
274 1476 435 1543 ficos,
459 1489 511 1527 et
537 1475 792 1529 Romulos
820 1474 1126 1527 conditores
1152 1492 1239 1526 re-

232 1578 255 1601 ι
274 1572 441 1623 gnum
470 1572 639 1626 usque
672 1553 739 1605 ad
770 1572 967 1605 noman
996 1552 1189 1607 odisse.
1210 1575 1233 1598 ιι

226 1628 587 1699 Quintilianus
623 1644 907 1703 propterea
943 1630 1233 1684 Declamat.

226 1712 451 1765 OCCXC
472 1749 491 1778 ‚
542 1730 759 1785 regnum
810 1723 864 1764 et
907 1713 1239 1782 tyrannidem

220 1791 460 1861 junxisse
478 1790 700 1845 videtur.
720 1789 895 1843 Verba
918 1804 1071 1843 sunt:
1104 1813 1128 1837 ι
1147 1793 1242 1842 Ρο-

235 1896 257 1919 ·
279 1884 521 1925 testatem
542 1873 638 1924 tibi
656 1873 772 1924 vitae
792 1889 853 1925 ac
874 1874 1017 1924 necis
1040 1872 1124 1925 lex
1147 1870 1241 1923 de-

234 1978 257 1999 ·
279 1952 375 2003 dit.
414 1952 566 2005 Ultra
604 1970 831 2022 reguum
873 1970 1030 2004 omne
1045 1989 1063 2017 ,
1100 1950 1240 2003 ultra

234 2056 259 2079 ιι
280 2030 609 2105 tyrannidem
635 2048 849 2082 ornnem
876 2042 986 2097 eat,
1013 2028 1119 2081 hoc
1147 2028 1239 2081 din

236 2134 261 2158 ι
283 2110 460 2165 licere.
483 2134 505 2156 n
532 2111 863 2183 caeteroquin
888 2111 933 2163 ai
954 2124 1066 2161 rem
1090 2122 1241 2181 pute-

232 2207 380 2254 mus,
404 2190 528 2241 satis
552 2206 741 2258 magna
762 2190 900 2241 inter
920 2206 1067 2259 reges
1091 2200 1143 2240 et
1166 2200 1245 2259 ty·

232 2286 431 2322 tannes
474 2268 750 2321 intercedit
795 2268 1113 2321 differentia.
1161 2266 1244 2317 Illi

235 2352 379 2401 enim
390 2351 461 2400 ita
471 2349 715 2420 judicant
728 2371 743 2412 3
754 2368 907 2401 suum
920 2367 1055 2413 esse,
1068 2364 1247 2419 quam·

236 2449 397 2502 quam
428 2428 635 2502 legibus
666 2429 827 2482 soluti
864 2432 1001 2497 sint,
1038 2428 1242 2500 legibus

234 2524 415 2562 tamen
436 2511 634 2562 vivere:
661 2509 717 2562 hi
737 2510 883 2580 prius
906 2509 1127 2559 nimium
1152 2525 1248 2560 co-

234 2591 430 2659 gitant,
456 2587 733 2660 negligunt
756 2589 1047 2658 posterius,
1073 2601 1245 2657 eoque

234 2667 305 2720 ad
327 2666 677 2720 immoderata
700 2679 753 2718 et
774 2667 1103 2738 iniquissima
1134 2683 1247 2716 om-

234 2747 326 2798 nia
342 2757 632 2798 transeunt.
652 2745 763 2796 Rex
778 2745 905 2809 scit,
922 2742 1071 2815 quod
1089 2740 1218 2793 libet
1229 2784 1246 2813 ,

234 2825 295 2878 id
318 2825 419 2878 sibi
441 2824 627 2876 licere:
652 2837 905 2896 tyrannus
924 2824 1078 2876 nimis
1098 2819 1248 2874 avide

235 2906 293 2960 id
310 2908 401 2974 jus
426 2918 647 2956 exercet.
676 2904 755 2956 lta
780 2901 1092 2956 detestabile
1114 2900 1248 2954 illud

238 3002 437 3039 nomen
482 2983 535 3034 in
568 2984 715 3053 justo
754 2981 1081 3056 populorum
1122 2980 1247 3034 odio

238 3060 565 3116 adsciscitur.
602 3063 837 3128 Etenim,
871 3062 1105 3132 quamvis
1136 3079 1249 3112 non

240 3143 416 3194 minus
444 3153 587 3192 recte
616 3153 898 3206 statuatur,
920 3139 1067 3212 quod
1088 3138 1246 3202 libet,

240 3221 299 3274 id
326 3223 387 3273 iis
416 3219 603 3286 licere,
634 3237 792 3292 quam
820 3237 1025 3272 summa
1051 3218 1170 3271 illos
1199 3231 1251 3270 et

242 3299 491 3354 absoluta
512 3301 567 3351 in
586 3319 771 3354 omnes
787 3314 840 3353 et
858 3301 1037 3352 omnia
1062 3301 1142 3351 sui
1168 3317 1251 3351 re-

244 3380 335 3452 gni
358 3389 621 3450 potestate
644 3378 889 3450 praeditos
912 3380 1115 3441 νίψει-ος
1138 3395 1249 3430 non

246 3460 501 3510 continuo
550 3471 725 3510 tamen
770 3470 823 3510 et
863 3460 1069 3529 justum
1109 3457 1209 3509 erit
1232 3495 1246 3518 ,

249 3535 509 3610 quidquid
528 3538 765 3589 fecerint.
781 3538 959 3589 Licere
980 3539 1119 3590 enim
1136 3549 1249 3588 tan-

246 3629 363 3668 tum
414 3617 781 3686 impunitatem
835 3615 1033 3668 tribuit.
1092 3617 1253 3686 igitur

248 3695 569 3750 Claudianus
594 3732 612 3760 ,
664 3695 1035 3766 imperatore·
1082 3696 1253 3747 infor-

248 3793 428 3841 mans»,
451 3773 727 3846 praeclare:
760 3796 781 3820 u
802 3775 914 3826 Nec
934 3773 1031 3826 tibi
1049 3772 1177 3846 quid
1195 3773 1257 3824 li-

256 3876 279 3898 ·
298 3865 417 3905 ceat
434 3891 452 3919 ,
492 3853 585 3906 sed
622 3853 750 3924 quid
784 3854 973 3906 fecisse
1009 3852 1219 3906 decebit
1238 3891 1256 3919 ‚

257 3955 281 3978 ι
298 3931 557 3986 Occurrat
567 3970 585 3998 ‚
598 3947 933 4006 mentemque
946 3932 1127 3984 domet
1146 3950 1257 3984 res-

258 4034 281 4059 «
300 4023 489 4083 peetus
522 4012 748 4066 honesti.
772 4036 795 4060 ι
826 4012 955 4065 Inde
988 4026 1041 4065 et
1068 4012 1254 4066 Cicero

250 4109 353 4162 pro
372 4089 587 4143 Rabirio
606 4095 855 4146 Postumo
867 4091 1075 4163 judices
1088 4094 1165 4145 sic
1186 4091 1259 4144 al-

252 4167 514 4241 loquitur:
546 4195 567 4218 a
588 4171 727 4239 Quid
753 4171 937 4224 deceat
961 4190 1056 4224 vos
1072 4209 1087 4238 ‚
1112 4191 1221 4224 non
1239 4208 1257 4238 ‚

1324 1183 1346 1206 ιι
1368 1174 1627 1233 quantum
1668 1162 1823 1214 liceat
1863 1160 2014 1213 vobis
2031 1198 2048 1225 ‚
2090 1170 2328 1231 spectare

1324 1239 1607 1293 «debetise
1653 1241 1697 1295 si
1740 1242 1913 1305 enim,
1949 1238 2096 1309 quod
2135 1238 2328 1303 liceat,

1325 1342 1347 1365 ιι
1368 1322 1624 1391 quau-itis,
1645 1321 1866 1392 potestis
1890 1320 2076 1372 tollere
2098 1338 2127 1371 e
2151 1320 2331 1370 civita-

1325 1421 1346 1444 ·
1367 1411 1420 1450 te
1433 1437 1451 1464 ,
1467 1417 1623 1470 quem
1645 1398 1820 1451 vultis.
1843 1422 1866 1445 ιι
1890 1400 2088 1451 Seneca
2102 1398 2330 1449 Contro-

1317 1498 1452 1531 νοτε.
1499 1481 1568 1533 lv
1589 1503 1602 1532 ε
1648 1503 1672 1527 α
1693 1482 1774 1533 An
1815 1480 2026 1533 licuerit
2070 1479 2178 1532 filio
2202 1500 2215 1529 ε
2263 1497 2330 1531 au

1324 1580 1347 1605 ιι
1366 1558 1636 1611 vindicam
1655 1561 1980 1631 oportuerit:
2005 1576 2100 1621 an,
2121 1559 2165 1607 si
2185 1554 2333 1609 licuit

1326 1660 1347 1683 ι
1369 1650 1421 1689 et
1441 1640 1705 1709 oportuit,
1725 1636 2110 1707 ignoscendum
2134 1638 2203 1688 sit
2225 1635 2332 1703 illi,

1324 1740 1348 1765 a
1368 1720 1412 1769 si
1439 1735 1550 1768 non
1581 1718 1756 1787 potuit
1772 1754 1789 1781 ‚
1814 1716 2140 1787 indulgentia
2169 1733 2332 1785 repu-

1326 1812 1349 1845 d
1366 1809 1581 1867 gnante.
1606 1818 1629 1843 n
1651 1795 1786 1851 vido
1803 1797 1954 1849 Grot.
1974 1796 2042 1849 de
2059 1798 2188 1848 Jure
2206 1796 2333 1849 belli

1320 1891 1373 1929 et
1395 1878 1542 1949 pacis
1569 1878 1674 1941 111,
1697 1876 1732 1943 4
1747 1914 1765 1942 ‚
1796 1894 1844 1928 a.
1879 1876 2059 1942 Quare
2084 1877 2209 1929 satis
2237 1893 2334 1928 au·

1320 1953 1504 2007 dacter
1521 1955 1776 2008 Salmasio
1802 1957 2098 2007 onomastix
2123 1974 2219 2026 pro
2241 1973 2335 2026 po-

1319 2034 1452 2107 pulo
1477 2034 1755 2105 anglicano
1780 2047 1906 2105 post
1927 2035 2164 2089 initium,
2193 2053 2239 2085 c.
2269 2052 2296 2085 2
2317 2054 2331 2086 ε

1328 2135 1352 2159 ι
1369 2113 1575 2165 Etenim
1618 2109 1880 2184 quidquid
1923 2114 2034 2183 regi
2079 2111 2208 2163 libet
2226 2148 2243 2177 ‚
2279 2108 2335 2161 id

1330 2216 1351 2240 α
1366 2194 1486 2263 jure
1515 2193 1661 2264 regio
1689 2191 1890 2245 licitum
1920 2192 2050 2259 erit,
2085 2189 2232 2264 quod
2261 2202 2338 2243 te-

1329 2295 1353 2320 «
1374 2273 1616 2325 tert-imus
1641 2270 1729 2324 ille
1758 2272 2060 2324 Antoninus
2087 2289 2196 2322 non
2227 2282 2336 2323 sta-

1330 2375 1353 2401 ·
1374 2355 1470 2404 tim
1490 2368 1651 2405 ausus
1673 2365 1753 2404 est
1771 2351 2014 2419 credere,
2034 2370 2192 2403 nemo
2214 2368 2338 2421 pro-

1331 2455 1355 2480 «
1374 2432 1516 2485 fecto
1549 2446 1662 2499 eat,
1693 2443 1786 2484 aut
1819 2449 2056 2504 unquam
2085 2430 2218 2496 fuit,
2245 2429 2339 2501 qui

1331 2534 1353 2559 α
1376 2525 1629 2584 tyrannus
1649 2510 1756 2563 dici
1770 2511 1980 2564 debeat.
1999 2512 2180 2578 Quum
2195 2511 2336 2560 enim

1332 2613 1356 2637 α
1375 2589 1552 2642 divina
1576 2591 1752 2642 omnia
1779 2602 1939 2659 atque
1967 2589 2197 2639 humana
2221 2588 2338 2637 vio-

1332 2692 1356 2716 «
1376 2669 1494 2720 larit
1515 2707 1532 2736 ,
1573 2668 1740 2722 nihilo
1783 2681 1958 2719 tamen
1999 2667 2176 2717 minus
2213 2683 2338 2731 rex,

1334 2772 1356 2797 a·
1370 2751 1493 2820 jure
1521 2751 1666 2821 regio
1693 2751 1876 2801 insons
1909 2749 2024 2800 erit.
2049 2769 2071 2794 υ
2103 2748 2214 2797 Imo
2249 2745 2338 2797 ille

1326 2829 1565 2881 nefarius
1605 2829 1736 2892 erit,
1772 2839 2028 2900 tyrannus
2067 2825 2180 2876 erit.
2225 2825 2338 2876 Nec

1328 2906 1470 2957 enim
1512 2907 1556 2958 si
1590 2906 1808 2976 impune
1842 2904 1943 2954 ista
1979 2903 2338 2972 commiserit,

1328 2982 1453 3036 ideo
1495 2996 1546 3035 et
1587 2995 1730 3036 recte
1771 2983 1960 3035 fecisse
2005 3000 2340 3054 consequens

1330 3076 1439 3116 est:
1477 3063 1602 3134 quin
1643 3076 1696 3114 et
1733 3079 1892 3134 poena
1929 3075 1982 3114 et
2019 3061 2340 3114 contumelia

1330 3139 1522 3213 dignus
1541 3143 1737 3194 merito
1747 3139 2064 3193 habebitur:
2085 3141 2179 3193 sed
2198 3159 2340 3212 quae-

1328 3220 1526 3273 rendus
1543 3220 1708 3291 judex
1729 3233 1826 3272 est.
1849 3220 2070 3274 Senum.
2091 3219 2342 3272 Francius

1328 3299 1567 3370 legebat,
1593 3299 1744 3372 hujus
1768 3299 1902 3363 ἠως,
1928 3317 1999 3349 an
2023 3298 2151 3370 regis
2173 3297 2339 3348 oratio

1329 3381 1441 3433 est?
1473 3378 1718 3445 Mallem,
1757 3379 1882 3429 civis
1919 3376 2059 3440 hoec,
2095 3393 2168 3426 an
2211 3375 2342 3447 reqt's

1329 3458 1500 3510 oratio
1530 3458 1642 3510 est?
1676 3457 1818 3508 Cives
1853 3454 2067 3525 proprie
2103 3455 2196 3524 qui
2231 3471 2340 3506 non

1330 3537 1608 3590 inciviliter
1639 3556 1694 3589 se
1725 3548 1948 3607 gerunt,
1973 3553 2073 3586 nec
2107 3537 2342 3607 tyranni-

1332 3615 1454 3667 dem
1480 3614 1750 3666 affectant.
1773 3610 1908 3665 Vide
1931 3613 2113 3665 Heins.
2139 3613 2205 3665 ad
2220 3613 2341 3666 Vel-

1332 3695 1419 3748 lei.
1449 3695 1652 3748 Paterc.
1683 3695 1761 3759 11,
1795 3695 1880 3748 31.
1911 3695 2081 3748 Boau-
2107 3695 2196 3747 Nil
2225 3714 2342 3747 mu-

1332 3786 1470 3835 tem;
1490 3770 1628 3824 bene
1647 3789 1703 3824 se
1724 3771 1886 3824 habet
1901 3773 2132 3842 vulgata.
2157 3773 2250 3824 En.
2270 3803 2344 3816 —-

1332 3851 1446 3905 Nec
1467 3859 1580 3904 erat
1599 3849 1790 3902 arbiter
1797 3849 1993 3917 judicii
2004 3889 2023 3917 ,
2053 3861 2153 3904 etc.
2183 3852 2344 3905 Com-

1334 3929 1574 3994 modius,
1599 3947 1706 3980 non
1727 3939 1854 3982 erat.
1880 3927 2097 3981 Senum-r.

1416 4026 1460 4061 ι.
1488 4009 1650 4060 Miser
1673 4006 1794 4073 ille,
1823 4026 1978 4081 quem
2007 4006 2156 4060 nullo
2187 4027 2342 4061 accu-

1334 4099 1503 4143 satore
1519 4088 1770 4161 punxisti.
1791 4088 1970 4140 Altera
1991 4085 2182 4154 editio,
2200 4106 2342 4160 pun-

1337 4171 1476 4233 st'sti‚·
1498 4170 1641 4240 lege‚
1660 4167 1932 4244 punivt'stt‘.
1958 4167 2177 4222 Senum
