2855 4871
504 437 1341 510 DECLAMATIONES.
1386 437 1918 506 CCCXXVIII.

160 596 389 644 mune
418 568 880 640 maledictum
907 587 1004 639 est
1028 592 1192 638 cum
1216 591 1329 655 ec,
1362 564 1483 662 qui
1509 563 1914 655 vindicatur,
1951 585 2020 636 et
2047 589 2261 663 penes

164 713 388 788 quem
423 684 627 785 culpa
658 682 901 773 fuerit,
936 681 1155 780 magis
1188 700 1407 780 potest
1433 701 1626 778 pater
1655 680 1862 771 scire,
1897 706 2112 777 quam
2148 707 2266 752 ac-

157 823 462 875 cusator.
492 799 931 900 Asperiorem
964 824 1105 870 esse
1139 817 1376 869 autem
1405 794 1727 867 adversus
1755 821 1914 866 suos
1932 851 1951 885 ,
1982 795 2263 866 interim

158 940 229 992 et
270 918 543 994 fiduciae
585 936 1079 1014 argumentum
1113 935 1251 985 est:
1297 934 1368 985 et
1406 911 1540 984 hoc
1578 912 1752 985 adeo
1785 938 1930 985 non
1967 910 2147 985 valet
2176 911 2264 983 ad

156 1033 655 1135 probationem
698 1032 867 1105 tanti
914 1030 1259 1120 criminiS,
1307 1051 1389 1103 ut
1435 1051 1671 1102 contra
1713 1029 1840 1120 sit3
1878 1029 2030 1131 jam
2072 1028 2262 1102 enim

156 1148 553 1222 transimus
597 1149 684 1220 ad
730 1173 983 1219 causas,
1026 1145 1297 1218 Dicitur
1336 1145 1666 1218 occidisse
1706 1146 1989 1217 fratrem
2029 1143 2268 1216 inimi·
2312 1207 2320 1227 ,

158 1292 331 1337 cum
352 1321 371 1354 ,
398 1289 543 1335 non
570 1263 725 1335 dico
752 1261 902 1352 illa,
924 1263 1081 1332 Non
1104 1260 1422 1359 protinus
1438 1317 1457 1350 ,
1478 1260 1534 1332 si
1559 1285 1775 1332 causae
1801 1259 2068 1332 sceleris
2091 1259 2266 1348 sint,

156 1378 392 1451 scelus
415 1403 696 1476 quoque
726 1396 1021 1448 constat:
1050 1375 1325 1446 utinam
1354 1375 1546 1446 enim
1577 1375 1672 1446 ita
1696 1374 2074 1473 composita
2098 1394 2269 1446 esset

156 1481 419 1566 natura
445 1519 679 1564 rerum
700 1548 719 1581 ,
750 1512 829 1562 ut
851 1491 1091 1563 omnia
1114 1491 1293 1562 facta
1317 1517 1550 1564 causas
1573 1511 1997 1590 superarent.
2025 1490 2267 1562 Plures

160 1628 363 1680 erant
379 1665 399 1698 ‚
425 1627 709 1706 propter
722 1628 905 1704 'quas
930 1632 1072 1677 non
1093 1605 1467 1696 occideret3
1503 1632 1672 1678 nam
1699 1626 1842 1678 erat
1863 1603 2264 1694 occidendi,

158 1721 361 1820 quod
394 1719 723 1791 inimicus
746 1741 879 1792 est:
912 1747 1054 1792 non
1086 1719 1487 1810 occidendi,
1514 1720 1704 1818 quod
1727 1722 1934 1793 frater
1957 1739 2090 1791 est:
2123 1745 2269 1790 non

160 1834 573 1924 occidendi,
618 1835 806 1933 quod
848 1834 1397 1934 periclitaturus:
1444 1862 1590 1907 non
1633 1835 2039 1925 occidendi,
2079 1834 2268 1932 quod

163 1949 318 2046 ipsa
344 1975 473 2047 per
498 1975 568 2020 se
600 1947 999 2021 innocentia
1027 1950 1184 2021 satis
1207 1949 1430 2050 justas
1453 1949 1752 2023 rationes
1785 1949 2054 2022 habeat.
2087 1951 2268 2047 Ergo

162 2089 314 2135 non
344 2063 684 2135 continuo
706 2065 1053 2163 sequitur,
1080 2085 1157 2138 ut
1180 2065 1233 2136 si
1260 2065 1415 2163 quis
1440 2065 1601 2137 odio
1625 2065 1862 2164 aliquo
1893 2063 2270 2137 concitatus

168 2197 269 2249 est
294 2176 619 2248 adversus
651 2177 911 2267 alium,
948 2177 1139 2250 hunc
1181 2178 1397 2251 etiam
1435 2180 1616 2251 ferro
1653 2180 2107 2251 exstincturus
2141 2178 2266 2249 sit:

167 2319 261 2364 an
302 2319 463 2364 vero
505 2292 916 2365 innocenter
960 2292 1362 2366 inimicitias
1405 2294 1552 2392 geri
1593 2295 1701 2367 vel
1739 2294 2268 2386 inter'alienoS‚

166 2407 278 2482 vel
314 2408 493 2481 inter
520 2408 843 2481 extrarios
866 2410 967 2481 fas
991 2435 1137 2481 non
1158 2408 1295 2482 est?
1317 2410 1743 2509 quotidianis
1755 2411 2010 2514 jurgiis
2034 2411 2270 2484 forum

168 2544 467 2623 strepere
482 2581 501 2614 ,
526 2523 835 2597 assiduas
857 2524 1009 2596 lites
1031 2524 1350 2597 videmus
1372 2554 1386 2596 :
1421 2526 1577 2622 quis
1595 2552 1742 2598 non
1767 2527 1913 2598 dies
1933 2520 2270 2613 convicia,

169 2641 329 2740 quis
378 2667 525 2713 non
571 2641 942 2714 maledicta
982 2641 1241 2713 affert?
1286 2641 1508 2713 scelus
1554 2669 1638 2714 ex
1681 2662 1928 2714 natura
1979 2637 2271 2711 ¹mentis

168 2756 415 2827 oritur.
446 2755 633 2827 Huic
658 2782 817 2827 vero
849 2754 1057 2826 etiam
1082 2753 1171 2825 ad
1194 2781 1434 2826 causas
1461 2754 1825 2829 metuendi
1857 2753 2129 2830 sceleris
2161 2778 2275 2824 ac-

170 2872 413 2963 cessit,
448 2872 637 2971 quod
655 2870 975 2973 jurgium
1000 2870 1063 2942 ei
1087 2898 1250 2943 cum
1278 2872 1486 2943 fratre
1515 2872 1747 2972 palam
1775 2871 2019 2942 fuerat.
2049 2870 2271 2941 Cauta

168 3008 339 3059 sunt
373 2987 781 3087 hujusmodi
824 2987 1079 3059 scelera
1123 3008 1189 3059 et
1228 2987 1754 3087 circumspecta:
1801 3014 2032 3087 neque
2079 2985 2270 3058 enim

172 3121 273 3173 est
314 3102 687 3200 quisquam
730 3121 877 3172 tam
914 3100 1260 3203 perdituS‚
1300 3122 1445 3175 tam
1488 3101 1756 3175 inutilis
1793 3101 1964 3193 sibi,
2007 3122 2086 3173 ut
2123 3127 2271 3172 non

171 3217 303 3289 ista
336 3216 723 3289 committat
755 3218 1105 3318 proposito
1135 3218 1467 3318 negandi.
1501 3220 1591 3291 Et
1621 3217 2020 3292 mehercule
2051 3242 2268 3314 quam

2129 439 2258 527 329

166 3332 464 3413 dictumest
481 3360 719 3413 omnibus
740 3362 833 3435 qui
854 3374 1176 3415 accusantur.
1267 3387 1290 3411 α
1309 3362 1554 3417 ledicere.
1576 3386 1598 3411 n
1627 3364 1794 3417 Gnou.
1821 3360 2160 3416 Admittimus
2177 3359 2273 3410 dis-

168 3440 278 3491 Sed
302 3456 477 3509 penes.
508 3440 623 3491 Hoc
650 3440 884 3511 probare
914 3460 1025 3492 non
1057 3460 1183 3513 pos-
1263 3446 1524 3510 cordiam,
1560 3456 1661 3497 etc.
1695 3444 1814 3497 Scn.
1847 3443 2122 3497 Discordia
2152 3460 2270 3493 cum

170 3538 311 3571 sum.
344 3518 655 3588 Discordia,
684 3523 893 3593 inquit,
925 3535 1004 3574 est
1034 3540 1183 3575 com·-

170 3620 339 3654 mune
376 3599 713 3653 maledictum
733 3622 747 3654 z
788 3602 893 3655 hoc
930 3616 1007 3654 est
1022 3640 1039 3668 ‚
1074 3620 1183 3674 quo

170 3698 283 3735 tam
308 3680 516 3733 laeditur
538 3695 781 3735 mortuus
794 3721 811 3750 ‚
831 3701 993 3755 quam
1008 3684 1183 3750 vivus,

171 3760 397 3835 quando
420 3780 531 3812 non
553 3774 789 3828 constat,
816 3778 983 3832 penes
1004 3774 1183 3813 utrum

168 3844 338 3895 fuerit
372 3842 549 3913 culpa.
589 3843 673 3895 Sic
702 3860 863 3915 supra
892 3841 1182 3895 Declamat.

170 3924 453 3977 OOEJXXI:
477 3947 500 3970 ι
514 3924 673 3985 Disco
680 3923 798 3977 rdes
808 3963 825 3992 ‚
840 3924 1011 3996 inquit
1023 3961 1039 3989 .,
1060 3924 1185 3978 fuis-

178 4027 201 4050 ·
224 4004 309 4056 tis.
340 4003 597 4057 Nondum
622 4006 877 4059 rationem
898 4004 1059 4076 hujus
1082 4006 1185 4057 eri-

180 4105 203 4127 ·
224 4084 381 4135 minis
398 4080 599 4135 reddo:
620 4081 753 4135 illud
770 4085 979 4136 interim
998 4096 1183 4149 testor,

180 4186 203 4208 κ
224 4160 371 4215 hunc
390 4162 595 4215 bonum
618 4164 843 4215 amicum
862 4163 1069 4234 utrique
1084 4180 1185 4213 ma-

1252 3528 1462 3599 fratre?
1479 3524 1735 3580 Obrecht.
1758 3555 1832 3569 ·—-
1859 3528 2035 3578 cause
2055 3521 2268 3575 sceleris.

1264 3605 1351 3657 sie
1372 3604 1656 3657 maluimus
1677 3622 1742 3656 ex
1763 3604 1876 3675 Bip.
1903 3616 1956 3655 et
1977 3600 2144 3653 Haek.
2167 3619 2270 3675 pro

1264 3700 1417 3737 causa
1433 3681 1649 3737 sceleris.
1667 3684 1760 3735 En.

1342 3780 1386 3813 ι.
1412 3762 1497 3812 Ex
1519 3770 1707 3814 namra
1728 3761 1931 3814 mentis,
1958 3760 2068 3824 An,
2089 3776 2270 3809 erna-

1266 3852 1379 3893 tura
1395 3840 1600 3891 meriti?
1613 3838 1665 3891 id
1681 3852 1760 3892 est
1771 3878 1787 3905 ‚
1805 3838 2043 3902 admissi,
2059 3848 2116 3887 ut
2130 3838 2265 3888 Just.

1262 3919 1315 3985 l,
1334 3920 1395 3986 6,
1415 3922 1480 3973 8:
1511 3943 1532 3965 α
1553 3918 1730 3971 Mer-iti
1761 3921 1843 3969 sui
1875 3918 1930 3968 in
1963 3918 2268 3987 Har-pagum

1269 4020 1295 4045 ιι
1310 3998 1525 4052 oblitus.
1537 4022 1560 4047 n
1575 3999 1672 4050 Hie
1689 4010 1801 4048 erat
1815 3997 2076 4059 meritum,
2087 3994 2169 4045 vel
2183 3991 2268 4045 ad·

1264 4082 1480 4133 missum
1495 4082 1549 4130 in
1563 4078 1776 4129 fratrem
1788 4114 1804 4141 ‚
1821 4074 1969 4147 quod
1981 4094 2090 4127 non
2109 4074 2266 4129 facile

1264 4159 1564 4214 vindicatur
1583 4156 1739 4213 caede.
1769 4155 1984 4209 Senum.
