<?xml version="1.0" encoding="UTF-8"?>
<!DOCTYPE html PUBLIC "-//W3C//DTD XHTML 1.0 Transitional//EN"
    "http://www.w3.org/TR/xhtml1/DTD/xhtml1-transitional.dtd">
<html xmlns="http://www.w3.org/1999/xhtml" xml:lang="en" lang="en">
 <head>
  <title>
</title>
<meta http-equiv="Content-Type" content="text/html;charset=utf-8" />
  <meta name='ocr-system' content='tesseract 3.04.00' />
  <meta name='ocr-capabilities' content='ocr_page ocr_carea ocr_par ocr_line ocrx_word'/>
</head>
<body>
  <div class='ocr_page' id='page_1' title='image "./marcusfabiusqui06spalgoog_0578.png"; bbox 0 0 2855 4871; ppageno 0'>
   <div class='ocr_carea' id='block_1_1' title="bbox 679 448 2318 539">
    <p class='ocr_par' dir='ltr' id='par_1_1' title="bbox 679 448 2318 539">
     <span class='ocr_line' id='line_1_1' title="bbox 679 448 2318 539; baseline 0.002 -25"><span class='ocrx_word' id='word_1_1' title='bbox 679 448 1519 515; x_wconf 83' lang='lat' dir='ltr'>DECLAMATIONES.</span> <span class='ocrx_word' id='word_1_2' title='bbox 1568 450 1871 517; x_wconf 89' lang='lat' dir='ltr'>XXVII.</span> <span class='ocrx_word' id='word_1_3' title='bbox 2195 453 2318 539; x_wconf 83' lang='lat'><strong>573</strong></span> 
     </span>
    </p>
   </div>
   <div class='ocr_carea' id='block_1_2' title="bbox 218 708 709 743">
    <p class='ocr_par' dir='ltr' id='par_1_2' title="bbox 218 708 709 743">
     <span class='ocr_line' id='line_1_2' title="bbox 218 708 709 743; baseline -0.006 0"><span class='ocrx_word' id='word_1_4' title='bbox 218 708 709 743; x_wconf 53' lang='lat' dir='ltr'><strong>‘omnm-&lt;tm</strong></span> 
     </span>
    </p>
   </div>
   <div class='ocr_carea' id='block_1_3' title="bbox 710 721 1098 742">
    <p class='ocr_par' dir='ltr' id='par_1_3' title="bbox 710 721 1098 742">
     <span class='ocr_line' id='line_1_3' title="bbox 710 721 1098 742; baseline 0 4129"><span class='ocrx_word' id='word_1_5' title='bbox 710 721 1098 742; x_wconf 95' lang='lat' dir='ltr'><strong> </strong></span> 
     </span>
    </p>
   </div>
   <div class='ocr_carea' id='block_1_4' title="bbox 657 1152 1900 1225">
    <p class='ocr_par' dir='ltr' id='par_1_4' title="bbox 657 1152 1900 1225">
     <span class='ocr_line' id='line_1_4' title="bbox 657 1152 1900 1225; baseline 0.001 -2"><span class='ocrx_word' id='word_1_6' title='bbox 657 1153 884 1223; x_wconf 80' lang='lat' dir='ltr'><strong>Fortis</strong></span> <span class='ocrx_word' id='word_1_7' title='bbox 917 1154 1273 1224; x_wconf 80' lang='lat' dir='ltr'><strong>inimicum</strong></span> <span class='ocrx_word' id='word_1_8' title='bbox 1305 1152 1585 1223; x_wconf 79' lang='lat' dir='ltr'><strong>divitem</strong></span> <span class='ocrx_word' id='word_1_9' title='bbox 1611 1177 1900 1225; x_wconf 80' lang='lat' dir='ltr'><strong>servans.</strong></span> 
     </span>
    </p>
   </div>
   <div class='ocr_carea' id='block_1_5' title="bbox 226 1356 2332 1731">
    <p class='ocr_par' dir='ltr' id='par_1_5' title="bbox 226 1356 2332 1731">
     <span class='ocr_line' id='line_1_5' title="bbox 226 1356 2332 1439; baseline 0 -21"><span class='ocrx_word' id='word_1_10' title='bbox 226 1360 397 1419; x_wconf 78' lang='lat' dir='ltr'><strong>Vino</strong></span> <span class='ocrx_word' id='word_1_11' title='bbox 433 1376 613 1416; x_wconf 75' lang='lat' dir='ltr'><strong>ron-n</strong></span> <span class='ocrx_word' id='word_1_12' title='bbox 652 1376 977 1417; x_wconf 66' lang='lat' dir='ltr'><strong>nmmum.</strong></span> <span class='ocrx_word' id='word_1_13' title='bbox 1016 1356 1340 1415; x_wconf 66' lang='lat' dir='ltr'><strong>Dsssmiron</strong></span> <span class='ocrx_word' id='word_1_14' title='bbox 1371 1374 1588 1415; x_wconf 66' lang='lat' dir='ltr'><strong>enirn</strong></span> <span class='ocrx_word' id='word_1_15' title='bbox 1621 1374 1954 1417; x_wconf 67' lang='lat' dir='ltr'><strong>eumuna.</strong></span> <span class='ocrx_word' id='word_1_16' title='bbox 1993 1356 2236 1439; x_wconf 86' lang='lat' dir='ltr'><strong>Pauper</strong></span> <span class='ocrx_word' id='word_1_17' title='bbox 2271 1370 2332 1418; x_wconf 88' lang='lat' dir='ltr'><strong>et</strong></span> 
     </span>
     <span class='ocr_line' id='line_1_6' title="bbox 314 1452 2330 1535; baseline 0.001 -22"><span class='ocrx_word' id='word_1_18' title='bbox 314 1454 483 1514; x_wconf 81' lang='lat' dir='ltr'><strong>dives</strong></span> <span class='ocrx_word' id='word_1_19' title='bbox 509 1454 768 1514; x_wconf 89' lang='lat' dir='ltr'><strong>inimici.</strong></span> <span class='ocrx_word' id='word_1_20' title='bbox 790 1452 939 1512; x_wconf 92' lang='lat' dir='ltr'><strong>Belli</strong></span> <span class='ocrx_word' id='word_1_21' title='bbox 970 1465 1249 1534; x_wconf 89' lang='lat' dir='ltr'><strong>tempore</strong></span> <span class='ocrx_word' id='word_1_22' title='bbox 1273 1452 1440 1512; x_wconf 84' lang='lat' dir='ltr'><strong>dives</strong></span> <span class='ocrx_word' id='word_1_23' title='bbox 1470 1474 1532 1512; x_wconf 89' lang='lat' dir='ltr'><strong>se</strong></span> <span class='ocrx_word' id='word_1_24' title='bbox 1554 1454 1844 1535; x_wconf 87' lang='lat' dir='ltr'><strong>promisit</strong></span> <span class='ocrx_word' id='word_1_25' title='bbox 1867 1453 2108 1515; x_wconf 84' lang='lat' dir='ltr'><strong>fortiter</strong></span> <span class='ocrx_word' id='word_1_26' title='bbox 2136 1454 2330 1515; x_wconf 86' lang='lat' dir='ltr'><strong>factu-</strong></span> 
     </span>
     <span class='ocr_line' id='line_1_7' title="bbox 314 1547 2329 1630; baseline 0.001 -20"><span class='ocrx_word' id='word_1_27' title='bbox 314 1572 484 1626; x_wconf 88' lang='lat' dir='ltr'><strong>rum,</strong></span> <span class='ocrx_word' id='word_1_28' title='bbox 510 1549 559 1608; x_wconf 88' lang='lat' dir='ltr'><strong>si</strong></span> <span class='ocrx_word' id='word_1_29' title='bbox 590 1550 706 1609; x_wconf 90' lang='lat' dir='ltr'><strong>sibi</strong></span> <span class='ocrx_word' id='word_1_30' title='bbox 730 1568 897 1608; x_wconf 83' lang='lat' dir='ltr'><strong>mors</strong></span> <span class='ocrx_word' id='word_1_31' title='bbox 925 1548 1215 1630; x_wconf 85' lang='lat' dir='ltr'><strong>pauperis</strong></span> <span class='ocrx_word' id='word_1_32' title='bbox 1244 1547 1701 1607; x_wconf 85' lang='lat' dir='ltr'><strong>decerneretur:</strong></span> <span class='ocrx_word' id='word_1_33' title='bbox 1727 1548 1965 1609; x_wconf 86' lang='lat' dir='ltr'><strong>decreta</strong></span> <span class='ocrx_word' id='word_1_34' title='bbox 1989 1564 2096 1609; x_wconf 81' lang='lat' dir='ltr'><strong>est.</strong></span> <span class='ocrx_word' id='word_1_35' title='bbox 2127 1550 2329 1613; x_wconf 80' lang='lat' dir='ltr'><strong>Ambo</strong></span> 
     </span>
     <span class='ocr_line' id='line_1_8' title="bbox 315 1643 2332 1731; baseline 0 -24"><span class='ocrx_word' id='word_1_36' title='bbox 315 1659 743 1731; x_wconf 85' lang='lat' dir='ltr'><strong>processerunt</strong></span> <span class='ocrx_word' id='word_1_37' title='bbox 766 1648 834 1705; x_wconf 89' lang='lat' dir='ltr'><strong>in</strong></span> <span class='ocrx_word' id='word_1_38' title='bbox 862 1644 1175 1729; x_wconf 83' lang='lat' dir='ltr'><strong>praelium:</strong></span> <span class='ocrx_word' id='word_1_39' title='bbox 1206 1664 1445 1727; x_wconf 85' lang='lat' dir='ltr'><strong>pauper</strong></span> <span class='ocrx_word' id='word_1_40' title='bbox 1476 1644 1720 1704; x_wconf 87' lang='lat' dir='ltr'><strong>fortiter</strong></span> <span class='ocrx_word' id='word_1_41' title='bbox 1750 1643 1911 1705; x_wconf 85' lang='lat' dir='ltr'><strong>fecit.</strong></span> <span class='ocrx_word' id='word_1_42' title='bbox 1945 1646 2129 1706; x_wconf 82' lang='lat' dir='ltr'><strong>Dives</strong></span> <span class='ocrx_word' id='word_1_43' title='bbox 2162 1647 2332 1708; x_wconf 84' lang='lat' dir='ltr'><strong>dese-</strong></span> 
     </span>
    </p>
   </div>
   <div class='ocr_carea' id='block_1_6' title="bbox 316 1741 2334 1903">
    <p class='ocr_par' dir='ltr' id='par_1_6' title="bbox 316 1741 2334 1903">
     <span class='ocr_line' id='line_1_9' title="bbox 316 1741 2334 1827; baseline 0.001 -22"><span class='ocrx_word' id='word_1_44' title='bbox 316 1745 460 1805; x_wconf 88' lang='lat' dir='ltr'><strong>ruit.</strong></span> <span class='ocrx_word' id='word_1_45' title='bbox 488 1746 641 1805; x_wconf 89' lang='lat' dir='ltr'><strong>Petit</strong></span> <span class='ocrx_word' id='word_1_46' title='bbox 664 1766 901 1827; x_wconf 82' lang='lat' dir='ltr'><strong>pauper</strong></span> <span class='ocrx_word' id='word_1_47' title='bbox 922 1745 1182 1827; x_wconf 85' lang='lat' dir='ltr'><strong>praemio</strong></span> <span class='ocrx_word' id='word_1_48' title='bbox 1211 1744 1418 1803; x_wconf 83' lang='lat' dir='ltr'><strong>divitis</strong></span> <span class='ocrx_word' id='word_1_49' title='bbox 1443 1741 1958 1803; x_wconf 81' lang='lat' dir='ltr'><strong>incolumitatem:</strong></span> <span class='ocrx_word' id='word_1_50' title='bbox 1984 1744 2152 1805; x_wconf 80' lang='lat' dir='ltr'><strong>dives</strong></span> <span class='ocrx_word' id='word_1_51' title='bbox 2185 1768 2334 1807; x_wconf 89' lang='lat' dir='ltr'><strong>con-</strong></span> 
     </span>
     <span class='ocr_line' id='line_1_10' title="bbox 320 1844 581 1903; baseline -0.004 0"><span class='ocrx_word' id='word_1_52' title='bbox 320 1844 581 1903; x_wconf 87' lang='lat' dir='ltr'><strong>tradicit.</strong></span> 
     </span>
    </p>
   </div>
   <div class='ocr_carea' id='block_1_7' title="bbox 993 1974 1578 2023">
    <p class='ocr_par' dir='ltr' id='par_1_7' title="bbox 993 1974 1578 2023">
     <span class='ocr_line' id='line_1_11' title="bbox 993 1974 1578 2023; baseline 0 -2"><span class='ocrx_word' id='word_1_53' title='bbox 993 1976 1146 2023; x_wconf 68' lang='lat' dir='ltr'><strong>Plio</strong></span> <span class='ocrx_word' id='word_1_54' title='bbox 1194 1974 1578 2022; x_wconf 75' lang='lat' dir='ltr'><strong>PAUPERE.</strong></span> 
     </span>
    </p>
   </div>
   <div class='ocr_carea' id='block_1_8' title="bbox 238 2098 2348 2981">
    <p class='ocr_par' dir='ltr' id='par_1_8' title="bbox 238 2098 2348 2981">
     <span class='ocr_line' id='line_1_12' title="bbox 339 2098 2331 2199; baseline -0.002 -26"><span class='ocrx_word' id='word_1_55' title='bbox 339 2102 503 2173; x_wconf 89' lang='lat' dir='ltr'><strong>Sero</strong></span> <span class='ocrx_word' id='word_1_56' title='bbox 536 2098 743 2199; x_wconf 83' lang='lat' dir='ltr'><strong>coepit</strong></span> <span class='ocrx_word' id='word_1_57' title='bbox 772 2098 889 2171; x_wconf 87' lang='lat' dir='ltr'><strong>hic</strong></span> <span class='ocrx_word' id='word_1_58' title='bbox 920 2099 1152 2190; x_wconf 85' lang='lat' dir='ltr'><strong>miles,</strong></span> <span class='ocrx_word' id='word_1_59' title='bbox 1178 2098 1489 2199; x_wconf 75' lang='lat' dir='ltr'><strong>judiceS‚</strong></span> <span class='ocrx_word' id='word_1_60' title='bbox 1529 2116 1826 2169; x_wconf 88' lang='lat' dir='ltr'><strong>mortem</strong></span> <span class='ocrx_word' id='word_1_61' title='bbox 1861 2117 2331 2171; x_wconf 86' lang='lat' dir='ltr'><strong>contemnere.</strong></span> 
     </span>
     <span class='ocr_line' id='line_1_13' title="bbox 238 2209 2338 2314; baseline -0.002 -27"><span class='ocrx_word' id='word_1_62' title='bbox 238 2218 391 2314; x_wconf 81' lang='lat' dir='ltr'><strong>Ego</strong></span> <span class='ocrx_word' id='word_1_63' title='bbox 420 2215 641 2306; x_wconf 85' lang='lat' dir='ltr'><strong>tacui,</strong></span> <span class='ocrx_word' id='word_1_64' title='bbox 672 2242 893 2314; x_wconf 90' lang='lat' dir='ltr'><strong>quum</strong></span> <span class='ocrx_word' id='word_1_65' title='bbox 928 2234 1228 2313; x_wconf 76' lang='lat' dir='ltr'><strong>peteret:</strong></span> <span class='ocrx_word' id='word_1_66' title='bbox 1262 2211 1379 2284; x_wconf 83' lang='lat' dir='ltr'><strong>hic</strong></span> <span class='ocrx_word' id='word_1_67' title='bbox 1410 2211 1634 2283; x_wconf 83' lang='lat' dir='ltr'><strong>vivere</strong></span> <span class='ocrx_word' id='word_1_68' title='bbox 1660 2209 1974 2311; x_wconf 87' lang='lat' dir='ltr'><strong>jubetur,</strong></span> <span class='ocrx_word' id='word_1_69' title='bbox 2007 2232 2072 2284; x_wconf 82' lang='lat' dir='ltr'><strong>et</strong></span> <span class='ocrx_word' id='word_1_70' title='bbox 2098 2212 2338 2310; x_wconf 89' lang='lat' dir='ltr'><strong>queri-</strong></span> 
     </span>
     <span class='ocr_line' id='line_1_14' title="bbox 243 2326 2342 2431; baseline -0 -28"><span class='ocrx_word' id='word_1_71' title='bbox 243 2352 380 2405; x_wconf 90' lang='lat' dir='ltr'><strong>tur.</strong></span> <span class='ocrx_word' id='word_1_72' title='bbox 411 2331 806 2431; x_wconf 82' lang='lat' dir='ltr'><strong>Exspectavi</strong></span> <span class='ocrx_word' id='word_1_73' title='bbox 829 2331 951 2403; x_wconf 87' lang='lat' dir='ltr'><strong>diu</strong></span> <span class='ocrx_word' id='word_1_74' title='bbox 975 2330 1259 2402; x_wconf 82' lang='lat' dir='ltr'><strong>divitem</strong></span> <span class='ocrx_word' id='word_1_75' title='bbox 1282 2343 1331 2419; x_wconf 86' lang='lat'><strong>¹,</strong></span> <span class='ocrx_word' id='word_1_76' title='bbox 1359 2350 1436 2399; x_wconf 90' lang='lat' dir='ltr'><strong>ut</strong></span> <span class='ocrx_word' id='word_1_77' title='bbox 1454 2326 1568 2399; x_wconf 80' lang='lat' dir='ltr'><strong>ille</strong></span> <span class='ocrx_word' id='word_1_78' title='bbox 1593 2327 1820 2426; x_wconf 67' lang='lat' dir='ltr'><strong>potius</strong></span> <span class='ocrx_word' id='word_1_79' title='bbox 1849 2328 2038 2428; x_wconf 88' lang='lat' dir='ltr'><strong>quod</strong></span> <span class='ocrx_word' id='word_1_80' title='bbox 2070 2330 2342 2427; x_wconf 88' lang='lat' dir='ltr'><strong>promi-</strong></span> 
     </span>
     <span class='ocr_line' id='line_1_15' title="bbox 245 2445 2345 2549; baseline -0.001 -29"><span class='ocrx_word' id='word_1_81' title='bbox 245 2449 367 2538; x_wconf 82' lang='lat' dir='ltr'><strong>sit,</strong></span> <span class='ocrx_word' id='word_1_82' title='bbox 398 2449 743 2549; x_wconf 87' lang='lat' dir='ltr'><strong>impleret.</strong></span> <span class='ocrx_word' id='word_1_83' title='bbox 780 2449 890 2520; x_wconf 90' lang='lat' dir='ltr'><strong>Ab</strong></span> <span class='ocrx_word' id='word_1_84' title='bbox 922 2448 1071 2547; x_wconf 85' lang='lat' dir='ltr'><strong>ipso</strong></span> <span class='ocrx_word' id='word_1_85' title='bbox 1100 2473 1383 2547; x_wconf 89' lang='lat' dir='ltr'><strong>quoque</strong></span> <span class='ocrx_word' id='word_1_86' title='bbox 1418 2445 1628 2518; x_wconf 84' lang='lat' dir='ltr'><strong>divite</strong></span> <span class='ocrx_word' id='word_1_87' title='bbox 1663 2447 1840 2518; x_wconf 87' lang='lat' dir='ltr'><strong>inire</strong></span> <span class='ocrx_word' id='word_1_88' title='bbox 1871 2447 2090 2518; x_wconf 89' lang='lat' dir='ltr'><strong>debeo</strong></span> <span class='ocrx_word' id='word_1_89' title='bbox 2124 2447 2345 2518; x_wconf 84' lang='lat' dir='ltr'><strong>maxi-</strong></span> 
     </span>
     <span class='ocr_line' id='line_1_16' title="bbox 248 2557 2340 2663; baseline -0.002 -28"><span class='ocrx_word' id='word_1_90' title='bbox 248 2591 440 2635; x_wconf 85' lang='lat' dir='ltr'><strong>mam</strong></span> <span class='ocrx_word' id='word_1_91' title='bbox 476 2565 806 2663; x_wconf 81' lang='lat' dir='ltr'><strong>gratiam:</strong></span> <span class='ocrx_word' id='word_1_92' title='bbox 848 2564 1041 2662; x_wconf 90' lang='lat' dir='ltr'><strong>quod</strong></span> <span class='ocrx_word' id='word_1_93' title='bbox 1081 2562 1198 2634; x_wconf 77' lang='lat' dir='ltr'><strong>ille</strong></span> <span class='ocrx_word' id='word_1_94' title='bbox 1240 2561 1568 2649; x_wconf 87' lang='lat' dir='ltr'><strong>debebat,</strong></span> <span class='ocrx_word' id='word_1_95' title='bbox 1605 2586 1733 2656; x_wconf 80' lang='lat' dir='ltr'><strong>ego</strong></span> <span class='ocrx_word' id='word_1_96' title='bbox 1771 2557 2018 2630; x_wconf 77' lang='lat' dir='ltr'><strong>solvi²t</strong></span> <span class='ocrx_word' id='word_1_97' title='bbox 2048 2559 2238 2630; x_wconf 89' lang='lat' dir='ltr'><strong>idem</strong></span> <span class='ocrx_word' id='word_1_98' title='bbox 2269 2558 2340 2630; x_wconf 92' lang='lat' dir='ltr'><strong>in</strong></span> 
     </span>
     <span class='ocr_line' id='line_1_17' title="bbox 248 2673 2346 2779; baseline -0.004 -28"><span class='ocrx_word' id='word_1_99' title='bbox 248 2680 540 2779; x_wconf 83' lang='lat' dir='ltr'><strong>praemio</strong></span> <span class='ocrx_word' id='word_1_100' title='bbox 576 2679 795 2768; x_wconf 85' lang='lat' dir='ltr'><strong>facio,</strong></span> <span class='ocrx_word' id='word_1_101' title='bbox 833 2678 1024 2779; x_wconf 88' lang='lat' dir='ltr'><strong>quod</strong></span> <span class='ocrx_word' id='word_1_102' title='bbox 1058 2678 1131 2749; x_wconf 88' lang='lat' dir='ltr'><strong>in</strong></span> <span class='ocrx_word' id='word_1_103' title='bbox 1166 2676 1439 2777; x_wconf 84' lang='lat' dir='ltr'><strong>praelio:</strong></span> <span class='ocrx_word' id='word_1_104' title='bbox 1476 2701 1669 2747; x_wconf 87' lang='lat' dir='ltr'><strong>servo</strong></span> <span class='ocrx_word' id='word_1_105' title='bbox 1703 2674 1962 2764; x_wconf 86' lang='lat' dir='ltr'><strong>civem,</strong></span> <span class='ocrx_word' id='word_1_106' title='bbox 1997 2673 2346 2745; x_wconf 88' lang='lat' dir='ltr'><strong>commili-</strong></span> 
     </span>
     <span class='ocr_line' id='line_1_18' title="bbox 247 2787 2348 2892; baseline -0.003 -27"><span class='ocrx_word' id='word_1_107' title='bbox 247 2814 491 2866; x_wconf 89' lang='lat' dir='ltr'><strong>tonem</strong></span> <span class='ocrx_word' id='word_1_108' title='bbox 526 2819 766 2864; x_wconf 88' lang='lat' dir='ltr'><strong>meum</strong></span> <span class='ocrx_word' id='word_1_109' title='bbox 806 2814 1111 2892; x_wconf 76' lang='lat' dir='ltr'><strong>protego.</strong></span> <span class='ocrx_word' id='word_1_110' title='bbox 1148 2792 1348 2863; x_wconf 87' lang='lat' dir='ltr'><strong>Idem</strong></span> <span class='ocrx_word' id='word_1_111' title='bbox 1382 2789 1514 2861; x_wconf 87' lang='lat' dir='ltr'><strong>eris</strong></span> <span class='ocrx_word' id='word_1_112' title='bbox 1545 2788 1621 2859; x_wconf 91' lang='lat' dir='ltr'><strong>in</strong></span> <span class='ocrx_word' id='word_1_113' title='bbox 1651 2813 1910 2879; x_wconf 86' lang='lat' dir='ltr'><strong>aevum,</strong></span> <span class='ocrx_word' id='word_1_114' title='bbox 1949 2787 2071 2887; x_wconf 90' lang='lat' dir='ltr'><strong>qui</strong></span> <span class='ocrx_word' id='word_1_115' title='bbox 2109 2813 2348 2889; x_wconf 86' lang='lat' dir='ltr'><strong>supre-</strong></span> 
     </span>
     <span class='ocr_line' id='line_1_19' title="bbox 253 2905 2294 2981; baseline 0 -1"><span class='ocrx_word' id='word_1_116' title='bbox 253 2935 375 2980; x_wconf 89' lang='lat' dir='ltr'><strong>mo</strong></span> <span class='ocrx_word' id='word_1_117' title='bbox 410 2908 523 2981; x_wconf 90' lang='lat' dir='ltr'><strong>die</strong></span> <span class='ocrx_word' id='word_1_118' title='bbox 554 2909 786 2981; x_wconf 77' lang='lat' dir='ltr'><strong>fueris,</strong></span> <span class='ocrx_word' id='word_1_119' title='bbox 2275 2905 2294 2916; x_wconf 47' lang='lat'>⁸</span> 
     </span>
    </p>
   </div>
   <div class='ocr_carea' id='block_1_9' title="bbox 254 3081 2354 3641">
    <p class='ocr_par' dir='ltr' id='par_1_9' title="bbox 254 3081 2350 3324">
     <span class='ocr_line' id='line_1_20' title="bbox 334 3081 2350 3162; baseline -0.004 -20"><span class='ocrx_word' id='word_1_120' title='bbox 334 3107 379 3143; x_wconf 90' lang='lat'><strong>1.</strong></span> <span class='ocrx_word' id='word_1_121' title='bbox 413 3090 721 3162; x_wconf 71' lang='lat' dir='ltr'><strong>Exspectant·</strong></span> <span class='ocrx_word' id='word_1_122' title='bbox 754 3090 843 3140; x_wconf 82' lang='lat' dir='ltr'><strong>diu</strong></span> <span class='ocrx_word' id='word_1_123' title='bbox 880 3089 1111 3141; x_wconf 75' lang='lat' dir='ltr'><strong>divitem.</strong></span> <span class='ocrx_word' id='word_1_124' title='bbox 1146 3089 1261 3142; x_wconf 85' lang='lat' dir='ltr'><strong>No·</strong></span> <span class='ocrx_word' id='word_1_125' title='bbox 1342 3105 1372 3140; x_wconf 85' lang='lat' dir='ltr'><strong>a</strong></span> <span class='ocrx_word' id='word_1_126' title='bbox 1410 3103 1494 3138; x_wconf 86' lang='lat' dir='ltr'><strong>me</strong></span> <span class='ocrx_word' id='word_1_127' title='bbox 1531 3085 1773 3154; x_wconf 84' lang='lat' dir='ltr'><strong>accipere</strong></span> <span class='ocrx_word' id='word_1_128' title='bbox 1808 3083 1986 3134; x_wconf 79' lang='lat' dir='ltr'><strong>vitam.</strong></span> <span class='ocrx_word' id='word_1_129' title='bbox 2025 3081 2245 3136; x_wconf 64' lang='lat' dir='ltr'><strong>Sentit-r.</strong></span> <span class='ocrx_word' id='word_1_130' title='bbox 2279 3111 2350 3122; x_wconf 93' lang='lat'><strong>—-</strong></span> 
     </span>
     <span class='ocr_line' id='line_1_21' title="bbox 254 3161 2349 3244; baseline -0.006 -19"><span class='ocrx_word' id='word_1_131' title='bbox 254 3173 369 3225; x_wconf 83' lang='lat' dir='ltr'><strong>lens</strong></span> <span class='ocrx_word' id='word_1_132' title='bbox 398 3170 681 3242; x_wconf 81' lang='lat' dir='ltr'><strong>praeripere</strong></span> <span class='ocrx_word' id='word_1_133' title='bbox 711 3170 969 3241; x_wconf 80' lang='lat' dir='ltr'><strong>palmam,</strong></span> <span class='ocrx_word' id='word_1_134' title='bbox 996 3190 1100 3242; x_wconf 82' lang='lat' dir='ltr'><strong>qua</strong></span> <span class='ocrx_word' id='word_1_135' title='bbox 1128 3189 1263 3244; x_wconf 77' lang='lat' dir='ltr'><strong>pau·-</strong></span> <span class='ocrx_word' id='word_1_136' title='bbox 1344 3167 1489 3218; x_wconf 85' lang='lat' dir='ltr'><strong>Idem</strong></span> <span class='ocrx_word' id='word_1_137' title='bbox 1527 3165 1623 3216; x_wconf 72' lang='lat' dir='ltr'><strong>erIs</strong></span> <span class='ocrx_word' id='word_1_138' title='bbox 1660 3163 1713 3214; x_wconf 77' lang='lat' dir='ltr'><strong>in</strong></span> <span class='ocrx_word' id='word_1_139' title='bbox 1759 3181 1959 3229; x_wconf 79' lang='lat' dir='ltr'><strong>oevum,</strong></span> <span class='ocrx_word' id='word_1_140' title='bbox 1997 3177 2097 3214; x_wconf 80' lang='lat' dir='ltr'><strong>etc.</strong></span> <span class='ocrx_word' id='word_1_141' title='bbox 2136 3161 2349 3227; x_wconf 81' lang='lat' dir='ltr'><strong>Malim,</strong></span> 
     </span>
     <span class='ocr_line' id='line_1_22' title="bbox 256 3244 2350 3324; baseline -0.006 -20"><span class='ocrx_word' id='word_1_142' title='bbox 256 3270 356 3324; x_wconf 85' lang='lat' dir='ltr'><strong>per</strong></span> <span class='ocrx_word' id='word_1_143' title='bbox 377 3261 617 3322; x_wconf 86' lang='lat' dir='ltr'><strong>poteram</strong></span> <span class='ocrx_word' id='word_1_144' title='bbox 644 3252 791 3301; x_wconf 89' lang='lat' dir='ltr'><strong>mori.</strong></span> <span class='ocrx_word' id='word_1_145' title='bbox 818 3250 1035 3303; x_wconf 71' lang='lat' dir='ltr'><strong>Scuuvr.</strong></span> <span class='ocrx_word' id='word_1_146' title='bbox 1346 3247 1459 3300; x_wconf 81' lang='lat' dir='ltr'><strong>ideo</strong></span> <span class='ocrx_word' id='word_1_147' title='bbox 1498 3263 1640 3297; x_wconf 81' lang='lat' dir='ltr'><strong>meus</strong></span> <span class='ocrx_word' id='word_1_148' title='bbox 1680 3245 1776 3296; x_wconf 81' lang='lat' dir='ltr'><strong>eris</strong></span> <span class='ocrx_word' id='word_1_149' title='bbox 1792 3282 1810 3309; x_wconf 96' lang='lat'><strong><em>,</em></strong></span> <span class='ocrx_word' id='word_1_150' title='bbox 1846 3244 2080 3315; x_wconf 77' lang='lat' dir='ltr'><strong>quamvis</strong></span> <span class='ocrx_word' id='word_1_151' title='bbox 2117 3259 2350 3314; x_wconf 78' lang='lat' dir='ltr'><strong>supremo</strong></span> 
     </span>
    </p>

    <p class='ocr_par' dir='ltr' id='par_1_10' title="bbox 261 3322 2354 3641">
     <span class='ocr_line' id='line_1_23' title="bbox 332 3322 2353 3405; baseline -0.006 -22"><span class='ocrx_word' id='word_1_152' title='bbox 332 3349 381 3384; x_wconf 82' lang='lat'><strong>2.</strong></span> <span class='ocrx_word' id='word_1_153' title='bbox 411 3332 562 3402; x_wconf 77' lang='lat' dir='ltr'><strong>Quod</strong></span> <span class='ocrx_word' id='word_1_154' title='bbox 588 3329 683 3382; x_wconf 78' lang='lat' dir='ltr'><strong>ille</strong></span> <span class='ocrx_word' id='word_1_155' title='bbox 715 3329 957 3397; x_wconf 80' lang='lat' dir='ltr'><strong>debebat,</strong></span> <span class='ocrx_word' id='word_1_156' title='bbox 992 3349 1086 3405; x_wconf 66' lang='lat' dir='ltr'><strong>ego</strong></span> <span class='ocrx_word' id='word_1_157' title='bbox 1112 3328 1259 3384; x_wconf 77' lang='lat' dir='ltr'><strong>solvi.</strong></span> <span class='ocrx_word' id='word_1_158' title='bbox 1344 3328 1430 3380; x_wconf 75' lang='lat' dir='ltr'><strong>die</strong></span> <span class='ocrx_word' id='word_1_159' title='bbox 1444 3324 1718 3400; x_wconf 67' lang='lat' dir='ltr'><strong>fungeris:</strong></span> <span class='ocrx_word' id='word_1_160' title='bbox 1745 3341 1936 3393; x_wconf 86' lang='lat' dir='ltr'><strong>nempe</strong></span> <span class='ocrx_word' id='word_1_161' title='bbox 1957 3322 2178 3374; x_wconf 78' lang='lat' dir='ltr'><strong>salutem</strong></span> <span class='ocrx_word' id='word_1_162' title='bbox 2207 3334 2353 3372; x_wconf 80' lang='lat' dir='ltr'><strong>tuam</strong></span> 
     </span>
     <span class='ocr_line' id='line_1_24' title="bbox 261 3399 2354 3483; baseline -0.007 -18"><span class='ocrx_word' id='word_1_163' title='bbox 261 3411 441 3478; x_wconf 83' lang='lat' dir='ltr'><strong>Quare</strong></span> <span class='ocrx_word' id='word_1_164' title='bbox 481 3425 689 3483; x_wconf 76' lang='lat' dir='ltr'><strong>gratum</strong></span> <span class='ocrx_word' id='word_1_165' title='bbox 726 3431 783 3464; x_wconf 75' lang='lat' dir='ltr'><strong>se</strong></span> <span class='ocrx_word' id='word_1_166' title='bbox 824 3409 953 3463; x_wconf 86' lang='lat' dir='ltr'><strong>mihi</strong></span> <span class='ocrx_word' id='word_1_167' title='bbox 993 3410 1265 3483; x_wconf 68' lang='lat' dir='ltr'><strong>pre-bere,</strong></span> <span class='ocrx_word' id='word_1_168' title='bbox 1348 3406 1545 3477; x_wconf 79' lang='lat' dir='ltr'><strong>optavi.</strong></span> <span class='ocrx_word' id='word_1_169' title='bbox 1581 3403 1686 3472; x_wconf 81' lang='lat' dir='ltr'><strong>Qui</strong></span> <span class='ocrx_word' id='word_1_170' title='bbox 1713 3403 1767 3452; x_wconf 91' lang='lat' dir='ltr'><strong>in</strong></span> <span class='ocrx_word' id='word_1_171' title='bbox 1791 3399 2024 3471; x_wconf 78' lang='lat' dir='ltr'><strong>quamvis</strong></span> <span class='ocrx_word' id='word_1_172' title='bbox 2045 3411 2354 3470; x_wconf 84' lang='lat' dir='ltr'><strong>corruptum</strong></span> 
     </span>
     <span class='ocr_line' id='line_1_25' title="bbox 262 3477 2354 3561; baseline -0.006 -19"><span class='ocrx_word' id='word_1_173' title='bbox 262 3509 373 3542; x_wconf 89' lang='lat' dir='ltr'><strong>non</strong></span> <span class='ocrx_word' id='word_1_174' title='bbox 398 3501 573 3542; x_wconf 88' lang='lat' dir='ltr'><strong>autem</strong></span> <span class='ocrx_word' id='word_1_175' title='bbox 596 3491 665 3542; x_wconf 82' lang='lat' dir='ltr'><strong>ita</strong></span> <span class='ocrx_word' id='word_1_176' title='bbox 689 3509 823 3561; x_wconf 77' lang='lat' dir='ltr'><strong>aegre</strong></span> <span class='ocrx_word' id='word_1_177' title='bbox 840 3493 977 3543; x_wconf 84' lang='lat' dir='ltr'><strong>ferre</strong></span> <span class='ocrx_word' id='word_1_178' title='bbox 995 3492 1266 3542; x_wconf 80' lang='lat' dir='ltr'><strong>victoriam</strong></span> <span class='ocrx_word' id='word_1_179' title='bbox 1346 3486 1573 3538; x_wconf 73' lang='lat' dir='ltr'><strong>vidimus</strong></span> <span class='ocrx_word' id='word_1_180' title='bbox 1593 3497 1646 3534; x_wconf 86' lang='lat' dir='ltr'><strong>et</strong></span> <span class='ocrx_word' id='word_1_181' title='bbox 1665 3479 1899 3534; x_wconf 83' lang='lat' dir='ltr'><strong>Declam.</strong></span> <span class='ocrx_word' id='word_1_182' title='bbox 1916 3480 2062 3532; x_wconf 83' lang='lat' dir='ltr'>XXII</span> <span class='ocrx_word' id='word_1_183' title='bbox 2078 3481 2116 3532; x_wconf 84' lang='lat' dir='ltr'><strong>f.</strong></span> <span class='ocrx_word' id='word_1_184' title='bbox 2133 3477 2354 3531; x_wconf 68' lang='lat' dir='ltr'><strong>Senum.</strong></span> 
     </span>
     <span class='ocr_line' id='line_1_26' title="bbox 265 3559 1880 3641; baseline -0.006 -21"><span class='ocrx_word' id='word_1_185' title='bbox 265 3585 437 3620; x_wconf 75' lang='lat' dir='ltr'><strong>meam</strong></span> <span class='ocrx_word' id='word_1_186' title='bbox 462 3565 649 3634; x_wconf 83' lang='lat' dir='ltr'><strong>debet,</strong></span> <span class='ocrx_word' id='word_1_187' title='bbox 671 3581 731 3618; x_wconf 87' lang='lat' dir='ltr'><strong>ut</strong></span> <span class='ocrx_word' id='word_1_188' title='bbox 754 3583 974 3641; x_wconf 80' lang='lat' dir='ltr'><strong>propter</strong></span> <span class='ocrx_word' id='word_1_189' title='bbox 995 3586 1111 3622; x_wconf 81' lang='lat' dir='ltr'><strong>eam</strong></span> <span class='ocrx_word' id='word_1_190' title='bbox 1134 3567 1271 3620; x_wconf 83' lang='lat' dir='ltr'><strong>nolit</strong></span> <span class='ocrx_word' id='word_1_191' title='bbox 1349 3565 1484 3618; x_wconf 85' lang='lat' dir='ltr'><strong>Vide</strong></span> <span class='ocrx_word' id='word_1_192' title='bbox 1507 3574 1620 3615; x_wconf 88' lang='lat' dir='ltr'><strong>not.</strong></span> <span class='ocrx_word' id='word_1_193' title='bbox 1647 3559 1880 3615; x_wconf 78' lang='lat' dir='ltr'><strong>editoris.</strong></span> 
     </span>
    </p>
   </div>
  </div>
 </body>
</html>
