2855 4871
676 448 1513 521 DECLAMATIONES.
1559 459 1816 525 XLIX.
2167 469 2294 559 593

182 566 547 641 infantem
590 568 821 643 adhuc
844 572 1052 672 jussit
1081 576 1277 667 feris,
1319 579 1650 672 canibus,
1690 602 1760 655 et
1802 584 1972 658 diris
2008 589 2293 664 alitibus

182 682 503 781 exponi:
547 704 755 782 puto,
800 686 1006 784 patris
1047 688 1290 762 similis
1324 694 1646 792 apparuit
1675 710 1730 787 ¹,
1763 698 1951 771 unde
1993 702 2290 776 mzitrem

182 816 350 867 tam
385 798 679 895 graviter
714 799 1027 873 offendit.
1062 806 1248 875 Nam
1282 806 1405 904 qui
1439 829 1658 907 potest
1693 814 2078 911 expositum
2109 845 2292 917 prae-

185 910 448 983 terite?
481 912 757 1011 ignosce
774 972 793 1006 ,
819 941 963 988 non
989 919 1219 1015 potui:
1247 940 1324 991 tu
1349 946 1465 993 me
1492 923 1849 1019 docueras,
1870 929 2134 1027 puella,
2155 933 2294 1005 mi-

182 1027 505 1101 sereri²z
546 1028 630 1100 de
676 1052 895 1103 matre
938 1032 1115 1105 nihil
1162 1038 1504 1109 meminit.
1554 1042 1622 1113 Ο
1659 1044 1978 1140 gratum3
2009 1046 2291 1123 infantis

182 1144 541 1214 errorem!
578 1164 644 1216 te
678 1146 1017 1221 existimat
1043 1171 1362 1224 matrem.
1398 1154 1600 1227 Disce
1620 1212 1639 1244 ,
1669 1156 1908 1231 infelix
1939 1189 2133 1259 puer,
2159 1192 2288 1237 na·-

181 1254 446 1327 talium
478 1279 762 1331 tuorum
792 1260 974 1335 disce
1002 1266 1392 1339 fortunam:
1429 1271 1682 1368 pariter
1703 1301 1830 1346 nos
1853 1278 2096 1350 ambos
2121 1307 2288 1353 mu·-

179 1369 329 1443 lier
360 1370 635 1446 afflixit:
661 1397 730 1448 et
759 1378 1015 1475 pariter
1043 1379 1303 1453 factum
1338 1382 1472 1455 alia
1491 1383 1520 1440 4
1554 1389 1859 1461 servavit.

180 1524 583 1598 taimeuigere,
598 1541 660 1582 ut
674 1547 795 1583 cum
807 1531 1202 1587 Declamatioue
1280 1535 1472 1589 Matth.
1507 1558 1623 1611 cap.
1662 1558 1681 1592 ι
1701 1580 1718 1609 ,
1754 1542 1837 1595 23.
1871 1542 2090 1596 Senum.
2115 1574 2188 1586 —
2208 1548 2288 1601 De

180 1620 498 1675 congruant
514 1628 529 1658 ε
554 1626 652 1661 nos
674 1608 767 1661 diu
794 1624 847 1662 et
868 1611 1064 1664 frustra
1092 1612 1201 1665 hae-

179 1682 325 1733 sisse
338 1682 591 1749 santernum
612 1688 807 1760 quippe
823 1689 1071 1743 mirantes
1088 1688 1199 1745 haec

176 1772 303 1811 tam
328 1761 555 1817 obscura
572 1784 605 1817 a
622 1778 733 1818 tam
750 1766 919 1820 doctis
942 1772 1199 1842 interpre-

176 1836 335 1891 n'bus
361 1857 476 1893 esse
498 1845 787 1914 preterita,
812 1864 841 1897 e
860 1846 1055 1917 quibus
1075 1851 1197 1901 nul-

172 1918 269 1973 lus
310 1937 495 1975 sensns
529 1922 647 1977 elici
682 1938 890 1997 potest:
929 1930 1005 1980 sie
1039 1930 1199 1999 igitur

172 2001 611 2072 interpunximue
652 2008 857 2078 peperit
880 2028 896 2057 .-
945 2010 1193 2079 exposuit.

172 2079 639 2155 Raptor-suscepit,
658 2096 758 2138 etc.
776 2103 881 2156 qua
899 2087 1195 2140 mutatione

174 2158 370 2208 omnia
393 2162 497 2228 jam
524 2160 643 2214 luce
670 2162 893 2216 clariora
919 2167 973 2216 in
1000 2165 1195 2218 Decla-

172 2241 420 2292 motione
448 2242 693 2297 evadunt.
722 2246 814 2297 En.
843 2274 917 2286 --—
940 2247 998 2301 V
989 2250 1099 2299 enit
1124 2248 1195 2299 ad

172 2340 269 2375 vos
298 2339 467 2392 prava
494 2325 698 2378 mulier.
731 2326 947 2395 Malim,
980 2330 1189 2383 veniat.-

170 2416 377 2472 nempe
398 2418 507 2454 uon
532 2402 643 2458 haec
666 2423 815 2471 mea,
844 2406 1067 2460 maxime
1095 2410 1190 2462 mi-

170 2481 405 2534 sericors
430 2495 484 2532 et
503 2484 607 2554 pia.
632 2483 851 2536 Senum.

254 2577 277 2612 1
291 2600 305 2612 .
347 2562 522 2615 Patris
558 2562 742 2616 similis
779 2567 1039 2636 apparuit.
1078 2567 1188 2634 Qui

1279 1628 1446 1669 matre
1473 1619 1615 1671 nihil
1641 1624 1899 1676 meminit.
1938 1627 2140 1693 Immo,
2177 1647 2288 1680 me-

1279 1697 1430 1748 mini.
1456 1697 1630 1765 Quam
1663 1700 1893 1754 crudelis
1924 1704 2014 1755 illa
2045 1723 2168 1777 erga
2201 1725 2286 1759 me
2370 1732 2376 1737 ·

1276 1778 1463 1845 fuerit,
1484 1779 1680 1833 oblitus
1699 1800 1844 1834 sum:
1871 1802 1970 1835 nec
1993 1783 2049 1835 id
2065 1787 2120 1837 in
2139 1805 2287 1839 com·-

1275 1862 1425 1911 muni
1446 1863 1645 1915 infante
1664 1865 1848 1917 ulcisci
1861 1885 2097 1937 possum.
2115 1868 2284 1925 (wilm.

1274 1940 1512 1995 Clariora
1535 1943 1649 1997 haec
1666 1984 1683 2011 ,
1711 1946 1791 1997 De
1817 1960 1982 2000 matre
2005 1948 2148 2001 nihil
2170 1946 2284 2002 me-

1274 2025 1513 2077 minerit.-
1529 2044 1560 2076 o
1569 2039 1782 2099 gratum
1799 2028 2021 2098 infantis
2033 2036 2284 2083 errorem!

1274 2111 1323 2153 te
1344 2102 1657 2156 existimabit
1677 2116 1913 2157 matrem·
1941 2106 2160 2159 Senon-r.

1342 2180 1393 2232 3.
1424 2181 1472 2233 Ο
1488 2196 1716 2257 yratum.
1744 2186 1841 2235 Hic
1865 2182 2015 2236 locus
2035 2186 2112 2236 sic
2129 2204 2283 2259 repo-

1270 2258 1478 2312 nendus
1509 2260 1719 2313 videtur
1747 2262 2004 2315 Neveleto
2036 2282 2156 2315 meo
2175 2300 2194 2331 ,
2235 2266 2284 2317 0

1264 2350 1478 2415 gratum
1506 2340 1726 2411 infantis
1752 2344 2005 2393 errorem!
2033 2354 2081 2393 te
2110 2344 2281 2395 existi-

1268 2426 1383 2469 mat
1393 2430 1612 2472 matrem
1625 2441 1642 2470 .·
1657 2419 1808 2486 disce,
1828 2418 2018 2492 infelix
2027 2440 2176 2493 puer,
2193 2441 2281 2473 na-

1269 2495 1460 2548 talium
1485 2509 1689 2552 tuorum
1702 2499 1916 2569 fatum,
1945 2499 2080 2551 disce
2093 2500 2280 2570 fortu-

1269 2593 1410 2625 nam.
1439 2576 1647 2627 Pariter
1671 2596 1764 2628 nos
1789 2578 1965 2628 ambos
1995 2587 2164 2628 mater
2187 2578 2278 2649 af-

168 2645 357 2715 rapuit
398 2657 453 2696 et
484 2645 591 2697 vim
626 2644 803 2698 intulit
843 2651 1011 2700 matri.
1047 2650 1185 2719 Lege
1250 2651 1434 2726 flixit,
1449 2663 1500 2703 et
1508 2652 1824 2724 pariter-alia
1837 2653 2083 2722 servavit,
2101 2668 2273 2707 acute.

168 2738 389 2790 autem,
404 2726 568 2796 patris
577 2725 761 2780 similis
770 2731 1045 2798 apparuit.-
1064 2731 1187 2784 inde

168 2814 398 2856 matrem
418 2813 525 2854 tam
539 2806 770 2879 graviter
780 2805 1025 2879 offendit.
1040 2812 1184 2863 Nam

166 2886 322 2957 quis,
363 2897 463 2937 etc.
504 2889 606 2938 nisi
636 2890 782 2940 Num
819 2889 931 2959 quis
968 2908 1184 2944 censeas

165 2963 391 3016 rectius.
413 2964 631 3017 Senum.
650 2966 785 3019 Vide
803 2965 871 3018 de
889 2964 995 3020 hoc
1012 2968 1185 3022 decla-

166 3045 403 3096 matorio
433 3048 673 3099 acumine
701 3045 874 3098 Barth.
900 3047 1177 3103 Adversar.

166 3121 265 3174 lib.
294 3122 461 3189 XLII,
487 3142 605 3196 cap.
634 3125 713 3178 18.

242 3221 297 3257 2.
322 3204 408 3256 Tu
429 3223 516 3258 me
537 3205 813 3275 docueras,
837 3207 1021 3283 puella
1033 3249 1051 3276 ,
1079 3214 1180 3263 mi-

162 3284 340 3334 sereri.
357 3287 587 3338 Uxorem
606 3305 757 3340 suam
774 3289 1017 3360 intelligit
1032 3289 1181 3360 puel·

161 3360 229 3416 lae
266 3367 520 3418 nomine:
562 3367 709 3438 quod
744 3371 918 3421 minus
953 3371 1177 3437 mhum,

166 3461 337 3515 quum
372 3455 423 3494 et
454 3446 703 3517 viryinem
732 3449 1035 3520 appellent,
1067 3469 1175 3502 non

166 3522 377 3587 solum,
414 3540 529 3594 quae
562 3525 730 3577 virum
766 3545 954 3596 passa,
992 3527 1087 3581 sed
1122 3545 1177 3583 et

166 3620 289 3674 qum
312 3605 422 3673 jam
450 3618 615 3656 mater
642 3619 737 3657 est.
772 3605 961 3660 Calvus
993 3611 1047 3660 in
1074 3610 1134 3660 Io
1158 3631 1170 3660 ε

171 3705 194 3728 ι
213 3680 327 3733 Ah!
348 3683 497 3752 virgo
515 3682 697 3736 infelix
709 3721 725 3748 ,
740 3683 919 3737 herbis
938 3690 1173 3757 pasceris

171 3780 194 3805 c·
218 3763 425 3814 amaris.
448 3784 470 3809 ι
504 3762 665 3831 Quod
701 3762 907 3815 Servius
944 3765 1069 3816 citat
1102 3765 1173 3817 ad

162 3838 301 3891 illud
328 3841 561 3912 virgilii,
602 3843 797 3916 Ecloga
827 3845 895 3896 Vl
927 3844 995 3896 de
1027 3848 1171 3899 Pasi-

1264 2731 1411 2782 Prrn.
1443 2732 1746 2782 Discessere
1777 2732 1834 2782 in
1867 2733 2182 2784 sententiam
2213 2734 2274 2784 il-

1263 2808 1391 2877 lius,
1416 2814 1462 2864 si
1485 2813 1604 2883 quis
1627 2812 1801 2877 malit,
1823 2812 1974 2864 Disce
1996 2813 2276 2884 infelicita-

1264 2905 1395 2958 tem,
1417 2912 1565 2964 puer,
1589 2891 1850 2945 natalium
1871 2903 2080 2946 tuorum
2093 2932 2111 2960 ‚
2137 2893 2274 2947 disce

1250 2973 1549 3046 fortunam.
1569 2972 1788 3026 Natales
1808 2987 1868 3026 ut
1889 2975 2022 3042 sint,
2043 2976 2192 3044 origo
2219 2988 2274 3028 et

1260 3051 1456 3105 familia
1471 3075 1486 3117 ς
1513 3053 1783 3124 quomodo
1801 3053 1860 3104 in
1873 3051 2269 3124 vulgatissimis,

1259 3132 1476 3184 Restitui
1490 3131 1772 3198 natalibus,
1795 3145 1874 3198 et,
1889 3131 2148 3184 natalibus
2160 3151 2269 3184 non

1260 3208 1469 3282 officere
1492 3213 1966 3265 manumissionem.
1994 3211 2210 3262 Senum.

1327 3291 1379 3358 4.
1412 3291 1538 3343 Alia
1568 3293 1802 3345 servavit.
1835 3295 1999 3358 Puto,
2029 3292 2262 3344 servabit.

1255 3369 1341 3422 Sic
1362 3369 1601 3443 loquitur
1621 3373 1796 3422 mitius
1818 3371 1930 3439 jam
1954 3387 2112 3438 agens
2140 3389 2262 3422 cum

1255 3468 1454 3516 uxore,
1485 3452 1638 3522 quasi
1669 3469 1886 3520 sperans
1913 3450 2052 3502 ultro
2078 3453 2262 3503 remis-

1254 3550 1448 3583 suram.
1475 3532 1639 3583 Gnots.
1669 3533 1772 3582 Diu
1804 3551 1886 3584 me
1917 3530 2028 3583 haec
2053 3531 2261 3585 habue-

1252 3625 1377 3663 runt
1415 3613 1736 3662 exercitum:
1784 3625 1836 3664 et
1875 3613 2116 3665 nondum
2153 3633 2256 3685 pro

1254 3705 1401 3743 certo
1443 3694 1552 3744 scio
1573 3729 1590 3756 ,
1634 3711 1701 3744 an
1743 3693 1960 3745 viderim
2007 3714 2099 3762 ea,
2142 3711 2256 3767 qum

1250 3772 1514 3841 scripserit
1525 3785 1726 3824 auctor.
1739 3771 1934 3824 Sensus
1947 3785 2122 3824 tamen
2138 3791 2254 3824 ma-

1250 3851 1472 3902 nifestus
1499 3853 1554 3902 in
1585 3851 1665 3903 his
1697 3866 1948 3924 apparet,
1977 3865 2032 3905 et
2056 3854 2258 3924 pariter

162 3916 340 3988 phae,
362 3933 467 3973 tres
493 3922 602 3991 jam
625 3921 847 3989 liberos,
873 3921 1166 3991 Phaedram,
1236 3932 1413 4004 factos
1445 3932 1646 3985 alienos
1678 3936 1912 3987 servabit.
1950 3933 2160 3988 Obtulit
2195 3951 2252 3986 se

163 3999 469 4069 Ariadnen,
514 4017 567 4054 et
607 4003 943 4076 Androgeum
996 4009 1165 4058 enixa.

1248 4012 1405 4062 etiam
1419 4048 1436 4075 ,
1456 4012 1814 4085 pariterforte
1835 4032 1974 4064 nunc
1995 4013 2252 4067 alienatos

171 4103 194 4126 ιι
214 4081 322 4134 Ah!
345 4086 490 4154 virgo
510 4085 717 4153 infelix,
738 4105 855 4158 quae
880 4101 931 4140 te
953 4087 1166 4140 demen-
1242 4091 1477 4142 servabit.
1527 4092 1618 4144 His
1667 4105 1844 4143 autem
1889 4094 2145 4160 minatur,
2191 4111 2248 4146 se

172 4183 195 4206 ι
216 4161 289 4212 tia
321 4163 493 4233 cepit?
511 4185 535 4211 n
561 4161 711 4216 Adde
748 4179 801 4217 et
830 4165 1074 4218 Grotium
1096 4165 1167 4219 ad
1245 4165 1403 4236 hanc,
1424 4171 1526 4222 nisi
1543 4168 1838 4238 desisteret,
1851 4169 2246 4240 derelicturum,

378 4251 430 4302 6.

1932 4257 1998 4311 38
