2855 4871
589 448 672 515 52
1093 445 1184 507 M.
1237 443 1489 507 FABII
1532 442 2171 526 QUINTILIANI

585 570 894 671 quadam
916 566 1224 668 conjectu
1233 594 1306 639 ra
1326 594 1569 666 capere
1583 592 1986 667 possumus:
2011 593 2185 639 num
2204 568 2443 641 minus
2459 569 2683 641 animi

587 687 736 758 sine
782 684 923 774 his,
972 709 1149 754 num
1199 680 1435 753 minus
1481 681 1869 781 pertinaciae
1918 680 2251 755 desertis?
2280 685 2428 781 Age
2466 709 2635 756 sane
2660 740 2681 773 ‚

583 800 716 873 hoc
749 827 890 873 non
924 798 1266 898 cogitatus,
1309 797 1499 895 quod
1537 823 1665 871 nec
1694 797 1975 896 publica
2004 798 2295 870 retinere
2322 796 2483 898 jura
2506 798 2683 871 tami

584 934 848 1016 putant.
911 914 1208 987 Miratur
1253 913 1511 1011 aliquis
1552 914 1795 986 timere
1843 940 1958 987 me
2005 912 2275 1003 hosta,
2322 913 2511 1013 quod
2570 914 2685 986 isti

583 1027 1095 1131 transfugiunt?
1123 1028 1223 1100 illi
1262 1055 1377 1101 me
1412 1055 1558 1101 non
1592 1028 1863 1100 timent.
1902 1029 2330 1118 Caveamus,
2354 1027 2681 1116 obsecro,

585 1142 760 1219 dum
794 1146 1030 1247 plures
1063 1170 1328 1217 sumus,

2044 1340 2071 1369 l

576 1425 1030 1450 ”mm
1420 1422 2687 1447 mmmmwmmmmmffltffl

1430 1644 1829 1723 CCLVI.

1062 1878 1385 1950 Furiosus
1413 1880 1623 1947 trium
1634 1874 1958 1975 filiorum
1988 1890 2203 1973 pater.

583 2080 706 2159 Qui
751 2056 1068 2141 tres-filios
1109 2076 1377 2138 habebat
1395 2120 1413 2153 ‚
1458 2074 1613 2151 duos
1656 2098 1763 2159 per
1804 2075 2083 2137 furorem
2125 2074 2379 2150 occidit;
2426 2097 2465 2135 a
2508 2076 2686 2136 tertio

1265 2187 1515 2235 sanatus
1530 2218 1548 2251 ‚
1576 2173 1818 2235 abdicat
1839 2194 2003 2235 eum.

1295 2368 1985 2433 DECLAMATIO.

681 2534 1000 2606 Poteram
1033 2531 1246 2603 etiam
1277 2531 1333 2602 si
1365 2558 1511 2604 non
1544 2531 1895 2622 irascerer,
1929 2530 2250 2603 abdicare
2269 2587 2290 2621 ,
2320 2550 2687 2628 tamquam

586 2648 814 2721 bonus
842 2662 1072 2746 patet·
1099 2645 1367 2717 Omnia
1407 2647 1495 2718 de
1536 2648 1817 2718 fortuna
1844 2672 2001 2718 mea
2035 2645 2285 2736 timeo,
2323 2645 2571 2717 omnia
2602 2645 2711 2717 de·

585 2787 728 2839 tam
760 2762 1030 2866 fragili,
1073 2791 1150 2836 ac
1177 2784 1320 2836 tam
1353 2763 1676 2834 mutabili
1704 2784 1983 2835 mente:
2016 2783 2083 2835 et
2110 2783 2388 2863 propter
2410 2762 2549 2835 hoc
2585 2763 2689 2836 di-

587 2879 971 2952 mittendus
1024 2878 1205 2950 mihi
1251 2905 1294 2950 a
1344 2877 1556 2951 domo
1606 2876 1790 2950 filius
1840 2897 2025 2968 erat,
2084 2903 2172 2949 ne
2220 2876 2565 2950 incideret
2614 2879 2685 2949 in

592 3022 835 3068 meum
864 2997 1194 3068 furorem.
1239 2995 1375 3068 Sed
1409 3014 1758 3095 quatenus
1787 3015 1859 3068 et
1889 3021 2127 3067 causas
2159 3019 2441 3095 quoque
2477 2995 2689 3068 abdi-

589 3109 884 3185 cationis
925 3111 1348 3211 interrogor‚
1383 3110 1457 3182 id
1490 3131 1624 3202 est,
1664 3110 1854 3211 quod
1893 3111 2077 3211 cogit
2106 3137 2223 3184 me
2254 3113 2688 3210 frequentius

587 3319 726 3366 cere,
765 3311 825 3351 ut
857 3297 944 3351 alii
975 3295 1207 3350 codices.
1241 3297 1420 3365 Quare
1453 3295 1593 3368 lege·
1674 3297 1945 3351 vindicent
1964 3301 2216 3352 acerrime
2234 3298 2614 3353 contumeliam
2634 3299 2689 3352 il-

585 3399 698 3434 rem
711 3418 728 3446 ,
747 3396 924 3432 omnes
937 3375 995 3428 1ιί
1006 3413 1024 3441 ,
1043 3375 1086 3428 si
1101 3375 1452 3448 reliquerunt,
1473 3385 1593 3441 etc„
1672 3375 1777 3429 lam
1802 3377 1929 3450 ipsis
1952 3379 2149 3431 factam
2167 3380 2224 3430 in
2244 3396 2465 3432 uxorum
2486 3381 2687 3453 stupris

588 3459 943 3532 manifestiore
955 3457 1185 3531 quadam
1205 3459 1498 3531 conjectura
1511 3476 1595 3509 ca-
1674 3471 1729 3511 et
1765 3459 2052 3513 adulteriis.
2098 3461 2438 3532 Desperatius
2472 3478 2688 3533 pugna-

588 3559 712 3616 pere
719 3556 987 3612 possumus
1003 3555 1108 3590 non
1124 3539 1296 3590 minus
1307 3536 1478 3588 animi
1490 3535 1601 3590 siue
1679 3541 1813 3594 bunt
1823 3539 2021 3595 deserti
2036 3561 2066 3594 a
2080 3542 2388 3612 transfugis,
2398 3555 2690 3616 postquam

593 3619 702 3686 his,
736 3637 844 3670 non
877 3618 1053 3670 minus
1075 3616 1379 3689 ρει-εἰκασία
1397 3616 1601 3670 deser-tis
1679 3640 1870 3675 uxores
1908 3620 2141 3674 ludibrio
2180 3621 2519 3688 habuerunt,
2564 3626 2689 3696 quia

579 3703 724 3778 fore.
759 3701 812 3754 Si
853 3697 912 3752 hi
954 3699 1234 3770 transfugae
1271 3699 1601 3772 reliquerunt
1679 3713 1924 3754 metuunt
1950 3719 2019 3753 ne
2048 3701 2365 3772 transfuga,
2394 3701 2553 3756 nobie
2580 3705 2693 3756 vic-

593 3802 784 3838 uxorea
811 3779 1130 3854 stuprandas
1153 3779 1374 3848 abillis,
1396 3781 1489 3854 qui
1507 3800 1601 3832 vo-
1680 3778 1911 3846 toribus,
1937 3779 2261 3832 ulciscantur
2284 3779 2686 3834 contumeliam.

593 3862 712 3917 lunt
725 3861 896 3916 scelus
908 3859 1300 3930 transfugarum
1315 3859 1405 3912 illa
1416 3873 1602 3912 contu·
1677 3861 1885 3914 Debent
1922 3875 2099 3914 autem
2140 3862 2423 3933 conjungi,
2466 3861 2691 3936 relique-

593 3944 748 3998 melia
765 3943 948 3994 ulcisci
961 3979 976 4006 ,
989 3938 1114 3992 inde
1127 3941 1391 4011 conjicere
1407 3957 1603 4011 possu-
1680 3954 1803 3994 runt
1822 3945 2065 4018 conjuges
2084 3944 2139 3996 in
2164 3943 2447 3996 ludibrium
2474 3963 2657 3998 eorum
2668 3983 2684 4011 ,

596 4024 1028 4090 mu3‚nonminu⁸
1040 4021 1603 4090 animiforehostibus,
1682 4019 1737 4074 id
1770 4035 1881 4088 est,
1913 4021 2175 4088 hostium,
2209 4023 2299 4093 qui
2334 4041 2393 4076 ce
2424 4042 2489 4076 eo
2520 4024 2689 4076 modo

601 4103 671 4156 ad
695 4123 749 4156 se
772 4101 1031 4169 tuendos,
1051 4119 1147 4168 ne,
1167 4101 1212 4153 si
1235 4113 1414 4154 nostra
1438 4117 1601 4172 opera
1680 4100 1862 4154 ulcisci
1890 4099 2054 4158 velint
2086 4121 2115 4155 a
2148 4101 2347 4156 sceiere
2380 4105 2687 4178 transfuga—

599 4187 776 4238 civitas
797 4197 1095 4256 expugnata
1109 4183 1294 4252 fuerit,
1315 4183 1601 4254 transfugae
1680 4201 1817 4236 rum.
1843 4185 2010 4238 nunu.
