2855 4871
554 383 597 446 8
1056 381 1151 446 M.
1200 379 1451 445 FABII
1495 378 2136 462 QUINTILIANI

2295 646 2582 668 mmm
2589 647 2649 666 ‘u

552 653 651 674 w·
654 648 1907 674 mmm

1347 851 1832 929 CCXLVI.

1098 1082 1685 1182 Soporatusfortis
1705 1084 2082 1179 priviqnus.

553 1292 673 1368 Qui
709 1291 953 1350 fortiter
982 1287 1209 1349 fecerat
1226 1333 1245 1363 ‚
1286 1285 1456 1348 bello
1490 1287 1857 1346 imminente
1889 1305 2176 1369 soporem
2193 1299 2210 1328 ¹
2252 1285 2333 1345 ab
2369 1306 2640 1348 noverca

631 1383 977 1467 subjectum
992 1385 1177 1444 bibit.
1198 1383 1461 1444 Causam
1481 1383 1636 1443 dixit
1652 1397 1974 1465 tamquam
1992 1383 2295 1478 desertor:
2317 1381 2643 1443 absolutus

630 1496 875 1542 accusat
892 1500 1221 1542 novercam
1244 1478 1548 1540 veneficii.

1242 1679 1943 1744 DECLAMATIO.

647 1836 970 1927 Etiamsi,
994 1837 1299 1938 judices,
1326 1859 1612 1910 eventus
1637 1838 1961 1936 proximae
1989 1831 2209 1910 caus'ae
2239 1837 2397 1909 satis
2419 1835 2640 1908 videri

550 1973 774 2052 potest
800 1951 1006 2024 etiam
1031 1951 1104 2024 in
1138 1952 1320 2024 hanc
1344 1979 1623 2050 quoque
1653 1949 2174 2052 prominciasse',
2209 1951 2519 2053 primum
2549 1973 2646 2023 ta-

552 2093 719 2140 men
743 2066 1000 2140 doloris
1022 2067 1163 2140 mei
1182 2068 1684 2167 professionem
1704 2065 2136 2139 dissimulare
2160 2094 2304 2139 non
2331 2093 2642 2166 possum,

549 2181 739 2281 quod
772 2207 1142 2254 novercam
1184 2203 1343 2254 ante
1376 2207 1695 2253 accusare
1739 2207 1884 2253 non
1929 2181 2150 2280 potui.
2192 2181 2435 2254 Debeo
2471 2181 2644 2279 qui-

551 2294 719 2367 dem
758 2295 1111 2368 sententiis
1132 2295 1461 2398 judicum
1496 2297 1735 2385 omnia
1766 2323 1781 2367 :
1819 2297 2034 2369 homo
2063 2317 2301 2368 tamen
2335 2295 2644 2396 gravissi·

550 2438 742 2483 mam
777 2411 1109 2515 injuriam
1152 2435 1419 2512 passus,
1473 2409 1704 2485 adhuc
1737 2428 2012 2503 tantum
2054 2412 2414 2488 absolutus
2453 2440 2640 2485 sum.

552 2527 821 2599 Verum
864 2554 979 2598 me
1035 2529 1353 2626 quamvis
1406 2527 1754 2629 praeci'pue
1799 2529 1874 2599 in
1915 2529 2048 2601 hoc
2082 2527 2436 2629 judicium
2486 2550 2646 2627 agat

549 2638 722 2711 ultio
760 2640 952 2730 talis,
988 2638 1165 2711 illud
1208 2640 1511 2737 quidem‘
1537 2641 1932 2739 peniculum
1966 2640 2182 2712 fallit:
2221 2640 2428 2714 hodie
2466 2668 2646 2713 con-

550 2755 880 2846 stituetis,
910 2780 1001 2825 an
1031 2754 1275 2828 merito
1304 2750 1658 2827 absolutus
1687 2756 1843 2828 sim.
1880 2757 2068 2828 Inter
2096 2784 2375 2828 summa
2403 2754 2649 2831 discri-

549 2869 745 2941 mina
779 2870 1177 2969 reipublicae
1212 2897 1355 2942 non
1383 2871 1522 2943 fuit
1539 2895 1892 2943 venenum
1913 2928 2641 2945 ...................

554 3040 1272 3058 ...................
1304 3014 1432 3086 ego
1462 2988 1772 3060 deserui:
1809 2988 1865 3059 si
1891 2990 2048 3088 quis
2083 3008 2315 3060 autem
2343 2988 2432 3059 ad
2455 2987 2644 3061 hanc

548 3100 1047 3201 praeteritorum
1104 3101 1661 3200 indignationem
1715 3102 2010 3204 adjicere
2064 3105 2276 3176 etiam
2335 3104 2640 3175 formam

548 3216 770 3315 ipsam
792 3214 1045 3316 judieii
1080 3237 1337 3315 potest,
1376 3217 1554 3290 illud
1595 3240 1774 3291 certe
1815 3239 1946 3309 est,
1979 3218 2171 3318 quod
2197 3218 2398 3291 nulla
2426 3218 2646 3317 possit

548 3330 833 3402 tolerare
869 3330 1196 3428 patientia
1219 3388 1240 3422 ,
1281 3334 1472 3432 quod
1501 3360 1573 3405 se
1607 3333 1786 3405 mihi
1817 3334 2172 3407 contendit
2195 3358 2490 3442 noverea
2523 3332 2644 3403 be·

548 3447 883 3520 neficium
913 3447 1211 3523 dedisse:
1245 3478 1363 3525 vos
1386 3450 1851 3543 aestimabitis‚
1890 3452 2062 3552 quid
2085 3452 2172 3525 de
2195 3478 2488 3552 persona
2509 3449 2646 3523 hac

547 3561 894 3635 sentiatis:
940 3590 1083 3637 non
1107 3566 1371 3639 fecisset
1393 3566 1526 3643 hoc
1553 3589 1812 3641 mater:
1849 3588 2026 3641 certe
2057 3565 2246 3667 quod
2280 3566 2453 3637 mihi
2483 3564 2641 3638 satis

549 3696 677 3767 est,
707 3696 899 3775 pater
930 3706 1073 3752 non
1108 3680 1285 3754 fecit.

620 3863 639 3897 ι
652 3886 663 3897 .
677 3846 945 3921 Soporem.
964 3850 1043 3901 lta
1062 3850 1327 3922 Nepotem
1345 3852 1401 3903 in
1426 3853 1558 3903 Dio·
1639 3868 1712 3918 ιν,
1727 3870 1790 3921 9,
1809 3872 1862 3924 p.
1881 3852 1950 3918 84
1967 3865 2158 3904 nostroe
2177 3850 2304 3903 edit.
2321 3848 2414 3901 ubi
2439 3866 2644 3920 sapores

540 3942 609 3975 ne
651 3943 771 3996 cap.
813 3944 873 3993 2,
912 3945 1139 3999 soporem
1189 3928 1313 3983 dare
1362 3929 1556 3984 dixisse
1634 3932 1986 4009 pretulimu33
2011 3932 2132 3985 vide
2150 3930 2218 3985 ad
2241 3930 2520 3993 Decl.xv‚
2545 3928 2642 3981 ubi

542 4006 747 4055 notavit
778 4004 856 4057 cl.
890 4004 1277 4077 Schultingius‚
1312 4021 1365 4059 et
1395 4006 1556 4079 plura
1636 4012 1812 4063 odium
1835 4013 1958 4064 dare
1978 4024 2028 4063 et
2048 4014 2307 4084 accipere,
2335 4027 2438 4081 pro
2457 4008 2642 4079 potio-

546 4078 761 4135 adduxit
778 4082 1145 4138 Broukhusius
1166 4084 1235 4137 ad
1250 4085 1554 4155 Tibuu,1v‚
1633 4109 1756 4141 nem
1781 4088 1888 4141 odii
1912 4088 2068 4151 dare,
2088 4102 2190 4141 etc.
2211 4089 2443 4158 ponitur.
2471 4088 2562 4137 En.
