2855 4871
660 431 1500 525 nEcLiMATmNES.
1548 434 1814 497 cccv.
2155 453 2276 497 ,αι
2329 406 2336 413 ’

176 579 421 633 contra
442 558 679 657 legem
708 578 847 630 est:
884 556 971 627 sit
996 555 1273 653 aliquid,
1292 555 1560 647 mitius,
1588 556 1674 628 sit
1697 555 1961 656 aliquid
1986 555 2288 627 clemen-

178 675 361 763 tius,
394 700 545 745 non
574 670 771 761 licet,
802 698 935 742 nec
970 670 1099 743 tihi
1132 670 1377 742 licebit
1408 671 1788 770 ignoscere.
1829 671 2152 742 Exsulem
2184 671 2286 743 in·

177 810 283 861 tra
330 789 509 861 fines
557 787 760 861 liceat
804 786 1143 859 occidere.
1194 786 1612 878 Neminem,
1652 786 1955 887 judiceS,
2005 812 2284 877 eorum,

176 904 306 1001 qui
329 903 497 1003 jura
528 903 1026 990 condiderunt,
1058 922 1203 974 tam
1230 928 1554 1002 asperum
1585 922 1650 975 et
1676 924 1942 975 trucem
1973 901 2286 973 existimo

178 1020 431 1109 fuisse,
464 1040 543 1093 ut
568 1038 842 1091 tantum
868 1017 1091 1090 scelus
1115 1017 1417 1089 crederet
1441 1044 1636 1117 posse
1661 1018 1812 1091 fieri
1833 1033 1877 1089 ¹.
1911 1021 2108 1090 Metu
2139 1017 2288 1089 sine

180 1136 409 1209 dubio
452 1134 629 1207 fines
672 1156 937 1207 nostros
978 1134 1223 1207 clausit
1256 1135 1649 1208 exsulibus:
1689 1162 2019 1235 magnam
2051 1155 2290 1207 tamen

182 1252 361 1340 illis,
392 1252 523 1350 qui
558 1249 1207 1351 deprehendissent,
1245 1250 1581 1351 imposuit
1607 1250 2118 1323 difficultatem.
2153 1251 2324 1349 Ex-s

178 1364 412 1437 sulem
458 1364 643 1437 intra
680 1366 853 1437 fines
895 1363 1454 1463 deprehendisti?
1486 1364 1754 1456 occide,
1799 1366 1854 1436 si
1898 1386 2133 1464 potes:
2169 1364 2292 1436 sed

180 1480 426 1554 occide
470 1502 591 1553 tua
634 1508 891 1571 manu,
936 1508 1133 1552 sume
1168 1482 1512 1554 carnificis
1553 1483 1924 1554 animum:
1961 1480 2291 1582 sequetur

180 1597 616 1696 quandoque
648 1617 715 1669 te
750 1596 879 1669 ista
911 1596 1335 1668 conscientia
1362 1624 1377 1667 :
1416 1618 1483 1668 et
1510 1596 1948 1697 quam'quam
1977 1596 2294 1696 impuni-

181 1732 293 1783 tus
332 1712 660 1809 sanguis,
705 1710 1015 1782 manabit
1059 1730 1299 1782 tamen
1340 1738 1560 1809 usque
1600 1712 1688 1783 ad
1731 1712 2076 1784 animum.
2113 1712 2290 1803 Quae

184 1848 355 1898 sunt
384 1826 529 1897 istae
553 1826 855 1915 deliciae,
892 1846 968 1897 ut
996 1847 1071 1898 tu
1097 1825 1263 1897 velis
1296 1826 1621 1899 inimicos
1654 1848 1806 1899 tuos
1841 1828 2294 1927 imprudenti-

184 1942 349 2014 bus²
380 1943 715 2015 manibus
742 1940 1094 2015 occidere?
1114 1941 1442 2015 Exsulem
1468 1943 1649 2017 intra
1667 1943 1842 2015 fines
1867 1943 2072 2016 liceat
2103 1944 2293 2016 occi-

187 2058 373 2129 dere.
411 2059 488 2130 Si
519 2058 983 2159 deprehensos
1008 2058 1460 2151 detinuisses,
1496 2059 1840 2161 injustum
1865 2060 2290 2159 supplicium

188 2194 415 2245 esset:
462 2202 675 2247 nemo
723 2175 899 2247 inter
939 2202 1173 2275 poenas
1215 2175 1466 2248 exsulis
1509 2176 1868 2249 constituit
1898 2176 2138 2248 mortis
2173 2202 2293 2247 ex-

188 2290 687 2387 spectationem
716 2318 731 2362 :
770 2290 953 2362 istud
986 2291 1176 2389 quod
1208 2312 1470 2363 nutum
1506 2312 1712 2365 tuum
1743 2291 2000 2364 diutius
2021 2290 2292 2380 vident,

190 2407 381 2503 quod
426 2405 900 2505 arrogantiam
944 2407 1219 2499 ferunt,
1268 2407 1616 2510 injustum
1663 2409 2092 2511 supplicium
2139 2429 2237 2482 est
2273 2437 2290 2480 ε

1286 2559 1557 2614 micidium
1569 2560 1838 2614 invenire?
1855 2561 1992 2615 Sane
2007 2579 2116 2612 non
2136 2577 2293 2611 omne

1287 2640 1437 2712 quod
1459 2641 1610 2707 licet,
1633 2639 1918 2693 honestum
1943 2653 2051 2692 est:
2079 2657 2184 2710 qua
2211 2652 2294 2690 ta-

1288 2739 1409 2771 men
1433 2720 1563 2773 utile
1587 2733 1694 2786 est,
1710 2724 1800 2791 jus
1826 2731 1922 2770 eat.
1948 2715 2050 2770 Sed
2074 2718 2294 2788 propius

270 2573 289 2607 ι
302 2597 315 2608 .
338 2555 391 2607 U
390 2567 411 2606 t
424 2567 629 2608 tantum
648 2555 809 2610 scelus
826 2558 1053 2610 crederet
1062 2576 1209 2630 posse

176 2635 327 2710 fieri.
366 2636 539 2690 Multa
584 2641 727 2690 enim
768 2641 824 2692 in
864 2639 1071 2711 legibus
1114 2639 1207 2693 ali-

194 2715 417 2787 qnando
448 2731 816 2789 apponuntur,
846 2738 955 2771 non
984 2732 1091 2770 tam
1126 2739 1210 2771 re-

192 2817 323 2850 vera
360 2797 641 2869 puniendi,
677 2817 838 2872 quam
876 2798 1209 2852 absterrendi

190 2880 395 2950 gratia,
416 2894 477 2932 ut
496 2879 585 2932 illa
607 2899 671 2934 ex
698 2899 755 2934 12
778 2901 789 2931 ε
820 2904 843 2928 ι
862 2881 1047 2934 Tei-nis
1074 2899 1209 2934 nun·

200 2987 221 3008 ι
242 2961 381 3014 dinis
406 2976 584 3035 partes
608 2977 859 3015 secante:
891 2965 935 3013 si
962 2961 1083 3032 plus
1112 2963 1211 3013 mi-

198 3065 221 3087 ·
244 3061 409 3094 nusve
442 3043 742 3106 secuerint,
776 3043 887 3093 sine
922 3041 1107 3092 fraude
1134 3059 1213 3093 es-

202 3147 223 3168 ·
244 3135 317 3174 to.
340 3147 365 3170 »
402 3122 683 3176 Acerbitas
720 3125 861 3176 enim
896 3122 1211 3194 plerumque

198 3201 495 3254 ulciscendi
539 3201 783 3254 maleficii
802 3240 817 3268 ,
863 3200 1002 3254 bene
1050 3214 1211 3274 atque

196 3295 351 3334 caute
370 3279 586 3334 vivendi
604 3279 883 3353 disciplina
904 3295 1012 3334 est:
1037 3296 1090 3334 et
1101 3295 1211 3334 tam

196 3364 367 3416 atroci
388 3381 555 3435 poena
578 3365 867 3416 constituta
882 3401 898 3428 ,
927 3382 993 3414 ne
1016 3364 1071 3414 in
1098 3381 1213 3416 eam

196 3444 440 3497 incidant
466 3445 593 3497 mali
613 3443 695 3497 vel
726 3445 879 3496 tracti
894 3481 911 3510 ,
930 3443 1013 3496 vel
1036 3445 1213 3510 inviti,

196 3523 569 3576 reformidant.
592 3522 696 3576 Sed
714 3523 842 3574 (lum
861 3522 946 3576 lex
960 3523 1215 3594 permittit

198 3606 437 3658 exsulem
477 3607 617 3658 intra
654 3603 781 3656 fines
822 3601 1215 3674 deprehensum

200 3683 451 3738 occidere
471 3725 489 3752 ,
530 3702 695 3755 quum
732 3698 909 3736 tamen
952 3685 1215 3735 neminem

200 3781 379 3837 speret
420 3765 523 3818 hac
566 3767 725 3820 nimia
762 3764 976 3816 licentia
1014 3763 1215 3816 abusu-

196 3865 323 3899 mm
338 3871 353 3900 ε
372 3865 555 3900 nonne
576 3859 752 3900 tamen
772 3845 1003 3917 idipsum
1021 3859 1101 3898 est
1118 3845 1215 3898 ho·

196 3930 373 3982 mines
387 3928 455 3980 ad
471 3930 715 3980 facinora
732 3928 947 3980 liberius
969 3928 1187 3980 invitare
1197 3964 1214 3994 ‚

198 4007 393 4060 dixerit
421 4006 641 4078 aliquis,
665 4021 717 4060 et
746 4007 868 4058 licet
895 4007 1135 4076 iniquum
1163 4019 1219 4058 et

200 4085 553 4138 inhumanum
572 4125 588 4153 ‚
625 4098 681 4137 at
714 4097 889 4136 tamen
930 4083 1217 4155 legitimum

198 4163 508 4237 quoddam,
529 4163 675 4236 quod
697 4166 903 4235 privato
922 4162 1107 4229 liceat,
1125 4162 1221 4215 ho-

1287 2800 1514 2851 intuenti
1533 2797 1836 2870 apparebit,
1861 2811 1974 2849 tum
1995 2814 2154 2867 quum
2177 2815 2296 2866 per-

1288 2879 1448 2930 mittit
1487 2878 1572 2930 lex
1608 2878 1814 2949 gravius
1856 2875 2000 2948 quod
2043 2874 2298 2928 delictum

1291 2957 1501 3029 puniri,
1526 2975 1684 3029 quam
1707 2973 1807 3028 par
1829 2958 1926 3020 sit,
1949 2967 2008 3006 ut
2035 2955 2116 3008 vel
2144 2973 2298 3008 exsu-

1292 3039 1395 3090 lem
1420 3041 1558 3090 intra
1581 3039 1712 3090 fines
1737 3037 1980 3090 occidere
1995 3077 2011 3104 ,
2035 3036 2115 3091 vel
2144 3036 2298 3090 debi-

1290 3131 1462 3170 torem
1481 3116 1810 3188 discerpere,
1831 3130 2069 3180 nectere;
2089 3119 2158 3170 sit
2169 3135 2298 3170 vero

1292 3200 1464 3269 major
1491 3195 1594 3248 alia
1621 3195 1706 3248 lex
1731 3215 1761 3248 a
1788 3209 1978 3249 natura
2009 3212 2126 3249 orta
2142 3236 2159 3263 ,
2184 3213 2300 3268 quoe

1292 3288 1434 3328 recta
1474 3277 1609 3327 ratio
1647 3275 1970 3348 appellatur,
2005 3275 2298 3348 prohibens

1294 3369 1492 3409 tantam
1511 3355 1652 3408 hanc
1672 3355 1945 3408 hominum
1967 3356 2106 3406 inter
2127 3352 2299 3406 homi-

1292 3457 1387 3491 nes
1437 3439 1682 3490 soevitiam
1729 3449 1782 3489 et
1821 3435 2260 3490 inhumanitatem
2283 3457 2298 3500 ς

1296 3538 1405 3570 non
1426 3517 1592 3570 'illam
1633 3517 1760 3568 ferri
1777 3553 1796 3580 ,
1837 3529 1897 3566 ut
1935 3529 2118 3567 contra
2157 3514 2298 3568 banc

1294 3605 1686 3654 committatur:
1723 3596 1820 3650 sed
1853 3616 1922 3649 ne
1959 3597 2106 3650 exsul
2141 3598 2205 3649 iis
2242 3617 2300 3651 se

1294 3682 1628 3734 committere
1645 3692 1699 3732 et
1717 3679 2058 3730 commiscere
2080 3678 2270 3730 audeat
2282 3715 2299 3742 ,

1297 3779 1526 3835 quorum
1547 3757 1676 3812 laesit
1693 3760 2122 3828 conjunctionem
2145 3771 2300 3829 atque

1293 3843 1600 3895 societatem
1609 3879 1620 3890 .
1637 3839 1778 3910 Ergo
1791 3838 1920 3909 legis
1933 3835 2169 3908 qimdam
2180 3853 2302 3908 qua·

1295 3922 1339 3974 si
1361 3920 1722 3990 tergiversatio
1748 3929 1844 3970 est.
1868 3919 2050 3968 AEaoo.

1370 4016 1418 4050 a.
1445 3996 1880 4068 Imprudentibus.
1905 3995 1986 4044 An
2014 3994 2300 4046 innocenti-

1300 4077 1424 4130 bus?
1445 4090 1506 4128 ut
1529 4089 1580 4128 et
1605 4093 1768 4146 supra
1794 4075 2087 4124 innocentes
2114 4090 2300 4124 manus

1296 4159 1446 4214 dixit.
1470 4159 1690 4210 Sonuit.
