2855 4871
656 427 1486 516 DECLaMATmNEs.
1536 428 1737 493 CCL.
2159 452 2242 519 29

179 583 337 628 cum
369 581 561 655 agere
592 541 889 628 invicem
920 554 1157 653 coepit,
1204 574 1273 626 et
1306 580 1506 652 agere
1545 553 1746 653 coepit
1773 551 2192 654 injuriarum
2222 580 2240 626 ε

176 693 585 773 quantopere
612 694 844 745 autem
868 671 1164 745 voluerit
1187 670 1672 772 hujuscemodi
1699 671 1930 769 peragi
1949 670 2243 772 judicia,

176 785 401 884 legum
452 787 623 860 lator
672 787 969 860 ostendit
994 845 1015 878 ,
1075 812 1300 886 quum
1357 785 1773 887 injuriarum
1833 785 2246 858 damnatum

180 901 714 998 ignominiosum
754 927 896 974 esse
928 900 1169 973 voluit.
1203 901 1446 991 Quare
1479 899 1536 972 si
1573 897 1970 998 apparuerit
2000 920 2066 971 te
2100 926 2250 971 ma-

178 1015 309 1086 lam
344 1042 627 1089 causam
666 1017 963 1108 habere,
1002 1016 1251 1116 incipis
1286 1043 1433 1088 rem
1468 1015 1984 1116 iniquissimam
2014 1037 2251 1115 postu—

180 1131 339 1223 lare,
368 1151 479 1222 ut,
513 1135 679 1207 tales
706 1161 967 1234 poenas,
1001 1133 1241 1233 quales
1268 1133 1682 1233 praescribis,
1712 1132 2049 1232 patiatur:
2083 1160 2250 1204 nam

180 1246 229 1318 si
250 1267 386 1321 tam
415 1277 696 1348 gravem
722 1277 870 1322 rem
900 1271 967 1322 et
992 1271 1132 1322 tam
1163 1248 1673 1321 intolerabilem
1697 1249 1802 1321 lex
1831 1247 2254 1349 injuriarum

180 1363 477 1462 putavit¹,
499 1389 581 1439 ut
600 1367 697 1458 ei,
719 1367 843 1467 qui
862 1365 1322 1439 commisisset
1345 1365 1479 1438 tale
1510 1365 1875 1456 delictum,
1907 1392 2118 1438 omne
2137 1367 2256 1468 jus

182 1503 379 1574 poenae
411 1481 746 1570 auferret3
792 1480 1250 1579 quaerendum
1299 1480 1383 1552 de
1433 1506 1512 1552 eo
1558 1506 1838 1579 quoque
1882 1501 2016 1571 est,
2067 1472 2259 1578 quod

184 1592 373 1663 etiam
405 1615 587 1666 sorte
623 1596 884 1667 factum
914 1615 1043 1686 est,
1081 1616 1157 1668 ut
1189 1593 1377 1693 prior
1405 1620 1639 1693 ageres
1661 1653 1680 1686 ,
1714 1621 1860 1666 non
1895 1595 2064 1694 quia
2087 1615 2260 1668 atro-

186 1704 313 1778 cius
343 1729 520 1801 erat,
552 1709 748 1808 quod
778 1711 1198 1809 querebaris.
1232 1710 1427 1802 Quid
1459 1709 1704 1808 porro?
1744 1710 1873 1783 hac
1905 1711 2052 1810 ipsa
2083 1732 2261 1783 sorte

186 1845 313 1892 non
330 1822 460 1896 hoc
492 1825 865 1921 quaesitum
888 1844 1017 1916 est,
1044 1845 1197 1896 uter
1225 1825 1415 1923 prior
1439 1824 1896 1924 ageretHam
1919 1825 2052 1899 hoc
2071 1852 2260 1924 ergo,

187 1933 261 2006 de
294 1964 430 2036 quo
461 1939 1005 2030 contendimuS,
1044 1939 1499 2011 constitutum
1534 1960 1666 2011 est:
1703 1938 1826 2012 illa
1861 1941 2052 2012 enim
2084 1961 2264 2012 sorte

184 2048 307 2123 duo
324 2052 603 2152 judicia
622 2055 937 2127 ordinata
954 2076 1151 2127 sunt:
1177 2075 1243 2126 et
1263 2075 1446 2146 tum,
1469 2082 1691 2153 quum
1714 2082 2096 2146 accusares,
2119 2081 2266 2128 eras

186 2192 353 2258 rem,
386 2191 453 2241 et
481 2170 814 2270 proximo
840 2170 991 2242 loco
1027 2171 1410 2244 reus.‘Hoec
1437 2173 1531 2241 ad
1545 2174 1698 2270 jus,
1731 2170 1852 2243 illa
1885 2171 1978 2242 ad
1997 2175 2270 2270 oequita-

187 2295 300 2354 tem
316 2297 363 2356 ²:
396 2285 587 2385 quid
612 2285 786 2357 adeo
810 2285 1080 2387 justum
1098 2343 1117 2376 ,
1140 2313 1353 2384 quam
1382 2307 1448 2359 te
1475 2286 1830 2377 damnari,
1850 2287 1907 2358 si
1931 2286 2266 2387 injuriam

186 2419 317 2471 tum
344 2401 631 2476 fecisti?
670 2429 815 2476 non
858 2403 1050 2477 enim
1084 2403 1552 2505 ignominioso
1594 2404 1848 2494 fecisti,
1893 2425 1960 2477 et
1985 2405 2269 2477 fortasse

187 2542 295 2613 per
328 2540 391 2591 te
422 2518 660 2611 stetit,
708 2540 787 2592 ut
828 2520 1158 2621 injuriam
1205 2520 1321 2593 hic
1362 2548 1643 2622 quoque
1673 2523 1968 2594 faceret:
2005 2520 2270 2620 alio-qui

190 2649 279 2723 tu,
321 2634 375 2706 si
416 2662 649 2735 quam
684 2634 1015 2709 fiduciam
1049 2635 1336 2709 haberes
1379 2637 1792 2709 innocentiae
1836 2656 2001 2726 tuae,
2036 2662 2273 2707 nonne

188 2744 282 2817 his
322 2748 523 2849 ipsis,
584 2750 843 2847 quibus
878 2750 1181 2825 excludis
1212 2751 1454 2841 illum,
1503 2748 1933 2823 confideres?
1968 2749 2141 2847 quid
2177 2750 2273 2822 ti-

188 2862 359 2937 mes?
386 2866 755 2939 accusabit
784 2887 883 2958 te,
918 2866 1282 2939 neminem
1314 2887 1554 2965 postea
1583 2887 2057 2938 accusaturus:
2090 2866 2275 2939 caeci-

192 2976 279 3048 dit
305 2999 399 3051 te:
441 2981 626 3055 feeit
659 2981 1029 3084 injuriam:
1067 2980 1632 3054 confitebimur3:
1676 2979 2131 3081 probabimus
2166 3002 2278 3054 ta-

192 3118 333 3165 men
359 3095 545 3169 istud
586 3095 747 3197 jure
770 3097 1113 3171 accidisse.
1142 3097 1427 3188 Quanta
1455 3096 1848 3170 diffidentia
1869 3097 1943 3168 in
1963 3117 2030 3170 te
2057 3122 2276 3169 causae
2329 3102 2332 3108 ’

192 3227 303 3299 est,
340 3211 462 3308 qui
500 3231 675 3312 post
707 3212 836 3283 ista
866 3204 1211 3312 trepidas?
1244 3212 1412 3285 etin
1447 3212 1648 3284 nobis
1691 3233 1952 3311 quanta
1985 3211 2278 3301 fiducia,

194 3322 300 3417 qui
329 3347 479 3423 post
504 3327 703 3399 hanc
735 3326 1241 3419 infelicitatem,
1278 3349 1434 3427 post
1465 3326 1646 3401 hanc
1676 3329 2026 3399 fortunam
2063 3326 2282 3398 confi-

196 3435 444 3534 dimus,
484 3442 747 3543 dignos
790 3470 915 3516 nos
951 3444 1135 3543 apud
1158 3442 1434 3545 judices
1467 3445 1766 3533 futuros,
1814 3441 1934 3540 qui
1963 3442 2280 3516 vindice-

264 3606 303 3643 1.
334 3592 443 3645 lex
467 3594 785 3667 injuriarum
810 3596 1032 3667 putavit.
1060 3596 1195 3648 Scri·
1277 3592 1623 3646 clamationis.
1641 3594 1764 3661 Qua
1782 3594 1836 3644 in
1857 3611 1914 3645 re
1940 3604 2114 3645 tumen
2131 3604 2282 3644 vetus

198 3668 260 3723 ho
278 3694 292 3723 ε
322 3698 343 3721 ιι
362 3676 503 3729 Nam
528 3679 577 3728 si
611 3690 721 3727 tam
754 3696 967 3747 gravem
1003 3697 1115 3729 rem
1145 3690 1197 3730 et
1278 3673 1547 3745 exemplar
1577 3673 1722 3726 bona
1753 3671 1857 3724 fide
1882 3676 2050 3726 secuti
2081 3690 2282 3725 sumus.

204 3764 337 3803 uam
374 3754 779 3808 intolerabilem
817 3756 900 3808 lex
954 3758 1197 3831 injuriam
1278 3752 1553 3825 Sequitur,
1600 3752 1742 3823 Quid
1773 3751 1902 3804 adeo
1931 3755 2139 3825 justum
2183 3762 2282 3817 est,

204 3835 455 3901 ⁸putavit.
478 3858 502 3880 ι
531 3834 888 3887 Gaea—De
908 3855 968 3888 eo
990 3853 1199 3909 quoque
1278 3836 1353 3887 sic
1386 3837 1526 3886 enim
1555 3833 1692 3906 lego.
1719 3837 1864 3887 Prrn.
1891 3834 2008 3887 vid.
2047 3833 2284 3887 Declam.

199 3921 275 3960 est.
303 3913 379 3964 De
398 3926 449 3967 te
471 3934 690 3987 quoque
709 3917 862 3987 synod.
884 3917 1101 3977 Senum.
1279 3916 1507 3979 CCLIV;
1547 3930 1601 3969 et
1629 3918 1696 3969 ad
1719 3916 2024 3969 Sermonem
2050 3914 2282 3967 Declam.

263 4008 307 4043 ει.
345 3993 479 4046 Hoec
518 3995 597 4047 ad
622 3998 741 4068 jus,
790 3994 889 4047 illa
926 3997 999 4048 ad
1038 3998 1199 4069 oequi-
1278 3998 1523 4051 CCLXX.

198 4073 1051 4147 tatem.liujusmodiplerisquein
1070 4075 1200 4129 locis
1350 4077 1401 4129 3.
1432 4073 1816 4148 confitebimur.
1847 4074 2100 4127 Francius
2131 4072 2282 4146 legit,

198 4144 459 4205 Sermonis
498 4152 753 4205 videntur
778 4171 919 4223 esse,
962 4173 1069 4207 non
1096 4156 1201 4207 De-
1278 4154 1612 4229 confitemur}
