2855 4871
568 387 695 453 560
1154 388 1690 451 CALPURNII
1737 389 2084 452 FLACCI

564 533 726 579 meo
760 506 1029 598 dicam,
1062 534 1215 607 quae
1254 508 1430 580 tanti
1467 507 1691 581 habeo
1735 508 1959 607 perire
1979 565 1998 597 ,
2037 535 2125 581 ne
2157 507 2458 582 videam.
2491 513 2667 582 Nos-

562 622 647 694 tis
671 648 829 712 nos,
854 644 1081 722 patres
1112 621 1518 721 conscripti:
1556 622 1822 695 etenim
1856 622 2176 723 pluribus
2197 624 2345 696 noti
2381 650 2668 713 sumu5‚

567 763 780 835 quam
814 760 879 810 et
912 758 1071 811 aetas
1114 759 1186 810 et
1220 738 1640 810 verecundia
1674 738 2002 837 postulat.
2049 742 2314 839 Raptus
2357 761 2458 812 est
2489 739 2666 810 mihi

564 854 775 925 frater
819 853 1135 953 pessimis
1161 868 1178 898 ¹
1246 852 1622 927 comitibus
1665 874 1730 927 et
1771 852 2098 953 perditis:
2138 854 2313 927 duce
2353 880 2668 952 namque

566 968 839 1042 luxuria
867 990 933 1042 et
957 969 1511 1068 subremigante,
1541 996 1664 1041 seu
1693 969 1929 1069 potius
1955 970 2342 1045 velificante
2359 1028 2378 1062 ,
2413 968 2672 1069 nequi-

568 1085 665 1157 tia
692 1086 766 1158 in
796 1085 948 1158 illos
972 1084 1422 1184 impudicitiae
1458 1084 1809 1183 scopulos,
1835 1105 1903 1157 et
1925 1084 2072 1184 ipsa
2093 1086 2295 1157 famae
2325 1110 2468 1157 suae
2494 1111 2672 1156 nau-

566 1202 792 1300 fragia
820 1200 1107 1273 delatus.
1140 1200 1319 1271 Proh
1350 1200 1567 1273 deum
1597 1220 1808 1299 atque
1836 1199 2216 1273 hominum
2243 1198 2498 1273 fidem!
2533 1226 2670 1297 qua

570 1318 646 1389 in
680 1317 947 1390 civ'itate
975 1316 1292 1416 prostitui
1324 1316 1512 1408 licet,
1543 1317 1722 1390 mori
1751 1344 1898 1389 non
1931 1316 2132 1391 licet?
2163 1343 2254 1391 an
2287 1336 2668 1414 utrumque

543 1430 947 1531 'congruere
977 1432 1369 1505 aestimastis
1396 1434 1566 1505 huic
1591 1432 1856 1524 ordini,
1877 1454 1944 1507 et
1963 1433 2182 1507 vitam
2208 1454 2490 1533 turpem
2520 1458 2668 1531 per-

568 1546 909 1635 mittere²‚
946 1568 1013 1620 et
1049 1548 1138 1631 ab
1186 1548 1475 1621 honesta
1517 1568 1736 1619 morte
1774 1548 2188 1647 probibere?
2225 1548 2480 1621 Vivere
2523 1573 2668 1618 non

571 1660 985 1734 sustinerem
1004 1718 1023 1751 ,
1048 1661 1103 1734 si
1129 1662 1272 1734 haec
1296 1663 1372 1733 in
1398 1688 1556 1733 mea
1588 1662 1696 1734 vel
1721 1688 1950 1735 sorore
1977 1662 2323 1736 vidissem.
2351 1660 2665 1761 Improbi

574 1776 989 1875 flagitatores
1007 1835 1026 1867 ‚
1058 1777 1179 1877 qui
1214 1777 1626 1850 detrimenta
1654 1776 1964 1876 pueritiae
1997 1774 2138 1851 suae
2167 1798 2422 1850 mutuo
2451 1774 2670 1848 dede-

576 1920 733 1967 core
770 1916 1246 1994 compensant.

648 2099 691 2133 1.
717 2082 897 2133 Frater
911 2082 1159 2151 pessimis.
1184 2082 1377 2153 Utique
1405 2100 1438 2131 a
1463 2098 1579 2152 pes-

568 2159 724 2211 simis.
755 2158 921 2211 Gnon.
956 2162 1170 2233 Recepit
1201 2158 1306 2211 hoc
1335 2158 1578 2212 Obrech-

571 2252 683 2292 tus:
710 2259 889 2291 verum
914 2257 1012 2309 ego
1033 2240 1164 2293 nihil
1188 2254 1367 2291 muto:
1394 2253 1578 2311 raptus

571 2340 627 2373 es
650 2320 803 2384 mihi,
822 2321 877 2371 id
900 2334 1005 2384 est,
1032 2339 1060 2371 a
1086 2340 1168 2373 me
1192 2323 1356 2372 invito
1381 2320 1579 2373 disces·

1656 2078 1945 2147 Quomodo
1969 2080 2245 2153 distinguit
2266 2082 2487 2135 Sueten.
2511 2084 2670 2135 Octa-

1657 2160 1743 2209 vio
1765 2196 1782 2225 ‚
1823 2174 1925 2228 71:
1972 2160 2290 2211 alnfamiam
2329 2160 2668 2233 impudicitia.-

1663 2237 1953 2292 -facissime
1967 2239 2273 2291 refutavit·
2293 2242 2454 2291 Mox.
2485 2243 2668 2294 -Circa

1663 2315 1950 2369 -libidines
1991 2315 2200 2369 haesita
2246 2318 2412 2385 Quod
2453 2323 2562 2391 jam
2603 2320 2668 2371 ab

1659 2392 1771 2446 aliis
1823 2392 2178 2448 observatum.
2223 2396 2514 2451 vocabulis
2563 2398 2668 2452 dis·

572 2401 713 2464 sisti‚
751 2411 807 2450 ut
842 2400 1125 2450 morientes
1160 2410 1281 2451 ante
1314 2396 1458 2450 diem
1489 2416 1578 2451 ra-

568 2482 814 2551 piuntur,
845 2479 1085 2549 pessimis
1119 2490 1169 2528 te
1201 2477 1578 2530 comitantibus

574 2572 626 2611 et
654 2557 871 2630 perditis
902 2555 1277 2609 nebulonibus.
1312 2557 1422 2620 Ita,
1456 2556 1578 2608 licet

570 2656 679 2690 non
706 2636 865 2709 plane
888 2636 1074 2687 eodem
1100 2653 1253 2686 sensu
1268 2673 1285 2700 ,
1304 2632 1458 2686 ovid.
1481 2637 1578 2706 Ep.

572 2717 718 2782 XIII,
733 2734 792 2786 9:
817 2739 839 2760 ι
858 2717 1059 2786 Raptus
1074 2733 1129 2765 es
1144 2711 1267 2764 hinc
1280 2730 1531 2784 praeeeps.
1552 2736 1573 2760 n

572 2795 677 2848 Ubi
714 2809 765 2848 et
801 2795 869 2846 de
908 2796 1271 2872 navigatione,
1309 2791 1377 2843 ad
1421 2810 1581 2862 quam

572 2875 659 2927 hic
703 2875 889 2927 alludit
926 2874 1265 2927 declamator.
1304 2874 1472 2924 Burin.
1509 2903 1582 2912 —

572 2951 978 3026 Subremiqante.
1014 2951 1254 3024 Explicat
1279 2950 1582 3002 Graecorum

573 3029 793 3081 verbum
812 3028 1063 3098 ὑπηρετεῖν,
1085 3030 1226 3080 unde
1247 3027 1470 3098 ὖπυριταὶ
1485 3027 1581 3078 mi·

574 3109 725 3159 nisti-i
759 3120 812 3158 et
848 3105 1131 3176 adjutores.
1162 3137 1235 3149 —-
1262 3108 1385 3179 Ipsa
1410 3105 1583 3176 famoe

572 3205 676 3241 suoe
691 3186 987 3259 naufragia.
1005 3185 1131 3236 Tuoe
1143 3185 1442 3255 legendum.
1460 3186 1580 3238 Scn.

575 3265 677 3321 Sed
697 3279 808 3318 tum
828 3278 881 3317 et
900 3274 1077 3336 raptus
1090 3281 1140 3314 es
1155 3262 1438 3333 legendum
1453 3261 1582 3315 mihi

574 3347 799 3400 videtur.

651 3445 698 3480 2.
739 3425 1059 3478 Promittere.
1094 3418 1431 3494 Legendam,
1463 3440 1584 3494 per-

575 3507 795 3558 mittere.
820 3507 964 3556 Prrn.
986 3534 1057 3544 —
1075 3504 1131 3557 Si
1150 3503 1258 3555 hoec
1281 3503 1335 3554 in
1360 3521 1476 3554 mea
1500 3501 1584 3554 vel

576 3603 744 3638 sorore
766 3583 1015 3636 vidissem.
1041 3581 1203 3652 Quod
1226 3595 1431 3636 tantum
1461 3579 1581 3634 libi-

577 3665 713 3719 dinis
729 3701 747 3732 ,
772 3682 934 3735 quum
960 3661 1104 3716 istud
1130 3663 1197 3715 sit
1224 3662 1578 3735 impudicitiae.

1657 2474 1925 2524 tinxerunt
1936 2508 1953 2536 .‚
1969 2491 2084 2544 quae
2098 2472 2258 2526 rebus
2275 2489 2428 2526 erant
2443 2476 2668 2547 disjunc-

1661 2555 1874 2606 tissima.
1917 2553 2248 2627 impudicitia
2291 2557 2454 2608 etiam
2495 2556 2667 2628 gladio

1658 2632 2004 2703 puniebatur,
2039 2651 2200 2704 quam
2231 2647 2285 2686 et
2317 2633 2512 2686 doctor
2541 2653 2668 2705 gen·

1661 2712 1792 2762 tium
1810 2708 2120 2778 detestatur,
2145 2712 2370 2782 epistola
2391 2713 2460 2764 ad
2480 2713 2668 2766 Roma-

1659 2807 1786 2853 nos,
1807 2807 1922 2860 cap.
1953 2805 1970 2839 ι
1985 2829 1996 2840 .
2025 2789 2294 2843 Libidines
2318 2811 2440 2843 vero
2463 2811 2574 2844 non
2597 2795 2668 2844 ita

1660 2867 1908 2937 gravibus
1929 2867 2168 2921 obnoxiae
2191 2882 2340 2920 erant
2357 2872 2554 2942 pomis,
2569 2872 2665 2921 nisi

1659 2948 1716 3000 in
1743 2949 1864 3000 viris
1881 2985 1898 3014 ‚
1929 2949 2020 3020 qui
2047 2962 2364 3020 stuprat-ent.
2387 2949 2506 3002 vid.
2541 2953 2660 3002 Inst.

1659 3027 1728 3080 de
1748 3027 1975 3100 publicis
1989 3027 2230 3100 judiciis,
2251 3031 2298 3097 5.
2323 3031 2384 3096 4,
2403 3029 2493 3081 ubi
2511 3048 2666 3100 expo·

1660 3109 1823 3173 nitur,
1849 3107 1974 3178 quid
1999 3121 2213 3159 cautum
2239 3110 2306 3160 sit
2329 3108 2444 3178 lege
2465 3107 2662 3160 Corne-

1660 3185 1728 3237 lia
1749 3184 1815 3238 de
1837 3184 2132 3238 adulteriis:
2158 3204 2318 3257 quam
2333 3185 2550 3239 Sueton.
2563 3189 2662 3237 vita

1662 3263 1875 3330 eadem,
1903 3283 2021 3336 cap.
2047 3263 2144 3330 34,
2172 3263 2344 3334 legem
2372 3263 2441 3316 de
2467 3262 2663 3315 adulte-

1661 3343 1778 3408 riis,
1810 3356 1864 3396 et
1889 3343 1956 3396 de
1980 3343 2237 3433 pudicitia
2259 3342 2468 3395 videtur
2489 3341 2666 3414 appel-

1661 3421 1823 3482 lasse;
1847 3439 1962 3492 quae
1987 3423 2244 3474 sententia
2270 3434 2346 3472 est
2367 3419 2664 3474 verisimilli-

1661 3519 1746 3551 ma
1773 3501 2068 3565 Tot-rentii,
2099 3517 2258 3571 quam
2285 3499 2410 3552 loco
2439 3500 2660 3552 Institut.

1661 3584 1822 3633 citato
1854 3581 2065 3634 stabilit.
2101 3579 2320 3633 Senum.
2355 3610 2425 3622 —-
2449 3583 2658 3632 Mutuo.

1659 3660 1778 3713 vid.
1805 3659 1874 3714 ad
1894 3664 2106 3714 Patron.
2133 3661 2359 3714 LXXXI.
