2855 4871
569 400 689 477 144
1068 400 1160 463 Μ.
1210 400 1458 463 FAssu
1504 400 2135 480 QUINTILIANI

559 519 1000 617 magistratus
1027 522 1310 620 quidem
1338 543 1737 594 erraverunt
1756 549 1839 595 eo
1864 544 2173 622 tempore
2190 578 2209 613 ‚
2239 549 2381 622 quo
2402 522 2653 595 deceni

557 635 786 707 millia
815 635 1156 710 dederunt
1188 637 1386 709 mihi.
1432 636 1501 709 Si
1548 637 1906 711 intestatus
1946 658 2019 709 tu
2064 637 2465 710 decessisses
2503 665 2518 708 ε
2566 638 2661 709 ad

559 749 729 821 alios
758 750 1105 850 quoslibet
1137 775 1258 825 tua
1286 751 1660 852 pertineret
1692 752 2072 826 hereditas:
2106 754 2205 826 vis
2232 754 2404 826 scire
2435 780 2657 852 quam

560 888 752 965 pater
782 894 927 940 non
961 868 1214 943 fueris?
1255 868 1556 968 recipere
1584 869 1787 941 illum
1808 927 1827 960 ,
1862 870 1996 943 nisi
2033 868 2273 943 solutis
2302 868 2661 942 alimentis

561 1009 704 1053 non
738 984 1020 1081 potuisti
1056 1011 1070 1055 :
1109 984 1216 1055 lex
1243 983 1370 1057 tibi
1401 983 1604 1073 dicit,
1640 984 1914 1057 alienus
1946 1004 2080 1073 est3
2118 1005 2187 1057 et
2214 983 2341 1057 tibi
2362 1042 2380 1073 ,
2416 1005 2495 1055 ut
2526 1010 2661 1081 pa-

556 1116 658 1169 ter
683 1124 825 1170 esse
852 1097 1174 1197 incipias,
1202 1100 1566 1173 emendus.
1586 1102 1746 1173 Jam
1776 1092 1897 1171 illa
1918 1102 2227 1199 profecto
2250 1100 2417 1172 citra
2442 1098 2663 1171 inter-

559 1214 986 1315 rogationem
1013 1237 1204 1305 sunt;
1233 1216 1435 1316 cujus
1454 1216 1691 1289 tulerit
1710 1243 2005 1304 nomen3
2036 1216 2111 1287 in
2136 1215 2246 1317 cuj
2259 1244 2337 1289 us
2362 1240 2657 1287 censum

560 1328 825 1401 delatus
857 1331 987 1403 sit:
1030 1331 1336 1405 nimium
1369 1332 1491 1405 diu
1536 1332 1620 1405 de
1653 1360 1721 1404 re
1740 1332 2073 1434 judicata.
2110 1331 2493 1430 Reliquum
2524 1350 2659 1420 est,

557 1444 989 1534 intueamur,
1027 1467 1176 1519 uter
1209 1469 1523 1520 nostrum
1562 1448 1695 1520 hac
1727 1448 2030 1549 pecunia
2069 1447 2347 1546 dignior
2380 1472 2523 1519 esse
2558 1446 2663 1517 vi-

559 1560 844 1633 deatur:
881 1584 950 1636 et
974 1585 1050 1637 ut
1071 1565 1363 1639 breviter
1385 1566 1611 1639 dicam
1632 1623 1653 1655 ,
1686 1586 1761 1639 tu
1786 1565 2153 1665 exposuisti
2170 1622 2189 1653 ‚
2222 1590 2350 1663 ego
2382 1564 2657 1639 sustuli.

559 1676 709 1747 Scio
732 1697 798 1750 te
813 1735 832 1768 ,
856 1700 1244 1778 coepturum
1273 1679 1509 1771 altius,
1535 1700 1615 1753 ut
1632 1680 1815 1753 dicas
1834 1681 2050 1780 genui
2076 1708 2090 1751 :
2119 1680 2262 1776 hoc·
2276 1700 2377 1751 est
2393 1737 2413 1770 ,
2438 1706 2659 1777 quare

557 1790 685 1864 tibi
701 1792 1080 1867 debeamus
1103 1794 1335 1868 irasci:
1355 1815 1703 1896 quantum
1724 1794 1813 1867 ad
1828 1816 1895 1867 te
1914 1795 2242 1894 pertinet,
2268 1820 2414 1867 non
2444 1793 2665 1867 habet

556 1910 942 2009 respublica
973 1912 1200 1985 virum
1235 1914 1489 1986 fortem
1520 1940 1534 1983 :
1574 1933 1695 1985 aut
1721 1910 1927 1985 illum
1954 1914 2114 1983 ferae
2143 1910 2663 2001 laceraverunt,

557 2044 680 2095 aut
713 2052 870 2098 aves
910 2026 1388 2127 diripuerunt,
1432 2049 1552 2101 aut
1589 2027 1878 2127 aliquis,
1922 2026 2113 2126 quod
2148 2025 2373 2129 mplto
2413 2025 2507 2099 sit
2542 2026 2663 2097 in-

557 2137 841 2239 dignius
859 2198 879 2231 ,
909 2142 1189 2217 sustulit
1217 2143 1379 2216 leno
1397 2202 1416 2235 ,
1450 2164 1573 2215 aut
1595 2143 1881 2216 lanista:
1919 2170 1999 2215 ex
2026 2142 2202 2214 meis
2236 2141 2353 2214 ille
2382 2141 2667 2214 benefi-

557 2256 676 2329 ciis
711 2277 912 2331 natus
945 2274 1111 2333 est¹.
1147 2261 1581 2335 Intuendum
1616 2261 1821 2333 nobis
1858 2261 2067 2333 etiam
2100 2259 2276 2333 illud
2312 2258 2663 2359 praecipue

557 2390 701 2463 est,
755 2399 908 2474 quae
955 2401 1161 2448 causa
1207 2375 1711 2450 constituendae
1756 2375 1923 2476 legis
1970 2374 2179 2477 hujus
2219 2375 2434 2448 fuerit
2474 2402 2489 2446 :
2541 2392 2677 2448 aut.

559 2487 747 2560 unde
773 2511 1005 2564 ortum
1034 2493 1156 2584 sit,
1187 2515 1268 2568 ut
1289 2520 1435 2566 non
1461 2514 1790 2566 contenta
1814 2493 2044 2566 civitas
2063 2490 2272 2564 fuerit
2288 2489 2663 2590 praemium

558 2601 682 2702 ipsi
715 2605 859 2677 viro
891 2606 1051 2679 forti
1085 2607 1390 2698 dedisse,
1440 2609 1559 2680 sed
1605 2609 1817 2680 etiam
1860 2629 2129 2707 patrem
2172 2605 2383 2706 hujus
2424 2605 2663 2678 hono-

559 2721 858 2795 randum
889 2725 1246 2798 censuerit.
1270 2725 1529 2798 Ideone
1554 2723 1975 2797 honoratum
2000 2745 2331 2824 putamus
2354 2743 2623 2821 patrem
2642 2780 2663 2812 ,

555 2838 746 2933 quod
787 2841 1147 2936 genuerit?
1193 2869 1284 2913 an
1317 2841 1475 2915 ideo
1510 2842 1735 2942 magis
1768 2841 2053 2941 praemio
2087 2839 2384 2940 dignum
2427 2839 2663 2912 civitas

557 2950 998 3042 existimavit,
1039 2955 1227 3053 quod
1273 2957 1669 3048 educasset,
1714 2956 1905 3054 quod
1950 2957 2301 3055 impensas
2343 2954 2663 3028 fecisset?

553 3067 655 3139 vis
701 3069 908 3160 scire,
943 3097 1158 3169 quam
1192 3071 1324 3146 hoc
1355 3101 1597 3148 verum
1639 3075 1768 3147 sit?
1812 3072 2111 3173 pecunia
2158 3071 2543 3146 honoravit.
2588 3071 2661 3141 Si

554 3183 725 3281 quid
763 3185 1032 3284 pietatis
1063 3211 1197 3282 est,
1228 3192 1417 3290 quod
1449 3193 1793 3291 imputare
1828 3219 1953 3264 nos
1982 3189 2379 3289 reipublicae
2410 3206 2665 3285 praeter

555 3300 894 3374 alimenta
925 3333 1332 3405 possumus,
1382 3310 1559 3382 illud
1592 3330 1723 3399 est,
1772 3309 1870 3380 sic
1902 3307 2228 3395 educavi,
2272 3304 2437 3378 talia
2482 3329 2663 3402 prae-

553 3419 742 3518 cepi,
777 3420 872 3492 sic
906 3424 1200 3496 formavi
1241 3453 1515 3498 mores:
1560 3453 1705 3498 non
1743 3446 1843 3497 est
1882 3424 2039 3496 satis
2078 3423 2209 3497 hoc
2236 3421 2659 3519 indignum,

553 3534 744 3629 quod
775 3538 984 3610 talem
1021 3541 1148 3612 tibi
1169 3555 1195 3586 ²
1227 3541 1460 3615 filium
1494 3540 1670 3616 feci?
1702 3539 1837 3614 Sed
1872 3540 2017 3612 haec
2046 3559 2404 3635 utcunque
2438 3535 2659 3608 videri

631 3739 684 3798 ¹>
713 3723 796 3773 Ex
833 3729 959 3780 meis
995 3726 1085 3780 ine
1119 3727 1376 3801 beneficiis
1407 3741 1563 3782 natus
1642 3725 1940 3796 11¹‚15‚.16:
1971 3727 2146 3780 -Facit
2162 3737 2404 3794 pat-entes
2418 3719 2657 3788 bonitas,

551 3815 638 3854 est.
657 3803 856 3870 Scribe,
875 3813 1176 3858 renams.Ut
1191 3809 1336 3860 Decl.
1355 3809 1557 3862 CCLX:
1648 3833 1669 3856 ι
1692 3831 1801 3860 non
1840 3812 2143 3860 necessitas.
2166 3827 2189 3850 n
2230 3805 2447 3856 Senem.
2474 3831 2551 3842 —-
2566 3805 2657 3854 An

557 3881 926 3951 «Renatisunt,
939 3903 1243 3958 novumque
1257 3886 1424 3938 fatum
1436 3907 1563 3960 quo-
1644 3887 1775 3942 ideo.
1794 3886 1973 3940 AErod.
1996 3905 2065 3940 an
2090 3903 2150 3936 eo
2176 3882 2284 3936 scil.
2304 3882 2545 3954 prmio.

558 3983 580 4006 οι
601 3959 886 4014 dammodo
913 3963 1102 4016 sortiti.
1129 3961 1509 4034 Λιπαρίωνι-μοι.
1533 3991 1554 4015 ιι
1716 3983 1761 4018 2.
1783 3963 1965 4018 Talem
1986 3963 2093 4014 tibi.
2116 3965 2237 4014 Non
2260 3961 2403 4014 mihi.
2420 3961 2493 4012 Ut
2512 3963 2662 4030 Apu·

551 4040 785 4095 Gne-mov.
805 4045 882 4096 lta
897 4045 1046 4098 Decl.
1059 4046 1402 4100 CCCLXXII:
1426 4047 1559 4101 «Sed
1641 4047 1773 4102 leius
1786 4086 1802 4114 ‚
1820 4047 1910 4100 tibi
1928 4045 2175 4100 abstulisti
2190 4067 2206 4096 .·
2228 4043 2285 4096 id
2300 4055 2397 4110 est,
2422 4045 2477 4094 iu
2500 4055 2661 4094 tunm

561 4145 582 4167 ιι
600 4127 796 4178 meritis
809 4119 964 4198 pater
983 4145 1142 4182 eram.
1167 4152 1190 4178 a·
1210 4127 1410 4184 Phaedr.
1427 4131 1469 4182 F
1472 4130 1557 4184 ab.
1642 4149 1813 4184 usum.
1841 4127 2059 4182 Senum.
