2855 4871
634 422 754 511 176
1130 380 1224 485 Μῖ
1274 421 1525 485 FABn
1571 420 2203 502 QUINTILIANI

615 534 811 640 posse
830 599 848 631 ,
875 541 1102 640 itaque
1136 541 1375 613 tacebo
1404 567 1419 610 ε
1456 540 1569 611 dic
1586 597 1604 631 ,
1635 560 1700 611 te
1724 566 1975 639 sequor
1996 555 2051 613 ¹:
2080 542 2317 641 paullo
2342 566 2501 615 ante
2526 545 2696 617 dice-

615 658 774 746 bas,
823 683 1261 756 corrumpere
1306 656 1536 727 fratris
1586 680 1870 729 uxorem
1920 684 2129 729 ausus
2175 678 2275 731 est
2296 717 2315 749 ,
2370 660 2553 732 istud
2596 661 2695 731 in-

614 792 873 845 cestum
909 796 1026 845 est.
1067 771 1200 844 Sed
1234 770 1524 843 forsitan
1560 770 1777 863 dicet,
1812 772 2043 845 amavi
2076 771 2475 847 adolescens
2510 801 2690 863 eam,

615 914 769 985 quae
798 888 990 960 domi
1021 886 1433 987 eratxcujus
1467 886 1886 959 conversatio
1922 888 2254 961 continua
2282 890 2495 961 etiarn
2530 889 2694 961 invi-

609 1025 714 1073 tos
745 1002 834 1073 ad
864 1030 934 1074 se
963 1001 1197 1073 oculos
1224 1020 1492 1101 poterat
1519 1000 1884 1074 deflectere
1912 1029 1929 1073 t
1964 1002 2411 1101 ignoscamus
2440 1004 2689 1077 amori:

612 1119 864 1219 objicio
894 1119 1107 1218 igitur
1132 1118 1261 1190 tibi
1290 1118 1551 1190 occisos
1578 1145 1621 1190 a
1648 1139 1713 1190 te
1738 1117 2065 1191 homines
2088 1146 2169 1191 ex
2190 1120 2437 1193 eadem
2463 1149 2689 1209 causa,

609 1264 754 1339 qua
776 1257 852 1308 tu
874 1234 1140 1307 amasti.
1171 1233 1429 1307 Nullus
1460 1254 1563 1306 est
1588 1256 1731 1307 tam
1761 1234 1915 1306 vilis
1944 1234 2254 1308 hominis
2288 1239 2600 1337 sanguis,
2630 1260 2695 1309 ut

606 1382 753 1428 non
779 1378 1032 1424 manus
1058 1350 1417 1450 inquinet:
1452 1350 1705 1423 deinde
1726 1350 1908 1423 hanc
1938 1379 2066 1451 ego
2086 1353 2519 1427 severitatem
2550 1356 2689 1427 aliis

607 1466 1079 1571 permiserim;
1110 1486 1184 1537 tu
1214 1466 1404 1564 quod
1432 1486 1498 1537 et
1525 1465 1671 1564 ipse
1706 1466 1987 1559 amasti,
2025 1494 2263 1540 nonne
2292 1468 2454 1557 tibi,
2478 1497 2691 1569 quum

606 1581 1235 1685 deprehendisses²,
1276 1580 1662 1679 imaginem
1696 1608 1972 1654 cernere
2000 1582 2187 1655 visus
2225 1610 2299 1657 es
2336 1584 2441 1657 tui
2470 1584 2693 1657 casus?

607 1701 777 1800 quid
808 1699 1070 1771 diutius
1099 1698 1348 1771 differo
1387 1696 1747 1770 dolorem?
1782 1699 2064 1773 fratrem
2106 1700 2480 1773 occcidisti.
2516 1702 2689 1799 Scio,

593 1816 906 1920 judiceS,
955 1814 1431 1914 quorumdam
1482 1815 1823 1887 scelerum
1872 1842 2026 1887 eam
2074 1842 2217 1889 esse
2264 1818 2694 1916 magnitudi-

607 1960 772 2006 nem
792 1990 810 2024 ,
847 1953 926 2004 ut
952 1930 1189 2031 augeri
1212 1930 1438 2003 verbis
1472 1956 1615 2002 non
1646 1929 1923 2032 possint.
1956 1932 2269 2005 Fratrem
2297 1954 2509 2007 tuum
2532 1935 2693 2007 occi-

603 2047 799 2140 disti,
834 2068 1246 2119 servatorem
1288 2064 1529 2136 tuum,
1564 2045 1724 2142 qui,
1771 2065 1848 2117 ut
1889 2066 1963 2118 tu
2001 2046 2295 2138 viveres,
2332 2050 2692 2121 matrimo-

603 2164 807 2235 nium
845 2160 1087 2234 solvit:
1129 2180 1235 2251 et,
1273 2159 1464 2260 quod
1503 2160 1775 2259 gravius
1814 2181 1950 2253 est,
1984 2189 2128 2235 non
2162 2163 2369 2261 longe
2408 2185 2593 2253 erat;
2627 2165 2690 2236 in

602 2262 849 2351 eadem
885 2276 1095 2349 domo
1129 2277 1406 2348 futurus
1444 2276 1729 2349 tradidit
1764 2277 1891 2350 tibi
1932 2305 2251 2367 uxorem,
2288 2306 2430 2377 qua
2472 2307 2690 2353 carere

602 2421 743 2468 non
790 2413 1075 2494 poterat.
1111 2396 1201 2466 Et
1240 2392 1372 2466 hoc
1415 2392 1836 2467 adulterium
1870 2395 2112 2469 vocas?
2152 2396 2245 2468 ita
2286 2417 2392 2470 est
2426 2398 2692 2472 adulter

603 2511 757 2601 ille,
806 2530 874 2582 et
925 2530 1000 2581 tu
1057 2509 1388 2582 maritus!
1442 2509 1626 2582 istud
1672 2537 1801 2609 ego
1852 2511 2276 2585 adulterium
2328 2513 2691 2610 quondam

597 2655 818 2702 manu
844 2655 1001 2700 mea
1018 2625 1219 2729 junxi
1243 2657 1260 2716 3
1295 2628 1442 2727 ipse
1466 2628 1777 2725 auspices
1800 2628 2088 2701 adhibui
2114 2630 2377 2730 :optavi
2408 2630 2689 2731 longam

595 2743 1060 2818 concordiam.
1103 2743 1402 2844 Majores
1446 2742 1660 2813 habet
1702 2743 1879 2832 vires
1928 2743 2149 2842 ignis,
2199 2743 2321 2842 qui
2365 2744 2689 2844 legitimis

593 2860 857 2930 facibus
891 2857 1318 2943 accenditur,
1356 2882 1499 2928 non
1544 2876 1642 2927 est
1682 2877 1825 2928 tam
1854 2857 2056 2929 facile
2086 2857 2437 2949 desinere,
2476 2887 2689 2960 quam

595 2972 870 3043 cedere:
910 2998 1099 3042 nunc
1134 2969 1484 3068 intelligo,
1510 2968 1825 3068 juvenis,
1860 2992 2207 3067 quantum
2236 2971 2412 3043 mihi
2438 2975 2693 3072 praesti·

593 3085 791 3157 teris:
821 3086 1126 3156 amabaS.
1155 3085 1458 3157 Coibant
1481 3109 1645 3183 ergo
1668 3083 1912 3156 furtim
1934 3142 1953 3175 ,
1986 3107 2055 3158 et
2082 3085 2361 3177 flentes,
2398 3108 2475 3160 ut
2505 3090 2691 3162 satis·

591 3203 892 3273 facerent
924 3199 1258 3274 invicem:
1303 3201 1396 3272 ita
1421 3221 1497 3273 tu
1518 3259 1536 3292 ,
1577 3229 1803 3301 quum
1841 3201 1973 3274 hoc
2002 3203 2307 3291 videres,
2338 3215 2489 3277 n'on
2528 3235 2687 3278 eru-

590 3317 840 3390 buisti?
885 3343 1029 3389 non
1073 3315 1499 3415 deprehendi
1542 3319 1725 3390 visus
1772 3345 1879 3410 eS,
1928 3319 2122 3418 quasi
2176 3319 2494 3392 adulter?
2547 3351 2688 3394 non

591 3433 989 3505 mehercule
1031 3433 1282 3505 ferrem
1329 3455 1392 3505 te
1436 3454 1707 3506 tantum
1750 3455 2157 3534 querentem
2196 3464 2209 3507 ε
2254 3437 2447 3508 vides
2494 3440 2685 3510 enim

588 3551 967 3623 liberorum
1014 3576 1293 3623 causam
1313 3547 1368 3642 3,
1410 3553 1731 3642 amabas,
1771 3551 2304 3625 matrimonium
2340 3555 2689 3653 cogitave-

653 3748 704 3800 6.
735 3747 865 3813 Dic,
897 3755 946 3798 fe
975 3764 1171 3819 sequor.
1196 3749 1388 3812 Forte,
1410 3747 1514 3812 dic,
1544 3759 1595 3800 te
1671 3750 1862 3800 Forte:
1888 3747 1941 3801 V
1938 3747 2041 3802 ides
2060 3749 2201 3800 enim
2222 3749 2533 3802 moerorum
2561 3769 2685 3802 cau·

583 3844 781 3900 sequor,
807 3825 947 3899 quod
971 3823 1160 3897 paullo
1190 3845 1240 3876 a.
1274 3826 1325 3876 d.
1353 3825 1469 3891 vel,
1504 3827 1591 3878 sed
1668 3847 1795 3881 sam.
1812 3831 1883 3881 Ut
1902 3847 2051 3895 mox,
2070 3831 2133 3882 de
2151 3830 2451 3880 innocentia
2476 3833 2687 3884 misem-

585 3916 632 3956 te
645 3909 702 3959 t‘n
715 3924 776 3957 eo
783 3922 982 3977 sequar,
995 3903 1136 3976 quod
1144 3903 1349 3976 paullo.
1363 3905 1583 3957 Senum.
1666 3925 1802 3958 rum.
1814 3908 2047 3961 Gnonov.
2070 3907 2125 3961 V
2118 3908 2203 3959 ide
2212 3927 2273 3959 en
2282 3907 2355 3958 im
2372 3909 2683 3961 miserorum

653 4006 699 4040 2.
733 3989 904 4060 Quum
939 3984 1361 4059 deprehendisses.
1393 3987 1585 4037 Nonne
1664 3999 2251 4051 consummmaverunt,
2270 3988 2679 4041 matrimonium

585 4066 703 4131 tibi,
729 4085 888 4138 quum
904 4083 1020 4118 eum
1037 4061 1345 4135 depr-cheud.
1363 4064 1581 4116 senum.
1662 4067 1985 4138 cogitabant,-
2006 4067 2117 4130 vel,
2136 4065 2274 4138 quod
2290 4067 2587 4134 amabam,
2614 4087 2679 4118 m.

655 4147 703 4198 3.
730 4147 882 4202 Vides
901 4148 1044 4199 enim
1065 4145 1341 4200 liberorum
1357 4161 1580 4198 causam.
1662 4145 2051 4218 coqt'tavemnt3
2080 4145 2163 4198 vel
2178 4145 2443 4198 wmabant
2464 4181 2489 4212 ,
2526 4157 2679 4198 matr.
