2855 4871
577 458 704 537 438
1007 439 1022 468 ’·
1083 457 1176 520 Μ.
1225 455 1474 520 FA1311
1520 454 2161 536 QUINTILIAM

575 582 1002 684 amputavit,
1032 581 1089 652 si
1119 581 1475 652 incidisses
1502 581 1575 650 in
1604 579 1811 651 illum
1830 635 1849 668 ‚
1879 579 2005 676 qui
2026 578 2349 680 judiciis¹
2386 581 2697 682 propin-

577 727 884 798 quorum
925 721 1133 798 atque
1176 699 1565 770 amicorum
1608 716 1973 769 contentus
2008 699 2179 787 fuit,
2224 681 2499 797 opinor,
2548 701 2695 770 ha-

575 815 841 888 buisses
879 836 1154 914 tempus
1189 812 1571 909 querendi?
1602 812 1959 884 habuisses
1994 833 2309 910 tempus,
2343 839 2481 885 non
2518 815 2697 886 dico

579 931 936 1002 deferendi
965 951 1272 1032 patrem,
1301 928 1417 1000 sed
1456 927 1721 1000 diutius
1752 927 2087 1026 rogandi?
2119 929 2229 999 Illi
2254 955 2407 1000 vere
2428 931 2693 1018 fortes»,

582 1066 650 1118 et
674 1046 800 1120 viri
837 1047 1162 1132 fuerunt,
1201 1044 1320 1140 qui
1362 1071 1589 1143 quum
1628 1043 1761 1115 hoc
1794 1043 2315 1131 meminissent,
2346 1042 2619 1116 liberos
2652 1071 2699 1115 a

581 1188 651 1232 se
701 1160 1090 1260 reipublicae
1137 1159 1356 1257 gratia
1401 1177 1829 1256 procreatos,
1876 1159 2053 1229 bene
2096 1157 2409 1256 impendi
2450 1158 2699 1230 credi-

581 1275 841 1348 derunt
887 1273 1271 1373 exemplo2.
1315 1276 1465 1372 Ego
1511 1295 1735 1346 tacere
1788 1295 2157 1346 contentus
2200 1300 2395 1362 sum,
2444 1299 2697 1370 quum

510 1449 524 1468 x
583 1390 840 1462 exorari
875 1389 1194 1462 debeam.
1233 1389 1341 1460 Sic
1377 1389 1527 1487 agis
1566 1415 1882 1478 mecum,
1928 1409 2291 1485 tamquam
2326 1388 2539 1460 etiam
2562 1447 2591 1479 ,
2636 1392 2693 1462 si

581 1506 950 1605 praestitero
979 1505 1105 1578 tibi
1127 1563 1147 1595 ,
1177 1504 1334 1604 plus
1363 1503 1484 1576 alii
1522 1504 1877 1576 debiturus
1905 1505 2017 1576 sis.
2050 1505 2493 1592 Confutabit,
2518 1507 2700 1604 opi-

583 1647 740 1710 nor,
775 1620 1287 1719 indulgentiam
1331 1647 1565 1692 meam
1610 1621 1727 1692 ille
1764 1620 2034 1710 melior,
2074 1620 2191 1693 ille
2226 1621 2503 1692 mitior:
2548 1647 2695 1720 ego

581 1764 744 1812 vero
766 1737 1042 1810 facilius
1065 1739 1441 1836 frangerer,
1462 1739 1517 1809 si
1542 1736 1657 1808 ille
1682 1737 2107 1809 irasceretur.
2130 1737 2427 1837 Aliquis,
2452 1765 2695 1837 quum

587 1849 730 1921 filia
765 1850 952 1923 illius
983 1872 1174 1951 rapta
1201 1851 1325 1941 sit,
1363 1871 1509 1922 tam
1538 1851 2024 1924 cito'exoratus
2062 1853 2201 1924 est?
2236 1853 2392 1949 quis
2426 1873 2529 1924 ωε
2566 1853 2697 1926 ille

581 1989 726 2039 tam
771 1963 1144 2039 demens3?
1186 1965 1360 2065 quid
1403 1987 1504 2038 est
1551 1967 1774 2053 istud,
1824 1969 2015 2065 quod
2063 1966 2179 2040 ille
2226 1993 2299 2038 se
2344 1970 2698 2068 accepisse

587 2081 922 2182 injuriam
969 2110 1114 2156 non
1161 2083 1404 2182 putat?
1446 2083 1635 2181 quod
1678 2084 1919 2154 omnia
1958 2083 2053 2154 sic
2098 2083 2277 2182 agit,
2320 2097 2697 2183 tamquam

589 2219 906 2272 exoratus
952 2219 1112 2270 ante
1165 2198 1598 2270 tricesimum
1648 2197 1882 2271 diem?
1926 2197 2125 2289 Quid
2172 2225 2377 2298 ergo,
2418 2199 2693 2299 inquit,

589 2312 902 2383 occides?
948 2312 1200 2402 debeo,
1237 2313 1295 2383 si
1335 2313 1511 2410 quid
1554 2313 1631 2385 in
1675 2340 1791 2384 me
1831 2313 2043 2385 fuerit
2082 2313 2269 2386 fortis
2311 2315 2533 2386 animi
2572 2343 2589 2386 :
2636 2317 2693 2387 si

589 2427 764 2525 quid
799 2427 1068 2499 virtutis
1113 2427 1565 2527 incorruptae,
1606 2429 1911 2502 faciam:
1958 2429 2159 2502 duret
2190 2431 2695 2504 tantummodo

590 2543 908 2633 animus,
937 2570 1084 2615 non
1122 2544 1483 2635 deficiam,
1526 2572 1671 2615 non
1710 2543 2078 2616 deflectar:
2116 2544 2509 2617 etiamnum
2542 2548 2689 2618 for·

593 2658 680 2729 tis
721 2686 917 2747 sum3
965 2659 1356 2731 etiamnum
1398 2684 1597 2759 posse
1631 2658 1910 2730 videor:
1956 2657 2079 2729 sed
2118 2680 2490 2757 supersunt
2524 2658 2689 2733 dies.

558 2776 750 2848 ,Non
780 2774 1099 2847 blandior
1127 2774 1256 2845 tihi
1292 2803 1306 2845 :
1351 2772 1661 2873 quotidie
1697 2799 1812 2845 me
1846 2772 2103 2862 hortor,
2148 2792 2217 2845 et
2254 2773 2509 2872 instigo
2548 2774 2694 2846 ani-

597 2916 798 2961 mum
832 2917 1074 2961 meum
1097 2948 1115 2981 ‚
1155 2911 1220 2962 et
1249 2910 1469 2962 totam
1499 2887 1773 2961 sceleris
1808 2887 1910 2959 tui
1947 2870 2467 2961 deformitatem
2506 2914 2693 2989 pono

597 3021 756 3074 ante
791 3006 1028 3075 oculos
1066 3032 1080 3074 ε
1131 3026 1196 3076 et
1240 3003 1465 3076 illud4
1498 3001 1729 3076 nescio
1772 3002 1984 3100 quid,
2030 3002 2221 3101 quod
2260 3003 2689 3101 persuasioni

599 3143 770 3188 meae
795 3140 1138 3216 repugnat
1154 3175 1173 3206 ‚
1197 3118 1352 3191 volo
1381 3118 1819 3217 perdomare.
1840 3118 2027 3189 Bene
2050 3118 2217 3189 facis
2234 3175 2254 3208 ,
2282 3118 2479 3217 quod
2495 3146 2693 3191 accu-

599 3260 704 3304 sas
742 3260 757 3304 :
811 3233 1103 3331 turpiter
1158 3234 1609 3324 deficiebam,
1658 3233 2181 3333 prodebamque
2228 3235 2687 3307 necessarium

599 3346 851 3419 civitati
883 3348 1286 3446 exemplum
1317 3376 1332 3419 ε
1359 3352 1657 3450 jamque
1690 3350 1763 3421 in
1798 3375 1954 3421 eam
1980 3370 2313 3421 venturus
2342 3376 2541 3421 eram
2572 3348 2689 3419 ho-

599 3463 880 3534 minum
929 3464 1440 3562 suspicionem,
1488 3488 1853 3564 tamquam
1902 3492 2015 3536 me
2061 3464 2555 3564 permittente⁵
2594 3464 2689 3534 fe-

679 3622 722 3657 1.
757 3606 861 3675 Qui
873 3606 1105 3679 judiciis.
1143 3606 1224 3661 Ad
1257 3609 1494 3662 Cassium
1524 3629 1611 3661 re-
1693 3631 1718 3656 ·
1738 3608 1951 3660 minian
1972 3604 2152 3660 hostes
2175 3609 2425 3671 fuerant,
2454 3604 2685 3677 amplo

601 3687 734 3758 spici
753 3698 908 3757 putat
921 3686 1295 3757 Schultingius.
1313 3688 1443 3741 vide
1462 3687 1604 3741 Flor.
1694 3710 1717 3733 ι
1734 3690 1913 3760 potius
1938 3686 2211 3760 impendit.
2228 3710 2251 3735 n
2281 3687 2454 3739 Gnou-

601 3768 652 3831 1,
675 3784 795 3835 cap.
821 3765 916 3815 ult.
945 3778 999 3816 et
1021 3765 1096 3817 ibi
1120 3780 1406 3819 comment.
1761 3771 1811 3823 3.
1840 3772 1963 3841 Quis
1982 3783 2055 3824 est
2078 3768 2170 3823 ille
2198 3782 2306 3822 tam
2330 3770 2551 3821 demens.
2578 3764 2683 3819 cte-

667 3862 716 3897 2.
730 3846 868 3897 Bene
879 3846 1110 3917 impendi
1119 3846 1613 3899 credideruntexem-
1690 3868 1860 3915 mens,
1880 3848 2012 3902 Obr.

599 3924 712 3995 plo.
751 3928 989 3979 Frontin.
1031 3926 1250 3997 Strateg.
1285 3928 1372 3991 lV,
1413 3944 1433 3976 ι
1455 3964 1471 3993 ,
1502 3928 1573 3980 33
1594 3948 1607 3976 =
1762 3928 1811 3995 4.
1828 3929 1901 3980 Et
1920 3924 2074 3979 illud.
2098 3926 2198 3979 Sed
2215 3927 2250 3977 ἰ.
2272 3944 2327 3977 π.
2347 3944 2399 3997 q.
2420 3941 2547 3977 men
2561 3940 2679 3994 'ep-3

610 4024 634 4043 a·
655 4002 986 4056 circumacta
1001 4004 1069 4057 ad
1081 4004 1204 4057 litus
1219 4006 1458 4057 universa
1480 4002 1611 4055 elas·
1691 4007 1811 4059 volo
1830 4007 2118 4079 perdonare
2132 4042 2153 4070 ,
2172 4004 2279 4057 ὧν.
2296 4032 2357 4044 -
2384 4002 2675 4056 Ρωδιδαα.

613 4102 634 4123 υ
655 4098 712 4129 sc
731 4082 1174 4155 comprehensum
1193 4082 1455 4153 supplicio
1472 4082 1611 4136 affici
1688 4086 1965 4138 Per-debant
1991 4083 2082 4136 dat
2108 4081 2191 4135 ed.
2220 4084 2335 4154 Bip.
2358 4082 2457 4134 Eu.

613 4180 636 4201 «ι
649 4159 836 4227 jussit,
857 4176 910 4214 et
929 4180 1088 4234 quem
1105 4165 1334 4216 occisuri
1351 4182 1449 4234 per
1464 4163 1613 4235 igno·
1770 4160 1818 4217 5.
1870 4164 2167 4235 Tamquam
2216 4178 2300 4215 me
2342 4161 2671 4237 pernimnoe-
