<?xml version="1.0" encoding="UTF-8"?>
<!DOCTYPE html PUBLIC "-//W3C//DTD XHTML 1.0 Transitional//EN"
    "http://www.w3.org/TR/xhtml1/DTD/xhtml1-transitional.dtd">
<html xmlns="http://www.w3.org/1999/xhtml" xml:lang="en" lang="en">
 <head>
  <title>
</title>
<meta http-equiv="Content-Type" content="text/html;charset=utf-8" />
  <meta name='ocr-system' content='tesseract 3.04.00' />
  <meta name='ocr-capabilities' content='ocr_page ocr_carea ocr_par ocr_line ocrx_word'/>
</head>
<body>
  <div class='ocr_page' id='page_1' title='image "./marcusfabiusqui06spalgoog_0445.png"; bbox 0 0 2855 4871; ppageno 0'>
   <div class='ocr_carea' id='block_1_1' title="bbox 594 405 2175 491">
    <p class='ocr_par' dir='ltr' id='par_1_1' title="bbox 594 405 2175 491">
     <span class='ocr_line' id='line_1_1' title="bbox 594 405 2175 491; baseline 0.001 -19"><span class='ocrx_word' id='word_1_1' title='bbox 594 411 725 491; x_wconf 78' lang='grc'><strong>440</strong></span> <span class='ocrx_word' id='word_1_2' title='bbox 1047 433 1056 440; x_wconf 94' lang='grc'>·</span> <span class='ocrx_word' id='word_1_3' title='bbox 1097 407 1190 470; x_wconf 89' lang='grc' dir='ltr'><strong>Μ.</strong></span> <span class='ocrx_word' id='word_1_4' title='bbox 1239 405 1488 470; x_wconf 86' lang='lat' dir='ltr'>FABII</span> <span class='ocrx_word' id='word_1_5' title='bbox 1534 405 2175 486; x_wconf 81' lang='lat' dir='ltr'><strong>QUINTILIANI</strong></span> 
     </span>
    </p>
   </div>
   <div class='ocr_carea' id='block_1_2' title="bbox 477 528 2715 3049">
    <p class='ocr_par' dir='ltr' id='par_1_2' title="bbox 477 528 2715 3049">
     <span class='ocr_line' id='line_1_2' title="bbox 593 528 2715 626; baseline 0.001 -23"><span class='ocrx_word' id='word_1_6' title='bbox 593 530 905 603; x_wconf 85' lang='lat' dir='ltr'><strong>culosam</strong></span> <span class='ocrx_word' id='word_1_7' title='bbox 950 529 1162 601; x_wconf 86' lang='lat' dir='ltr'><strong>fuisse</strong></span> <span class='ocrx_word' id='word_1_8' title='bbox 1186 585 1205 616; x_wconf 84' lang='lat'>,</span> <span class='ocrx_word' id='word_1_9' title='bbox 1257 555 1410 626; x_wconf 88' lang='lat' dir='ltr'><strong>quae</strong></span> <span class='ocrx_word' id='word_1_10' title='bbox 1457 528 1774 624; x_wconf 74' lang='lat' dir='ltr'><strong>praedicta</strong></span> <span class='ocrx_word' id='word_1_11' title='bbox 1802 543 1818 573; x_wconf 93' lang='lat'>¹</span> <span class='ocrx_word' id='word_1_12' title='bbox 1874 551 2075 622; x_wconf 89' lang='lat' dir='ltr'><strong>sunt,</strong></span> <span class='ocrx_word' id='word_1_13' title='bbox 2123 529 2537 604; x_wconf 78' lang='lat' dir='ltr'><strong>ostendunt.</strong></span> <span class='ocrx_word' id='word_1_14' title='bbox 2598 535 2715 606; x_wconf 87' lang='lat' dir='ltr'><strong>Ne</strong></span> 
     </span>
     <span class='ocr_line' id='line_1_3' title="bbox 588 642 2713 745; baseline 0.001 -29"><span class='ocrx_word' id='word_1_15' title='bbox 588 642 977 745; x_wconf 77' lang='lat' dir='ltr'><strong>ignorantia</strong></span> <span class='ocrx_word' id='word_1_16' title='bbox 1005 643 1290 742; x_wconf 89' lang='lat' dir='ltr'><strong>quidem</strong></span> <span class='ocrx_word' id='word_1_17' title='bbox 1319 642 1605 714; x_wconf 86' lang='lat' dir='ltr'><strong>defendi</strong></span> <span class='ocrx_word' id='word_1_18' title='bbox 1634 663 1899 742; x_wconf 87' lang='lat' dir='ltr'><strong>potest:</strong></span> <span class='ocrx_word' id='word_1_19' title='bbox 1933 643 2003 714; x_wconf 90' lang='lat' dir='ltr'><strong>id</strong></span> <span class='ocrx_word' id='word_1_20' title='bbox 2032 645 2224 741; x_wconf 89' lang='lat' dir='ltr'><strong>quod</strong></span> <span class='ocrx_word' id='word_1_21' title='bbox 2250 647 2505 719; x_wconf 81' lang='lat' dir='ltr'><strong>accidit</strong></span> <span class='ocrx_word' id='word_1_22' title='bbox 2522 705 2549 737; x_wconf 88' lang='lat'>‚</span> <span class='ocrx_word' id='word_1_23' title='bbox 2590 648 2713 719; x_wconf 88' lang='lat' dir='ltr'><strong>de-</strong></span> 
     </span>
     <span class='ocr_line' id='line_1_4' title="bbox 586 759 2711 860; baseline 0.002 -28"><span class='ocrx_word' id='word_1_24' title='bbox 586 763 1009 833; x_wconf 85' lang='lat' dir='ltr'><strong>nunciatum</strong></span> <span class='ocrx_word' id='word_1_25' title='bbox 1033 782 1175 834; x_wconf 89' lang='lat' dir='ltr'><strong>est:</strong></span> <span class='ocrx_word' id='word_1_26' title='bbox 1207 759 1441 860; x_wconf 89' lang='lat' dir='ltr'><strong>itaque</strong></span> <span class='ocrx_word' id='word_1_27' title='bbox 1469 786 1613 832; x_wconf 91' lang='lat' dir='ltr'><strong>non</strong></span> <span class='ocrx_word' id='word_1_28' title='bbox 1638 780 1779 831; x_wconf 84' lang='lat' dir='ltr'><strong>tam</strong></span> <span class='ocrx_word' id='word_1_29' title='bbox 1810 759 1883 830; x_wconf 87' lang='lat' dir='ltr'><strong>in</strong></span> <span class='ocrx_word' id='word_1_30' title='bbox 1916 759 2319 834; x_wconf 83' lang='lat' dir='ltr'><strong>defensione</strong></span> <span class='ocrx_word' id='word_1_31' title='bbox 2344 763 2711 836; x_wconf 81' lang='lat' dir='ltr'><strong>fiduciam</strong></span> 
     </span>
     <span class='ocr_line' id='line_1_5' title="bbox 587 875 2709 976; baseline 0.001 -25"><span class='ocrx_word' id='word_1_32' title='bbox 587 877 832 966; x_wconf 81' lang='lat' dir='ltr'><strong>habet,</strong></span> <span class='ocrx_word' id='word_1_33' title='bbox 873 905 1086 976; x_wconf 88' lang='lat' dir='ltr'><strong>quam</strong></span> <span class='ocrx_word' id='word_1_34' title='bbox 1120 876 1194 948; x_wconf 89' lang='lat' dir='ltr'><strong>in</strong></span> <span class='ocrx_word' id='word_1_35' title='bbox 1233 875 1382 974; x_wconf 79' lang='lat' dir='ltr'><strong>lege</strong></span> <span class='ocrx_word' id='word_1_36' title='bbox 1413 903 1426 944; x_wconf 87' lang='lat'>:</span> <span class='ocrx_word' id='word_1_37' title='bbox 1470 902 1595 946; x_wconf 87' lang='lat' dir='ltr'><strong>nec</strong></span> <span class='ocrx_word' id='word_1_38' title='bbox 1630 896 1771 946; x_wconf 87' lang='lat' dir='ltr'><strong>tam</strong></span> <span class='ocrx_word' id='word_1_39' title='bbox 1807 876 2029 949; x_wconf 83' lang='lat' dir='ltr'><strong>dicere</strong></span> <span class='ocrx_word' id='word_1_40' title='bbox 2063 897 2322 974; x_wconf 82' lang='lat' dir='ltr'><strong>potest,</strong></span> <span class='ocrx_word' id='word_1_41' title='bbox 2356 880 2597 952; x_wconf 86' lang='lat' dir='ltr'><strong>scelus</strong></span> <span class='ocrx_word' id='word_1_42' title='bbox 2634 909 2709 953; x_wconf 89' lang='lat' dir='ltr'><strong>se</strong></span> 
     </span>
     <span class='ocr_line' id='line_1_6' title="bbox 588 988 2707 1090; baseline 0.001 -26"><span class='ocrx_word' id='word_1_43' title='bbox 588 1019 733 1064; x_wconf 90' lang='lat' dir='ltr'><strong>non</strong></span> <span class='ocrx_word' id='word_1_44' title='bbox 767 992 1046 1080; x_wconf 87' lang='lat' dir='ltr'><strong>fecisse,</strong></span> <span class='ocrx_word' id='word_1_45' title='bbox 1085 1018 1302 1090; x_wconf 88' lang='lat' dir='ltr'><strong>quam</strong></span> <span class='ocrx_word' id='word_1_46' title='bbox 1343 988 1559 1090; x_wconf 88' lang='lat' dir='ltr'><strong>illud,</strong></span> <span class='ocrx_word' id='word_1_47' title='bbox 1605 991 1894 1088; x_wconf 89' lang='lat' dir='ltr'><strong>impune</strong></span> <span class='ocrx_word' id='word_1_48' title='bbox 1931 991 2211 1064; x_wconf 86' lang='lat' dir='ltr'><strong>fecisse:</strong></span> <span class='ocrx_word' id='word_1_49' title='bbox 2249 1013 2451 1090; x_wconf 76' lang='lat' dir='ltr'><strong>negat</strong></span> <span class='ocrx_word' id='word_1_50' title='bbox 2478 995 2707 1066; x_wconf 83' lang='lat' dir='ltr'><strong>enim</strong></span> 
     </span>
     <span class='ocr_line' id='line_1_7' title="bbox 587 1103 2705 1203; baseline 0.001 -25"><span class='ocrx_word' id='word_1_51' title='bbox 587 1133 658 1178; x_wconf 85' lang='lat' dir='ltr'><strong>se</strong></span> <span class='ocrx_word' id='word_1_52' title='bbox 706 1106 928 1178; x_wconf 87' lang='lat' dir='ltr'><strong>teneri</strong></span> <span class='ocrx_word' id='word_1_53' title='bbox 978 1131 1171 1203; x_wconf 88' lang='lat' dir='ltr'><strong>posse</strong></span> <span class='ocrx_word' id='word_1_54' title='bbox 1197 1103 1563 1192; x_wconf 80' lang='lat' dir='ltr'><strong>‘veneficii‚</strong></span> <span class='ocrx_word' id='word_1_55' title='bbox 1599 1105 1935 1203; x_wconf 89' lang='lat' dir='ltr'><strong>quoniam</strong></span> <span class='ocrx_word' id='word_1_56' title='bbox 1984 1132 2129 1177; x_wconf 89' lang='lat' dir='ltr'><strong>non</strong></span> <span class='ocrx_word' id='word_1_57' title='bbox 2170 1105 2430 1179; x_wconf 87' lang='lat' dir='ltr'><strong>dederit</strong></span> <span class='ocrx_word' id='word_1_58' title='bbox 2460 1135 2705 1180; x_wconf 80' lang='lat' dir='ltr'><strong>vene-</strong></span> 
     </span>
     <span class='ocr_line' id='line_1_8' title="bbox 587 1221 2708 1322; baseline 0.002 -28"><span class='ocrx_word' id='word_1_59' title='bbox 587 1249 786 1294; x_wconf 89' lang='lat' dir='ltr'><strong>num.</strong></span> <span class='ocrx_word' id='word_1_60' title='bbox 817 1225 1062 1294; x_wconf 84' lang='lat' dir='ltr'><strong>Postea</strong></span> <span class='ocrx_word' id='word_1_61' title='bbox 1087 1221 1481 1293; x_wconf 84' lang='lat' dir='ltr'><strong>videbimus</strong></span> <span class='ocrx_word' id='word_1_62' title='bbox 1501 1277 1519 1310; x_wconf 86' lang='lat'>,</span> <span class='ocrx_word' id='word_1_63' title='bbox 1550 1242 1615 1291; x_wconf 92' lang='lat' dir='ltr'><strong>et</strong></span> <span class='ocrx_word' id='word_1_64' title='bbox 1644 1222 1998 1317; x_wconf 87' lang='lat' dir='ltr'><strong>quomodo</strong></span> <span class='ocrx_word' id='word_1_65' title='bbox 2030 1222 2575 1322; x_wconf 77' lang='lat' dir='ltr'><strong>intelligendum</strong></span> <span class='ocrx_word' id='word_1_66' title='bbox 2610 1229 2708 1299; x_wconf 91' lang='lat' dir='ltr'><strong>sit</strong></span> 
     </span>
     <span class='ocr_line' id='line_1_9' title="bbox 585 1335 2705 1438; baseline 0.002 -30"><span class='ocrx_word' id='word_1_67' title='bbox 585 1363 978 1422; x_wconf 83' lang='lat' dir='ltr'><strong>venenum,</strong></span> <span class='ocrx_word' id='word_1_68' title='bbox 1026 1356 1093 1405; x_wconf 91' lang='lat' dir='ltr'><strong>et</strong></span> <span class='ocrx_word' id='word_1_69' title='bbox 1136 1363 1225 1406; x_wconf 90' lang='lat' dir='ltr'><strong>an</strong></span> <span class='ocrx_word' id='word_1_70' title='bbox 1268 1335 1400 1406; x_wconf 92' lang='lat' dir='ltr'><strong>hoc</strong></span> <span class='ocrx_word' id='word_1_71' title='bbox 1425 1392 1445 1424; x_wconf 84' lang='lat'>‚</span> <span class='ocrx_word' id='word_1_72' title='bbox 1492 1336 1682 1432; x_wconf 89' lang='lat' dir='ltr'><strong>quod</strong></span> <span class='ocrx_word' id='word_1_73' title='bbox 1730 1336 1975 1409; x_wconf 86' lang='lat' dir='ltr'><strong>datum</strong></span> <span class='ocrx_word' id='word_1_74' title='bbox 2018 1359 2150 1426; x_wconf 88' lang='lat' dir='ltr'><strong>est,</strong></span> <span class='ocrx_word' id='word_1_75' title='bbox 2198 1337 2320 1408; x_wconf 91' lang='lat' dir='ltr'><strong>illo</strong></span> <span class='ocrx_word' id='word_1_76' title='bbox 2358 1357 2705 1438; x_wconf 87' lang='lat' dir='ltr'><strong>tempore</strong></span> 
     </span>
     <span class='ocr_line' id='line_1_10' title="bbox 583 1449 2703 1549; baseline 0.002 -28"><span class='ocrx_word' id='word_1_77' title='bbox 583 1451 796 1522; x_wconf 86' lang='lat' dir='ltr'><strong>fuerit</strong></span> <span class='ocrx_word' id='word_1_78' title='bbox 823 1476 1176 1521; x_wconf 85' lang='lat' dir='ltr'><strong>venenum</strong></span> <span class='ocrx_word' id='word_1_79' title='bbox 1206 1477 1220 1519; x_wconf 78' lang='grc' dir='ltr'>ε</span> <span class='ocrx_word' id='word_1_80' title='bbox 1259 1449 1539 1520; x_wconf 87' lang='lat' dir='ltr'><strong>interim</strong></span> <span class='ocrx_word' id='word_1_81' title='bbox 1580 1470 1903 1547; x_wconf 86' lang='lat' dir='ltr'><strong>putemus</strong></span> <span class='ocrx_word' id='word_1_82' title='bbox 1945 1450 2215 1522; x_wconf 89' lang='lat' dir='ltr'><strong>nullam</strong></span> <span class='ocrx_word' id='word_1_83' title='bbox 2251 1451 2472 1549; x_wconf 82' lang='lat' dir='ltr'><strong>legem</strong></span> <span class='ocrx_word' id='word_1_84' title='bbox 2504 1453 2703 1527; x_wconf 87' lang='lat' dir='ltr'><strong>huic</strong></span> 
     </span>
     <span class='ocr_line' id='line_1_11' title="bbox 585 1562 2703 1664; baseline 0.003 -30"><span class='ocrx_word' id='word_1_85' title='bbox 585 1562 819 1634; x_wconf 84' lang='lat' dir='ltr'><strong>sceleri</strong></span> <span class='ocrx_word' id='word_1_86' title='bbox 859 1563 1134 1662; x_wconf 86' lang='lat' dir='ltr'><strong>proprie</strong></span> <span class='ocrx_word' id='word_1_87' title='bbox 1165 1589 1306 1634; x_wconf 87' lang='lat' dir='ltr'><strong>esse</strong></span> <span class='ocrx_word' id='word_1_88' title='bbox 1345 1562 1787 1634; x_wconf 85' lang='lat' dir='ltr'><strong>constitutam</strong></span> <span class='ocrx_word' id='word_1_89' title='bbox 1816 1590 1831 1632; x_wconf 92' lang='lat'><strong>:</strong></span> <span class='ocrx_word' id='word_1_90' title='bbox 1864 1590 2100 1636; x_wconf 89' lang='lat' dir='ltr'><strong>nonne</strong></span> <span class='ocrx_word' id='word_1_91' title='bbox 2132 1564 2439 1664; x_wconf 85' lang='lat' dir='ltr'><strong>proxima</strong></span> <span class='ocrx_word' id='word_1_92' title='bbox 2474 1588 2703 1640; x_wconf 85' lang='lat' dir='ltr'><strong>uten-</strong></span> 
     </span>
     <span class='ocr_line' id='line_1_12' title="bbox 586 1676 2697 1781; baseline 0.003 -32"><span class='ocrx_word' id='word_1_93' title='bbox 586 1676 758 1749; x_wconf 89' lang='lat' dir='ltr'><strong>dum</strong></span> <span class='ocrx_word' id='word_1_94' title='bbox 804 1677 944 1749; x_wconf 86' lang='lat' dir='ltr'><strong>est?</strong></span> <span class='ocrx_word' id='word_1_95' title='bbox 989 1679 1147 1749; x_wconf 93' lang='lat' dir='ltr'><strong>Non</strong></span> <span class='ocrx_word' id='word_1_96' title='bbox 1189 1677 1433 1774; x_wconf 72' lang='lat' dir='ltr'><strong>ignoro</strong></span> <span class='ocrx_word' id='word_1_97' title='bbox 1480 1705 1625 1750; x_wconf 87' lang='lat' dir='ltr'><strong>esse</strong></span> <span class='ocrx_word' id='word_1_98' title='bbox 1664 1679 2101 1775; x_wconf 81' lang='lat' dir='ltr'><strong>frequentem</strong></span> <span class='ocrx_word' id='word_1_99' title='bbox 2146 1679 2553 1781; x_wconf 86' lang='lat' dir='ltr'><strong>hujusmodi</strong></span> <span class='ocrx_word' id='word_1_100' title='bbox 2614 1683 2697 1755; x_wconf 92' lang='lat' dir='ltr'><strong>in</strong></span> 
     </span>
     <span class='ocr_line' id='line_1_13' title="bbox 576 1793 2697 1895; baseline 0.002 -30"><span class='ocrx_word' id='word_1_101' title='bbox 576 1793 864 1895; x_wconf 86' lang='lat' dir='ltr'><strong>judiciis</strong></span> <span class='ocrx_word' id='word_1_102' title='bbox 912 1793 1301 1866; x_wconf 87' lang='lat' dir='ltr'><strong>minoribus</strong></span> <span class='ocrx_word' id='word_1_103' title='bbox 1348 1794 1707 1865; x_wconf 85' lang='lat' dir='ltr'><strong>dumtaxat</strong></span> <span class='ocrx_word' id='word_1_104' title='bbox 1752 1796 2308 1886; x_wconf 87' lang='lat' dir='ltr'><strong>contentionem,</strong></span> <span class='ocrx_word' id='word_1_105' title='bbox 2357 1817 2437 1868; x_wconf 91' lang='lat' dir='ltr'><strong>ut</strong></span> <span class='ocrx_word' id='word_1_106' title='bbox 2482 1801 2697 1870; x_wconf 80' lang='lat' dir='ltr'><strong>exci-</strong></span> 
     </span>
     <span class='ocr_line' id='line_1_14' title="bbox 583 1909 2691 2009; baseline 0.003 -28"><span class='ocrx_word' id='word_1_107' title='bbox 583 1909 759 1982; x_wconf 78' lang='lat' dir='ltr'><strong>disse</strong></span> <span class='ocrx_word' id='word_1_108' title='bbox 789 1911 1131 2000; x_wconf 84' lang='lat' dir='ltr'><strong>formula,</strong></span> <span class='ocrx_word' id='word_1_109' title='bbox 1157 1911 1212 1980; x_wconf 88' lang='lat' dir='ltr'><strong>si</strong></span> <span class='ocrx_word' id='word_1_110' title='bbox 1245 1909 1441 1980; x_wconf 87' lang='lat' dir='ltr'><strong>aliter</strong></span> <span class='ocrx_word' id='word_1_111' title='bbox 1456 1924 1515 2000; x_wconf 67' lang='lat'><strong>²,</strong></span> <span class='ocrx_word' id='word_1_112' title='bbox 1540 1937 1758 2005; x_wconf 89' lang='lat' dir='ltr'><strong>quam</strong></span> <span class='ocrx_word' id='word_1_113' title='bbox 1789 1911 2086 2008; x_wconf 89' lang='lat' dir='ltr'><strong>potuerit</strong></span> <span class='ocrx_word' id='word_1_114' title='bbox 2112 1938 2311 2009; x_wconf 82' lang='lat' dir='ltr'><strong>agere</strong></span> <span class='ocrx_word' id='word_1_115' title='bbox 2329 1969 2349 2000; x_wconf 89' lang='lat'>,</span> <span class='ocrx_word' id='word_1_116' title='bbox 2378 1910 2691 1987; x_wconf 87' lang='lat' dir='ltr'><strong>dicatur.</strong></span> 
     </span>
     <span class='ocr_line' id='line_1_15' title="bbox 585 2023 2693 2127; baseline 0.004 -33"><span class='ocrx_word' id='word_1_117' title='bbox 585 2023 718 2097; x_wconf 89' lang='lat' dir='ltr'><strong>Sed</strong></span> <span class='ocrx_word' id='word_1_118' title='bbox 750 2024 896 2095; x_wconf 85' lang='lat' dir='ltr'><strong>haec</strong></span> <span class='ocrx_word' id='word_1_119' title='bbox 929 2045 1098 2096; x_wconf 89' lang='lat' dir='ltr'><strong>tunc</strong></span> <span class='ocrx_word' id='word_1_120' title='bbox 1131 2023 1397 2111; x_wconf 85' lang='lat' dir='ltr'><strong>valent,</strong></span> <span class='ocrx_word' id='word_1_121' title='bbox 1435 2051 1660 2120; x_wconf 89' lang='lat' dir='ltr'><strong>quum</strong></span> <span class='ocrx_word' id='word_1_122' title='bbox 1694 2025 2082 2095; x_wconf 87' lang='lat' dir='ltr'><strong>ostenditur</strong></span> <span class='ocrx_word' id='word_1_123' title='bbox 2110 2025 2229 2125; x_wconf 86' lang='lat' dir='ltr'><strong>jus</strong></span> <span class='ocrx_word' id='word_1_124' title='bbox 2262 2025 2500 2118; x_wconf 79' lang='lat' dir='ltr'><strong>aliud,</strong></span> <span class='ocrx_word' id='word_1_125' title='bbox 2529 2055 2693 2127; x_wconf 86' lang='lat' dir='ltr'><strong>quo</strong></span> 
     </span>
     <span class='ocr_line' id='line_1_16' title="bbox 477 2125 2691 2238; baseline 0.003 -28"><span class='ocrx_word' id='word_1_126' title='bbox 477 2125 482 2138; x_wconf 53' lang='lat'>¹</span> <span class='ocrx_word' id='word_1_127' title='bbox 584 2139 944 2237; x_wconf 78' lang='lat' dir='ltr'><strong>agendum</strong></span> <span class='ocrx_word' id='word_1_128' title='bbox 991 2139 1078 2210; x_wconf 89' lang='lat' dir='ltr'><strong>sit</strong></span> <span class='ocrx_word' id='word_1_129' title='bbox 1112 2165 1127 2209; x_wconf 79' lang='lat' dir='ltr'><strong><em>z</em></strong></span> <span class='ocrx_word' id='word_1_130' title='bbox 1179 2140 1409 2235; x_wconf 88' lang='lat' dir='ltr'><strong>itaque</strong></span> <span class='ocrx_word' id='word_1_131' title='bbox 1452 2139 1509 2209; x_wconf 88' lang='lat' dir='ltr'><strong>si</strong></span> <span class='ocrx_word' id='word_1_132' title='bbox 1554 2138 1760 2228; x_wconf 88' lang='lat' dir='ltr'><strong>dicis,</strong></span> <span class='ocrx_word' id='word_1_133' title='bbox 1810 2167 1949 2236; x_wconf 89' lang='lat' dir='ltr'><strong>qua</strong></span> <span class='ocrx_word' id='word_1_134' title='bbox 1992 2141 2142 2238; x_wconf 83' lang='lat' dir='ltr'><strong>lege</strong></span> <span class='ocrx_word' id='word_1_135' title='bbox 2180 2141 2318 2213; x_wconf 82' lang='lat' dir='ltr'><strong>alia</strong></span> <span class='ocrx_word' id='word_1_136' title='bbox 2355 2168 2691 2218; x_wconf 81' lang='lat' dir='ltr'><strong>accusare</strong></span> 
     </span>
     <span class='ocr_line' id='line_1_17' title="bbox 585 2254 2690 2357; baseline 0.005 -33"><span class='ocrx_word' id='word_1_137' title='bbox 585 2255 946 2325; x_wconf 86' lang='lat' dir='ltr'><strong>debuerim</strong></span> <span class='ocrx_word' id='word_1_138' title='bbox 972 2312 991 2344; x_wconf 91' lang='lat'><strong>‚</strong></span> <span class='ocrx_word' id='word_1_139' title='bbox 1041 2254 1286 2326; x_wconf 88' lang='lat' dir='ltr'><strong>merito</strong></span> <span class='ocrx_word' id='word_1_140' title='bbox 1332 2254 1638 2327; x_wconf 82' lang='lat' dir='ltr'><strong>excludis</strong></span> <span class='ocrx_word' id='word_1_141' title='bbox 1678 2255 1899 2347; x_wconf 84' lang='lat' dir='ltr'><strong>hanc,</strong></span> <span class='ocrx_word' id='word_1_142' title='bbox 1949 2283 2089 2355; x_wconf 88' lang='lat' dir='ltr'><strong>qua</strong></span> <span class='ocrx_word' id='word_1_143' title='bbox 2130 2256 2282 2356; x_wconf 78' lang='lat' dir='ltr'><strong>lege</strong></span> <span class='ocrx_word' id='word_1_144' title='bbox 2328 2285 2483 2357; x_wconf 82' lang='lat' dir='ltr'><strong>ago.</strong></span> <span class='ocrx_word' id='word_1_145' title='bbox 2535 2263 2690 2334; x_wconf 89' lang='lat' dir='ltr'><strong>Sed</strong></span> 
     </span>
     <span class='ocr_line' id='line_1_18' title="bbox 583 2369 2689 2471; baseline 0.004 -29"><span class='ocrx_word' id='word_1_146' title='bbox 583 2395 814 2468; x_wconf 88' lang='lat' dir='ltr'><strong>neque</strong></span> <span class='ocrx_word' id='word_1_147' title='bbox 847 2369 1028 2443; x_wconf 89' lang='lat' dir='ltr'><strong>hanc</strong></span> <span class='ocrx_word' id='word_1_148' title='bbox 1057 2370 1403 2443; x_wconf 88' lang='lat' dir='ltr'><strong>actionem</strong></span> <span class='ocrx_word' id='word_1_149' title='bbox 1437 2397 1667 2443; x_wconf 91' lang='lat' dir='ltr'><strong>meam</strong></span> <span class='ocrx_word' id='word_1_150' title='bbox 1700 2371 2043 2465; x_wconf 78' lang='lat' dir='ltr'><strong>admittiS,</strong></span> <span class='ocrx_word' id='word_1_151' title='bbox 2069 2399 2301 2471; x_wconf 89' lang='lat' dir='ltr'><strong>neque</strong></span> <span class='ocrx_word' id='word_1_152' title='bbox 2323 2374 2519 2448; x_wconf 89' lang='lat' dir='ltr'><strong>aliud</strong></span> <span class='ocrx_word' id='word_1_153' title='bbox 2551 2377 2689 2451; x_wconf 86' lang='lat' dir='ltr'><strong>de-</strong></span> 
     </span>
     <span class='ocr_line' id='line_1_19' title="bbox 585 2484 2685 2585; baseline 0.004 -30"><span class='ocrx_word' id='word_1_154' title='bbox 585 2504 955 2575; x_wconf 83' lang='lat' dir='ltr'><strong>monstras,</strong></span> <span class='ocrx_word' id='word_1_155' title='bbox 983 2511 1123 2583; x_wconf 94' lang='lat' dir='ltr'><strong>quo</strong></span> <span class='ocrx_word' id='word_1_156' title='bbox 1149 2484 1472 2557; x_wconf 87' lang='lat' dir='ltr'><strong>recedam</strong></span> <span class='ocrx_word' id='word_1_157' title='bbox 1499 2485 1587 2556; x_wconf 85' lang='lat' dir='ltr'><strong>ab</strong></span> <span class='ocrx_word' id='word_1_158' title='bbox 1611 2486 1740 2557; x_wconf 86' lang='lat' dir='ltr'><strong>hac</strong></span> <span class='ocrx_word' id='word_1_159' title='bbox 1767 2485 1917 2585; x_wconf 77' lang='lat' dir='ltr'><strong>lege</strong></span> <span class='ocrx_word' id='word_1_160' title='bbox 1946 2487 2315 2585; x_wconf 89' lang='lat' dir='ltr'><strong>depulsus:</strong></span> <span class='ocrx_word' id='word_1_161' title='bbox 2343 2487 2475 2560; x_wconf 92' lang='lat' dir='ltr'><strong>hoc</strong></span> <span class='ocrx_word' id='word_1_162' title='bbox 2500 2516 2685 2563; x_wconf 86' lang='lat' dir='ltr'><strong>con-</strong></span> 
     </span>
     <span class='ocr_line' id='line_1_20' title="bbox 582 2599 2681 2703; baseline 0.002 -30"><span class='ocrx_word' id='word_1_163' title='bbox 582 2599 806 2673; x_wconf 88' lang='lat' dir='ltr'><strong>tendis</strong></span> <span class='ocrx_word' id='word_1_164' title='bbox 825 2658 844 2691; x_wconf 85' lang='lat'>,</span> <span class='ocrx_word' id='word_1_165' title='bbox 871 2621 948 2673; x_wconf 91' lang='lat' dir='ltr'><strong>ut</strong></span> <span class='ocrx_word' id='word_1_166' title='bbox 970 2600 1184 2689; x_wconf 68' lang='lat' dir='ltr'><strong>istud,</strong></span> <span class='ocrx_word' id='word_1_167' title='bbox 1211 2600 1477 2672; x_wconf 88' lang='lat' dir='ltr'><strong>etiamsi</strong></span> <span class='ocrx_word' id='word_1_168' title='bbox 1502 2600 1721 2672; x_wconf 90' lang='lat' dir='ltr'><strong>scelus</strong></span> <span class='ocrx_word' id='word_1_169' title='bbox 1743 2600 1857 2687; x_wconf 85' lang='lat' dir='ltr'><strong>sit,</strong></span> <span class='ocrx_word' id='word_1_170' title='bbox 1880 2601 2105 2673; x_wconf 86' lang='lat' dir='ltr'><strong>facere</strong></span> <span class='ocrx_word' id='word_1_171' title='bbox 2130 2600 2425 2673; x_wconf 88' lang='lat' dir='ltr'><strong>licuerit.</strong></span> <span class='ocrx_word' id='word_1_172' title='bbox 2444 2604 2681 2703; x_wconf 85' lang='lat' dir='ltr'><strong>Atque</strong></span> 
     </span>
     <span class='ocr_line' id='line_1_21' title="bbox 579 2714 2681 2816; baseline 0.002 -27"><span class='ocrx_word' id='word_1_173' title='bbox 579 2716 713 2790; x_wconf 86' lang='lat' dir='ltr'><strong>hoe</strong></span> <span class='ocrx_word' id='word_1_174' title='bbox 759 2716 1026 2789; x_wconf 87' lang='lat' dir='ltr'><strong>etiamsi</strong></span> <span class='ocrx_word' id='word_1_175' title='bbox 1069 2743 1212 2789; x_wconf 91' lang='lat' dir='ltr'><strong>non</strong></span> <span class='ocrx_word' id='word_1_176' title='bbox 1255 2716 1532 2816; x_wconf 87' lang='lat' dir='ltr'><strong>proprie</strong></span> <span class='ocrx_word' id='word_1_177' title='bbox 1574 2718 2043 2815; x_wconf 84' lang='lat' dir='ltr'><strong>conscriptum</strong></span> <span class='ocrx_word' id='word_1_178' title='bbox 2065 2772 2084 2807; x_wconf 90' lang='lat'><strong>‚</strong></span> <span class='ocrx_word' id='word_1_179' title='bbox 2121 2714 2681 2793; x_wconf 79' lang='lat' dir='ltr'><strong>³consuetudine</strong></span> 
     </span>
     <span class='ocr_line' id='line_1_22' title="bbox 571 2830 2677 2932; baseline 0.002 -30"><span class='ocrx_word' id='word_1_180' title='bbox 571 2830 1009 2931; x_wconf 84' lang='lat' dir='ltr'><strong>judiciorum</strong></span> <span class='ocrx_word' id='word_1_181' title='bbox 1034 2858 1465 2930; x_wconf 81' lang='lat' dir='ltr'><strong>consequens</strong></span> <span class='ocrx_word' id='word_1_182' title='bbox 1490 2851 1618 2923; x_wconf 88' lang='lat' dir='ltr'><strong>est,</strong></span> <span class='ocrx_word' id='word_1_183' title='bbox 1644 2832 1913 2930; x_wconf 87' lang='lat' dir='ltr'><strong>quoties</strong></span> <span class='ocrx_word' id='word_1_184' title='bbox 1938 2831 2171 2931; x_wconf 86' lang='lat' dir='ltr'><strong>aliqua</strong></span> <span class='ocrx_word' id='word_1_185' title='bbox 2194 2834 2475 2932; x_wconf 89' lang='lat' dir='ltr'><strong>propria</strong></span> <span class='ocrx_word' id='word_1_186' title='bbox 2497 2835 2677 2907; x_wconf 87' lang='lat' dir='ltr'><strong>actio</strong></span> 
     </span>
     <span class='ocr_line' id='line_1_23' title="bbox 580 2946 2677 3049; baseline 0.004 -33"><span class='ocrx_word' id='word_1_187' title='bbox 580 2946 656 3016; x_wconf 90' lang='lat' dir='ltr'><strong>in</strong></span> <span class='ocrx_word' id='word_1_188' title='bbox 703 2974 849 3018; x_wconf 89' lang='lat' dir='ltr'><strong>rem</strong></span> <span class='ocrx_word' id='word_1_189' title='bbox 894 2975 1037 3020; x_wconf 91' lang='lat' dir='ltr'><strong>non</strong></span> <span class='ocrx_word' id='word_1_190' title='bbox 1082 2950 1304 3040; x_wconf 85' lang='lat' dir='ltr'><strong>detur,</strong></span> <span class='ocrx_word' id='word_1_191' title='bbox 1347 2948 1449 3020; x_wconf 91' lang='lat' dir='ltr'><strong>uti</strong></span> <span class='ocrx_word' id='word_1_192' title='bbox 1493 2949 1806 3049; x_wconf 85' lang='lat' dir='ltr'><strong>proxima</strong></span> <span class='ocrx_word' id='word_1_193' title='bbox 1847 2970 1913 3020; x_wconf 92' lang='lat' dir='ltr'><strong>et</strong></span> <span class='ocrx_word' id='word_1_194' title='bbox 1952 2948 2190 3020; x_wconf 87' lang='lat' dir='ltr'><strong>simili.</strong></span> <span class='ocrx_word' id='word_1_195' title='bbox 2231 2948 2444 3020; x_wconf 90' lang='lat' dir='ltr'><strong>Nulla</strong></span> <span class='ocrx_word' id='word_1_196' title='bbox 2484 2972 2677 3023; x_wconf 86' lang='lat' dir='ltr'><strong>tanta</strong></span> 
     </span>
    </p>
   </div>
   <div class='ocr_carea' id='block_1_3' title="bbox 569 3086 1584 4187">
    <p class='ocr_par' dir='ltr' id='par_1_3' title="bbox 577 3086 1584 3242">
     <span class='ocr_line' id='line_1_24' title="bbox 579 3086 1584 3165; baseline 0.006 -26"><span class='ocrx_word' id='word_1_197' title='bbox 579 3105 694 3139; x_wconf 80' lang='lat' dir='ltr'><strong>rum</strong></span> <span class='ocrx_word' id='word_1_198' title='bbox 703 3086 891 3158; x_wconf 74' lang='lat' dir='ltr'><strong>fuisse,</strong></span> <span class='ocrx_word' id='word_1_199' title='bbox 909 3090 1084 3143; x_wconf 85' lang='lat' dir='ltr'><strong>AErod.</strong></span> <span class='ocrx_word' id='word_1_200' title='bbox 1103 3094 1186 3143; x_wconf 85' lang='lat' dir='ltr'><strong>Ea</strong></span> <span class='ocrx_word' id='word_1_201' title='bbox 1201 3091 1436 3165; x_wconf 79' lang='lat' dir='ltr'><strong>pericula</strong></span> <span class='ocrx_word' id='word_1_202' title='bbox 1445 3092 1584 3163; x_wconf 72' lang='lat' dir='ltr'><strong>fuis·</strong></span> 
     </span>
     <span class='ocr_line' id='line_1_25' title="bbox 577 3163 1579 3242; baseline 0.004 -25"><span class='ocrx_word' id='word_1_203' title='bbox 577 3183 627 3217; x_wconf 76' lang='lat' dir='ltr'><strong>se</strong></span> <span class='ocrx_word' id='word_1_204' title='bbox 643 3186 658 3213; x_wconf 86' lang='grc'><strong>.-</strong></span> <span class='ocrx_word' id='word_1_205' title='bbox 682 3163 788 3229; x_wconf 77' lang='lat' dir='ltr'><strong>vel,</strong></span> <span class='ocrx_word' id='word_1_206' title='bbox 811 3184 928 3217; x_wconf 83' lang='lat' dir='ltr'><strong>eam</strong></span> <span class='ocrx_word' id='word_1_207' title='bbox 947 3168 1178 3238; x_wconf 79' lang='lat' dir='ltr'><strong>periculo</strong></span> <span class='ocrx_word' id='word_1_208' title='bbox 1192 3168 1394 3239; x_wconf 78' lang='lat' dir='ltr'><strong>fuisse,</strong></span> <span class='ocrx_word' id='word_1_209' title='bbox 1417 3190 1579 3242; x_wconf 73' lang='lat' dir='ltr'><strong>marg.</strong></span> 
     </span>
    </p>

    <p class='ocr_par' dir='ltr' id='par_1_4' title="bbox 577 3243 1581 3387">
     <span class='ocr_line' id='line_1_26' title="bbox 657 3243 1581 3320; baseline 0.006 -26"><span class='ocrx_word' id='word_1_210' title='bbox 657 3260 702 3294; x_wconf 83' lang='lat'><strong>1.</strong></span> <span class='ocrx_word' id='word_1_211' title='bbox 737 3243 862 3312; x_wconf 70' lang='lat' dir='ltr'><strong>Qua:</strong></span> <span class='ocrx_word' id='word_1_212' title='bbox 889 3244 1150 3314; x_wconf 70' lang='lat' dir='ltr'><strong>predicta.</strong></span> <span class='ocrx_word' id='word_1_213' title='bbox 1183 3248 1280 3311; x_wconf 82' lang='lat' dir='ltr'><strong>Iis,</strong></span> <span class='ocrx_word' id='word_1_214' title='bbox 1305 3266 1420 3320; x_wconf 72' lang='lat' dir='ltr'><strong>quoe</strong></span> <span class='ocrx_word' id='word_1_215' title='bbox 1448 3266 1581 3318; x_wconf 80' lang='lat' dir='ltr'><strong>proe-</strong></span> 
     </span>
     <span class='ocr_line' id='line_1_27' title="bbox 577 3322 1457 3387; baseline 0.001 -12"><span class='ocrx_word' id='word_1_216' title='bbox 577 3322 717 3375; x_wconf 79' lang='lat' dir='ltr'><strong>dicta</strong></span> <span class='ocrx_word' id='word_1_217' title='bbox 739 3332 885 3387; x_wconf 75' lang='lat' dir='ltr'><strong>sunt,</strong></span> <span class='ocrx_word' id='word_1_218' title='bbox 909 3322 1210 3375; x_wconf 76' lang='lat' dir='ltr'><strong>ostenditur.</strong></span> <span class='ocrx_word' id='word_1_219' title='bbox 1239 3324 1457 3377; x_wconf 65' lang='lat' dir='ltr'><strong>Senum.</strong></span> 
     </span>
    </p>

    <p class='ocr_par' dir='ltr' id='par_1_5' title="bbox 569 3400 1583 4187">
     <span class='ocr_line' id='line_1_28' title="bbox 651 3400 1582 3472; baseline 0.006 -23"><span class='ocrx_word' id='word_1_220' title='bbox 651 3418 698 3450; x_wconf 79' lang='lat'><strong>2.</strong></span> <span class='ocrx_word' id='word_1_221' title='bbox 732 3400 802 3451; x_wconf 87' lang='lat' dir='ltr'><strong>Ut</strong></span> <span class='ocrx_word' id='word_1_222' title='bbox 817 3400 1095 3471; x_wconf 64' lang='lat' dir='ltr'><strong>pecliniam</strong></span> <span class='ocrx_word' id='word_1_223' title='bbox 1119 3402 1357 3455; x_wconf 77' lang='lat' dir='ltr'><strong>excidisse</strong></span> <span class='ocrx_word' id='word_1_224' title='bbox 1369 3401 1582 3472; x_wconf 76' lang='lat' dir='ltr'><strong>formu-</strong></span> 
     </span>
     <span class='ocr_line' id='line_1_29' title="bbox 579 3474 1582 3553; baseline 0.007 -24"><span class='ocrx_word' id='word_1_225' title='bbox 579 3474 659 3544; x_wconf 83' lang='lat' dir='ltr'><strong>la,</strong></span> <span class='ocrx_word' id='word_1_226' title='bbox 685 3490 743 3529; x_wconf 79' lang='lat' dir='ltr'><strong>ut</strong></span> <span class='ocrx_word' id='word_1_227' title='bbox 765 3478 932 3532; x_wconf 75' lang='lat' dir='ltr'><strong>aliter.</strong></span> <span class='ocrx_word' id='word_1_228' title='bbox 957 3478 1232 3533; x_wconf 83' lang='lat' dir='ltr'><strong>AErodius:</strong></span> <span class='ocrx_word' id='word_1_229' title='bbox 1259 3493 1318 3533; x_wconf 77' lang='lat' dir='ltr'><strong>ut</strong></span> <span class='ocrx_word' id='word_1_230' title='bbox 1333 3484 1582 3553; x_wconf 76' lang='lat' dir='ltr'><strong>pecunia-</strong></span> 
     </span>
     <span class='ocr_line' id='line_1_30' title="bbox 578 3556 1581 3633; baseline 0.006 -26"><span class='ocrx_word' id='word_1_231' title='bbox 578 3556 691 3622; x_wconf 83' lang='lat' dir='ltr'><strong>riis,</strong></span> <span class='ocrx_word' id='word_1_232' title='bbox 717 3574 788 3607; x_wconf 83' lang='lat' dir='ltr'><strong>an</strong></span> <span class='ocrx_word' id='word_1_233' title='bbox 811 3557 1048 3611; x_wconf 73' lang='lat' dir='ltr'><strong>excidisse</strong></span> <span class='ocrx_word' id='word_1_234' title='bbox 1059 3558 1327 3628; x_wconf 72' lang='lat' dir='ltr'><strong>sonanda,</strong></span> <span class='ocrx_word' id='word_1_235' title='bbox 1353 3561 1446 3633; x_wconf 80' lang='lat' dir='ltr'><strong>qui</strong></span> <span class='ocrx_word' id='word_1_236' title='bbox 1467 3580 1581 3633; x_wconf 74' lang='lat' dir='ltr'><strong>eqe-</strong></span> 
     </span>
     <span class='ocr_line' id='line_1_31' title="bbox 577 3634 1581 3709; baseline 0.006 -22"><span class='ocrx_word' id='word_1_237' title='bbox 577 3635 646 3687; x_wconf 76' lang='lat' dir='ltr'><strong>rit</strong></span> <span class='ocrx_word' id='word_1_238' title='bbox 669 3634 836 3688; x_wconf 80' lang='lat' dir='ltr'><strong>aliter.</strong></span> <span class='ocrx_word' id='word_1_239' title='bbox 867 3637 1257 3709; x_wconf 80' lang='lat' dir='ltr'><strong>conjiciebam:</strong></span> <span class='ocrx_word' id='word_1_240' title='bbox 1289 3642 1581 3693; x_wconf 75' lang='lat' dir='ltr'><strong>contentio-</strong></span> 
     </span>
     <span class='ocr_line' id='line_1_32' title="bbox 578 3716 1582 3791; baseline 0.005 -22"><span class='ocrx_word' id='word_1_241' title='bbox 578 3735 695 3770; x_wconf 77' lang='lat' dir='ltr'><strong>nem</strong></span> <span class='ocrx_word' id='word_1_242' title='bbox 733 3716 798 3768; x_wconf 81' lang='lat' dir='ltr'><strong>de</strong></span> <span class='ocrx_word' id='word_1_243' title='bbox 825 3720 1082 3790; x_wconf 80' lang='lat' dir='ltr'><strong>pecunia,</strong></span> <span class='ocrx_word' id='word_1_244' title='bbox 1112 3731 1172 3773; x_wconf 77' lang='lat' dir='ltr'><strong>ut</strong></span> <span class='ocrx_word' id='word_1_245' title='bbox 1199 3722 1440 3775; x_wconf 75' lang='lat' dir='ltr'><strong>excidisse</strong></span> <span class='ocrx_word' id='word_1_246' title='bbox 1461 3721 1582 3791; x_wconf 51' lang='lat' dir='ltr'><strong>fors</strong></span> 
     </span>
     <span class='ocr_line' id='line_1_33' title="bbox 575 3793 1583 3871; baseline 0.006 -24"><span class='ocrx_word' id='word_1_247' title='bbox 575 3793 754 3858; x_wconf 80' lang='lat' dir='ltr'><strong>mula,</strong></span> <span class='ocrx_word' id='word_1_248' title='bbox 793 3796 884 3867; x_wconf 80' lang='lat' dir='ltr'><strong>qui</strong></span> <span class='ocrx_word' id='word_1_249' title='bbox 917 3794 1090 3863; x_wconf 80' lang='lat' dir='ltr'><strong>aliter,</strong></span> <span class='ocrx_word' id='word_1_250' title='bbox 1127 3817 1285 3870; x_wconf 79' lang='lat' dir='ltr'><strong>quam</strong></span> <span class='ocrx_word' id='word_1_251' title='bbox 1318 3802 1583 3871; x_wconf 77' lang='lat' dir='ltr'><strong>potuerit,</strong></span> 
     </span>
     <span class='ocr_line' id='line_1_34' title="bbox 574 3875 1581 3951; baseline 0.006 -26"><span class='ocrx_word' id='word_1_252' title='bbox 574 3876 763 3945; x_wconf 62' lang='grc' dir='ltr'><strong>εμπ-ἐι,</strong></span> <span class='ocrx_word' id='word_1_253' title='bbox 791 3875 1006 3927; x_wconf 75' lang='lat' dir='ltr'><strong>dicatur.</strong></span> <span class='ocrx_word' id='word_1_254' title='bbox 1037 3876 1203 3929; x_wconf 67' lang='lat' dir='ltr'><strong>Giton.</strong></span> <span class='ocrx_word' id='word_1_255' title='bbox 1235 3878 1306 3931; x_wconf 75' lang='lat' dir='ltr'><strong>Ut</strong></span> <span class='ocrx_word' id='word_1_256' title='bbox 1325 3879 1581 3951; x_wconf 81' lang='lat' dir='ltr'><strong>pecunia-</strong></span> 
     </span>
     <span class='ocr_line' id='line_1_35' title="bbox 575 3952 1580 4027; baseline 0.004 -22"><span class='ocrx_word' id='word_1_257' title='bbox 575 3970 690 4005; x_wconf 82' lang='lat' dir='ltr'><strong>rum</strong></span> <span class='ocrx_word' id='word_1_258' title='bbox 711 3952 951 4007; x_wconf 73' lang='lat' dir='ltr'><strong>excidisse</strong></span> <span class='ocrx_word' id='word_1_259' title='bbox 964 3956 1403 4027; x_wconf 74' lang='lat' dir='ltr'><strong>quemfortimla,</strong></span> <span class='ocrx_word' id='word_1_260' title='bbox 1421 3970 1483 4011; x_wconf 75' lang='lat' dir='ltr'><strong>ut</strong></span> <span class='ocrx_word' id='word_1_261' title='bbox 1494 3957 1580 4010; x_wconf 84' lang='lat' dir='ltr'><strong>vel</strong></span> 
     </span>
     <span class='ocr_line' id='line_1_36' title="bbox 571 4029 1581 4104; baseline 0.009 -24"><span class='ocrx_word' id='word_1_262' title='bbox 571 4029 730 4081; x_wconf 69' lang='lat' dir='ltr'><strong>aliter</strong></span> <span class='ocrx_word' id='word_1_263' title='bbox 745 4054 761 4082; x_wconf 94' lang='lat'><strong>.·</strong></span> <span class='ocrx_word' id='word_1_264' title='bbox 801 4042 859 4083; x_wconf 78' lang='lat' dir='ltr'><strong>ut</strong></span> <span class='ocrx_word' id='word_1_265' title='bbox 893 4051 994 4103; x_wconf 86' lang='lat' dir='ltr'><strong>pro</strong></span> <span class='ocrx_word' id='word_1_266' title='bbox 1033 4032 1198 4104; x_wconf 86' lang='lat' dir='ltr'><strong>quod.</strong></span> <span class='ocrx_word' id='word_1_267' title='bbox 1235 4034 1454 4088; x_wconf 69' lang='lat' dir='ltr'><strong>Senum.</strong></span> <span class='ocrx_word' id='word_1_268' title='bbox 1510 4036 1581 4089; x_wconf 76' lang='lat' dir='ltr'><strong>Ut</strong></span> 
     </span>
     <span class='ocr_line' id='line_1_37' title="bbox 569 4114 1572 4187; baseline 0.008 -24"><span class='ocrx_word' id='word_1_269' title='bbox 569 4123 825 4181; x_wconf 75' lang='lat' dir='ltr'><strong>petentem</strong></span> <span class='ocrx_word' id='word_1_270' title='bbox 841 4114 1081 4169; x_wconf 74' lang='lat' dir='ltr'><strong>excidisse</strong></span> <span class='ocrx_word' id='word_1_271' title='bbox 1082 4114 1326 4187; x_wconf 76' lang='lat' dir='ltr'><strong>formula</strong></span> <span class='ocrx_word' id='word_1_272' title='bbox 1333 4154 1354 4185; x_wconf 88' lang='lat'>‚</span> <span class='ocrx_word' id='word_1_273' title='bbox 1369 4126 1455 4187; x_wconf 77' lang='lat' dir='ltr'><strong>ut,</strong></span> <span class='ocrx_word' id='word_1_274' title='bbox 1472 4130 1572 4171; x_wconf 86' lang='lat' dir='ltr'><strong>etc.</strong></span> 
     </span>
    </p>
   </div>
   <div class='ocr_carea' id='block_1_4' title="bbox 1654 3091 2669 4173">
    <p class='ocr_par' dir='ltr' id='par_1_6' title="bbox 1654 3091 2669 4015">
     <span class='ocr_line' id='line_1_38' title="bbox 1662 3091 2669 3165; baseline 0.006 -23"><span class='ocrx_word' id='word_1_275' title='bbox 1662 3091 1791 3143; x_wconf 84' lang='lat' dir='ltr'><strong>Obr.</strong></span> <span class='ocrx_word' id='word_1_276' title='bbox 1824 3092 1893 3143; x_wconf 75' lang='lat' dir='ltr'><strong>Ut</strong></span> <span class='ocrx_word' id='word_1_277' title='bbox 1918 3094 2115 3165; x_wconf 79' lang='lat' dir='ltr'><strong>petitor</strong></span> <span class='ocrx_word' id='word_1_278' title='bbox 2140 3092 2405 3153; x_wconf 72' lang='lat' dir='ltr'><strong>excidisse,</strong></span> <span class='ocrx_word' id='word_1_279' title='bbox 2438 3093 2669 3148; x_wconf 75' lang='lat' dir='ltr'><strong>Brisson.</strong></span> 
     </span>
     <span class='ocr_line' id='line_1_39' title="bbox 1662 3168 2665 3241; baseline 0.005 -20"><span class='ocrx_word' id='word_1_280' title='bbox 1662 3168 1729 3221; x_wconf 77' lang='lat' dir='ltr'><strong>de</strong></span> <span class='ocrx_word' id='word_1_281' title='bbox 1763 3168 1983 3223; x_wconf 85' lang='lat' dir='ltr'><strong>Verbor.</strong></span> <span class='ocrx_word' id='word_1_282' title='bbox 2018 3172 2152 3241; x_wconf 69' lang='lat' dir='ltr'><strong>sign.</strong></span> <span class='ocrx_word' id='word_1_283' title='bbox 2186 3172 2241 3222; x_wconf 88' lang='lat' dir='ltr'><strong>in</strong></span> <span class='ocrx_word' id='word_1_284' title='bbox 2274 3171 2439 3225; x_wconf 81' lang='lat' dir='ltr'><strong>verbo</strong></span> <span class='ocrx_word' id='word_1_285' title='bbox 2470 3175 2665 3226; x_wconf 75' lang='lat' dir='ltr'><strong>cadere.</strong></span> 
     </span>
     <span class='ocr_line' id='line_1_40' title="bbox 1662 3248 2667 3321; baseline 0.003 -21"><span class='ocrx_word' id='word_1_286' title='bbox 1662 3250 1775 3318; x_wconf 74' lang='lat' dir='ltr'><strong>Ego</strong></span> <span class='ocrx_word' id='word_1_287' title='bbox 1798 3248 1959 3301; x_wconf 83' lang='lat' dir='ltr'><strong>credo</strong></span> <span class='ocrx_word' id='word_1_288' title='bbox 1980 3248 2092 3301; x_wconf 71' lang='lat' dir='ltr'><strong>hoec</strong></span> <span class='ocrx_word' id='word_1_289' title='bbox 2108 3286 2126 3314; x_wconf 89' lang='lat'>‚</span> <span class='ocrx_word' id='word_1_290' title='bbox 2148 3259 2209 3300; x_wconf 77' lang='lat' dir='ltr'><strong>ut</strong></span> <span class='ocrx_word' id='word_1_291' title='bbox 2226 3250 2506 3321; x_wconf 67' lang='lat' dir='ltr'><strong>pecuniane</strong></span> <span class='ocrx_word' id='word_1_292' title='bbox 2526 3290 2545 3317; x_wconf 94' lang='lat'>‚</span> <span class='ocrx_word' id='word_1_293' title='bbox 2569 3251 2667 3303; x_wconf 75' lang='lat' dir='ltr'><strong>ad-</strong></span> 
     </span>
     <span class='ocr_line' id='line_1_41' title="bbox 1660 3326 2667 3401; baseline 0.003 -22"><span class='ocrx_word' id='word_1_294' title='bbox 1660 3329 1855 3399; x_wconf 80' lang='lat' dir='ltr'><strong>scripta</strong></span> <span class='ocrx_word' id='word_1_295' title='bbox 1880 3346 1909 3379; x_wconf 84' lang='lat' dir='ltr'><strong>a</strong></span> <span class='ocrx_word' id='word_1_296' title='bbox 1936 3326 2261 3397; x_wconf 74' lang='lat' dir='ltr'><strong>glossatore,</strong></span> <span class='ocrx_word' id='word_1_297' title='bbox 2290 3340 2351 3378; x_wconf 83' lang='lat' dir='ltr'><strong>ut</strong></span> <span class='ocrx_word' id='word_1_298' title='bbox 2378 3328 2667 3401; x_wconf 76' lang='lat' dir='ltr'><strong>explicaret</strong></span> 
     </span>
     <span class='ocr_line' id='line_1_42' title="bbox 1660 3407 2666 3480; baseline 0.002 -21"><span class='ocrx_word' id='word_1_299' title='bbox 1660 3407 1777 3473; x_wconf 84' lang='lat' dir='ltr'><strong>illa,</strong></span> <span class='ocrx_word' id='word_1_300' title='bbox 1801 3410 1857 3459; x_wconf 76' lang='lat' dir='ltr'><strong>in</strong></span> <span class='ocrx_word' id='word_1_301' title='bbox 1876 3410 2083 3480; x_wconf 78' lang='lat' dir='ltr'><strong>judiciis</strong></span> <span class='ocrx_word' id='word_1_302' title='bbox 2104 3409 2413 3473; x_wconf 73' lang='lat' dir='ltr'><strong>minoribus,</strong></span> <span class='ocrx_word' id='word_1_303' title='bbox 2436 3410 2521 3462; x_wconf 82' lang='lat' dir='ltr'><strong>vel</strong></span> <span class='ocrx_word' id='word_1_304' title='bbox 2540 3430 2666 3463; x_wconf 71' lang='lat' dir='ltr'><strong>eon—</strong></span> 
     </span>
     <span class='ocr_line' id='line_1_43' title="bbox 1662 3487 2661 3563; baseline 0.003 -24"><span class='ocrx_word' id='word_1_305' title='bbox 1662 3490 1943 3541; x_wconf 78' lang='lat' dir='ltr'><strong>tentionem</strong></span> <span class='ocrx_word' id='word_1_306' title='bbox 1962 3526 1980 3553; x_wconf 88' lang='lat'>‚</span> <span class='ocrx_word' id='word_1_307' title='bbox 2024 3487 2217 3559; x_wconf 83' lang='lat' dir='ltr'><strong>quibus</strong></span> <span class='ocrx_word' id='word_1_308' title='bbox 2262 3499 2322 3541; x_wconf 85' lang='lat' dir='ltr'><strong>nt</strong></span> <span class='ocrx_word' id='word_1_309' title='bbox 2366 3489 2661 3563; x_wconf 76' lang='lat' dir='ltr'><strong>exemplum</strong></span> 
     </span>
     <span class='ocr_line' id='line_1_44' title="bbox 1660 3565 2662 3640; baseline 0 -21"><span class='ocrx_word' id='word_1_310' title='bbox 1660 3565 1971 3638; x_wconf 77' lang='lat' dir='ltr'><strong>adscripsit,</strong></span> <span class='ocrx_word' id='word_1_311' title='bbox 2002 3578 2062 3619; x_wconf 81' lang='lat' dir='ltr'><strong>ut</strong></span> <span class='ocrx_word' id='word_1_312' title='bbox 2086 3566 2323 3638; x_wconf 69' lang='lat' dir='ltr'><strong>pecunie</strong></span> <span class='ocrx_word' id='word_1_313' title='bbox 2338 3604 2357 3633; x_wconf 92' lang='lat'><em>,</em></span> <span class='ocrx_word' id='word_1_314' title='bbox 2386 3568 2471 3621; x_wconf 77' lang='lat' dir='ltr'><strong>vel</strong></span> <span class='ocrx_word' id='word_1_315' title='bbox 2500 3588 2662 3640; x_wconf 77' lang='lat' dir='ltr'><strong>pecu—</strong></span> 
     </span>
     <span class='ocr_line' id='line_1_45' title="bbox 1659 3644 2659 3716; baseline 0.003 -21"><span class='ocrx_word' id='word_1_316' title='bbox 1659 3645 1900 3698; x_wconf 82' lang='lat' dir='ltr'><strong>niariam.</strong></span> <span class='ocrx_word' id='word_1_317' title='bbox 1930 3646 1997 3698; x_wconf 86' lang='lat' dir='ltr'><strong>Et</strong></span> <span class='ocrx_word' id='word_1_318' title='bbox 2026 3644 2343 3716; x_wconf 77' lang='lat' dir='ltr'><strong>legendum,</strong></span> <span class='ocrx_word' id='word_1_319' title='bbox 2375 3650 2659 3699; x_wconf 76' lang='lat' dir='ltr'><strong>eontentio—</strong></span> 
     </span>
     <span class='ocr_line' id='line_1_46' title="bbox 1657 3722 2657 3796; baseline 0 -21"><span class='ocrx_word' id='word_1_320' title='bbox 1657 3741 1777 3775; x_wconf 74' lang='lat' dir='ltr'><strong>nem</strong></span> <span class='ocrx_word' id='word_1_321' title='bbox 1788 3762 1809 3789; x_wconf 90' lang='lat'>,</span> <span class='ocrx_word' id='word_1_322' title='bbox 1826 3736 1884 3776; x_wconf 82' lang='lat' dir='ltr'><strong>ut</strong></span> <span class='ocrx_word' id='word_1_323' title='bbox 1900 3722 2417 3796; x_wconf 69' lang='lat' dir='ltr'><strong>excidisse-formula,</strong></span> <span class='ocrx_word' id='word_1_324' title='bbox 2436 3725 2657 3789; x_wconf 74' lang='lat' dir='ltr'><strong>sialiter,</strong></span> 
     </span>
     <span class='ocr_line' id='line_1_47' title="bbox 1656 3804 2653 3875; baseline 0.001 -22"><span class='ocrx_word' id='word_1_325' title='bbox 1656 3819 1813 3873; x_wconf 81' lang='lat' dir='ltr'><strong>quam</strong></span> <span class='ocrx_word' id='word_1_326' title='bbox 1825 3804 2053 3874; x_wconf 79' lang='lat' dir='ltr'><strong>potuerit</strong></span> <span class='ocrx_word' id='word_1_327' title='bbox 2064 3820 2241 3875; x_wconf 64' lang='lat' dir='ltr'><strong>agere,</strong></span> <span class='ocrx_word' id='word_1_328' title='bbox 2255 3804 2475 3855; x_wconf 73' lang='lat' dir='ltr'><strong>dicatur.</strong></span> <span class='ocrx_word' id='word_1_329' title='bbox 2490 3805 2653 3857; x_wconf 75' lang='lat' dir='ltr'><strong>Bm.</strong></span> 
     </span>
     <span class='ocr_line' id='line_1_48' title="bbox 1656 3884 2655 3959; baseline 0.005 -25"><span class='ocrx_word' id='word_1_330' title='bbox 1656 3912 1729 3925; x_wconf 89' lang='lat'><strong>--</strong></span> <span class='ocrx_word' id='word_1_331' title='bbox 1742 3886 1862 3935; x_wconf 78' lang='lat' dir='ltr'><strong>Haec</strong></span> <span class='ocrx_word' id='word_1_332' title='bbox 1884 3903 2047 3956; x_wconf 86' lang='lat' dir='ltr'><strong>porro</strong></span> <span class='ocrx_word' id='word_1_333' title='bbox 2070 3886 2271 3955; x_wconf 86' lang='lat' dir='ltr'><strong>recepit</strong></span> <span class='ocrx_word' id='word_1_334' title='bbox 2292 3884 2416 3937; x_wconf 85' lang='lat' dir='ltr'><strong>edit.</strong></span> <span class='ocrx_word' id='word_1_335' title='bbox 2440 3887 2548 3959; x_wconf 76' lang='lat' dir='ltr'><strong>Rip.</strong></span> <span class='ocrx_word' id='word_1_336' title='bbox 2568 3890 2655 3939; x_wconf 78' lang='lat' dir='ltr'><strong>cui</strong></span> 
     </span>
     <span class='ocr_line' id='line_1_49' title="bbox 1654 3960 2281 4015; baseline 0.002 -1"><span class='ocrx_word' id='word_1_337' title='bbox 1654 3960 1813 4014; x_wconf 79' lang='lat' dir='ltr'><strong>facile</strong></span> <span class='ocrx_word' id='word_1_338' title='bbox 1832 3964 2161 4015; x_wconf 76' lang='lat' dir='ltr'><strong>assentimur.</strong></span> <span class='ocrx_word' id='word_1_339' title='bbox 2185 3964 2281 4015; x_wconf 77' lang='lat' dir='ltr'><strong>Eo.</strong></span> 
     </span>
    </p>

    <p class='ocr_par' dir='ltr' id='par_1_7' title="bbox 1654 4042 2645 4173">
     <span class='ocr_line' id='line_1_50' title="bbox 1726 4042 2645 4109; baseline 0 -14"><span class='ocrx_word' id='word_1_340' title='bbox 1726 4042 1777 4095; x_wconf 88' lang='grc'><strong>3.</strong></span> <span class='ocrx_word' id='word_1_341' title='bbox 1820 4044 2211 4099; x_wconf 70' lang='lat' dir='ltr'><strong>Connaetudine.</strong></span> <span class='ocrx_word' id='word_1_342' title='bbox 2253 4044 2645 4109; x_wconf 62' lang='lat' dir='ltr'><strong>Commius,</strong></span> 
     </span>
     <span class='ocr_line' id='line_1_51' title="bbox 1654 4119 1832 4173; baseline 0 0"><span class='ocrx_word' id='word_1_343' title='bbox 1654 4119 1832 4173; x_wconf 82' lang='lat' dir='ltr'><strong>AErod.</strong></span> 
     </span>
    </p>
   </div>
  </div>
 </body>
</html>
