2855 4871
590 443 719 513 526
1170 434 1708 503 CALPURNII
1753 434 2098 500 FLAcct

586 569 878 641 infantis
916 564 1171 666 injuria
1212 584 1331 635 est.
1376 565 1532 634 Hoc
1573 562 1849 660 ipsum,
1887 560 2082 659 quod
2123 560 2224 632 ita
2265 561 2671 633 infuscatam

584 703 823 755 cutem
868 682 1043 753 livor
1088 678 1361 767 infecit,
1400 678 1548 749 dies
1585 676 1842 774 longus
1885 696 2254 747 extenuat:
2287 676 2490 747 nivea
2533 676 2674 775 ple-

586 826 887 899 rumque
928 798 1253 871 membra
1294 796 1440 868 sole
1481 797 1868 882 fuscantur,
1901 814 1970 865 et
2005 795 2278 893 corpori
2317 794 2540 893 pallor
2571 822 2676 865 ex-

586 914 806 988 cedit:
836 914 1155 1014 quamvis
1188 910 1596 983 naturaliter
1621 910 1852 980 fuscos
1877 928 2062 979 artus
2091 908 2348 979 umbra
2371 908 2552 1006 cogit
2575 910 2672 979 al-

586 1031 881 1102 bescere.
924 1032 1239 1101 Tantum
1276 1024 1578 1127 tempori
1619 1024 1813 1096 licet:
1849 1044 2196 1123 qnantum
2237 1044 2444 1122 putas
2483 1024 2670 1096 licere

592 1142 895 1217 naturae?

2349 1398 2666 1419 *⁹¹5me

1553 1600 1718 1674 111.

1300 1828 1508 1900 Miles
1539 1830 1964 1900 Marianus¹.

586 2034 765 2097 Miles
786 2036 973 2097 Marii
1004 2034 1357 2095 adolescens
1378 2034 1808 2117 propinquum
1839 2034 2024 2094 Marii
2049 2033 2378 2095 tribunum
2405 2038 2536 2096 vim
2565 2036 2666 2096 sibi

930 2134 1299 2195 inferentem
1322 2136 1606 2216 peremit.
1629 2136 1792 2195 Reus
1813 2148 1906 2195 est
1927 2133 2132 2196 eaedis.
2157 2135 2208 2193 C
2255 2136 2334 2194 D.

1371 2348 1524 2396 PRO
1579 2350 1903 2396 Maru-2.

679 2487 1163 2587 PropinquuS,
1196 2487 1460 2586 inquit,
1501 2487 1936 2586 imperatoris
1977 2489 2246 2561 occisus
2283 2511 2428 2561 est:
2459 2513 2663 2562 macte

582 2603 829 2676 virtute
874 2603 1311 2693 adolescens,
1351 2625 1419 2675 et
1462 2603 1773 2676 Marium
1823 2603 2224 2676 vindicasti:
2267 2603 2666 2704 ubicunque

584 2722 1019 2821 periclitatur
1036 2721 1407 2822 pudicitia,
1424 2747 1626 2792 suam
1647 2719 1876 2819 legem
1899 2721 2132 2794 habet.
2153 2720 2350 2811 Quid
2371 2723 2548 2820 agis,
2571 2722 2664 2794 tn'·

582 2835 817 2908 hune?
844 2837 971 2908 tibi
1008 2837 1331 2909 nondum
1356 2837 1464 2908 vir
1487 2855 1588 2908 est
1597 2836 1762 2934 ,qui
1795 2837 2026 2908 Mario
2059 2835 2264 2907 miles
2295 2837 2492 2908 est²?
2521 2839 2664 2908 Non

582 2949 787 3050 longe
816 2952 904 3023 ab
930 2981 1011 3025 eo
1038 2974 1138 3025 est
1162 2953 1397 3044 mileS,
1431 2973 1508 3025 ut
1533 2952 1890 3052 promittat
1919 2973 2240 3052 stuprum
2261 3011 2280 3044 ,
2315 2953 2443 3053 qui
2479 2979 2664 3050 roga-

582 3085 693 3136 tus
729 3069 1219 3140 tantummodo
1254 3088 1486 3167 negat.
1526 3067 1786 3160 Crede,
1823 3068 2220 3168 imperator,
2261 3069 2450 3140 male
2483 3066 2568 3138 de
2602 3087 2662 3138 te

571 3181 953 3281 judicasset
984 3182 1187 3254 miles
1210 3205 1371 3255 tuus
1389 3241 1408 3271 ,
1441 3185 1498 3255 si
1524 3184 1806 3256 tribuno
1829 3183 2261 3283 pepercisset.
2295 3183 2504 3254 Hanc
2533 3183 2660 3253 vim

582 3295 945 3396 Virginius
976 3297 1351 3396 parricidio
1386 3300 1602 3397 fugit:
1635 3321 1916 3398 propter
1948 3299 2127 3371 hanc
2157 3299 2488 3372 Lucretia
2521 3323 2666 3396 pec-

583 3431 691 3482 tus
738 3437 945 3483 suum
992 3413 1171 3484 ferro
1212 3413 1412 3486 fodit.
1470 3414 1692 3486 Pudet
1737 3441 1892 3504 me,
1943 3413 2360 3514 imperator:
2393 3412 2662 3484 feminae

582 3529 915 3626 exemplis
936 3531 1233 3604 militem
1253 3551 1474 3604 tueor.
1489 3534 1826 3630 Stuprufn
1846 3533 2154 3605 minatus
2171 3552 2272 3603 est
2289 3529 2494 3602 militi
2513 3525 2662 3600 tuo?

582 3642 817 3714 minus
850 3664 952 3715 est
968 3643 1022 3734 ³,
1052 3647 1241 3744 quod
1276 3646 1480 3718 nobis
1515 3647 1783 3720 Cimbri
1821 3647 2200 3719 minantur.

658 3865 701 3901 1.
723 3846 879 3900 Miles
897 3847 1188 3902 Marianus.
1210 3849 1344 3902 Vide
1361 3849 1583 3918 Quintil.
1671 3873 1694 3896 ι
1715 3851 1892 3904 Minus
1914 3865 1993 3903 est
2007 3890 2024 3916 ‚
2049 3850 2196 3923 quod
2223 3848 2294 3902 ad
2320 3852 2661 3922 sacriportum

580 3928 871 3981 Declamat.
898 3931 983 3982 ΙΙΙ.
1671 3935 2041 4003 -septuaginta
2075 3931 2306 4004 amplius
2337 3932 2500 3984 millia
2531 3929 2662 4004 Sylla

654 4028 703 4062 α.
740 4013 843 4081 Qui
868 4011 1043 4064 Mario
1075 4011 1223 4066 miles
1254 4027 1341 4067 est.
1374 4015 1458 4067 Al.
1491 4015 1586 4086 qui
1668 4015 1979 4080 nconcidit,
2019 4013 2216 4066 bellum
2259 4031 2388 4066 erat.
2411 4039 2434 4062 π
2471 4017 2557 4078 lv,
2597 4011 2660 4064 6:

586 4089 757 4142 Mario
763 4093 885 4162 jam
909 4091 1057 4143 miles
1077 4105 1164 4146 est.
1190 4095 1337 4144 Prru.
1669 4117 1691 4140 ι
1711 4091 1855 4145 Nihil
1882 4095 1938 4145 in
1967 4111 2024 4146 se
2051 4095 2222 4146 minus
2249 4093 2434 4147 habet.
2457 4119 2480 4142 ιι
2511 4093 2658 4146 Conf-

653 4169 703 4221 3.
746 4171 928 4224 Minus
972 4183 1059 4225 est.
1102 4172 1290 4227 Florus
1330 4177 1434 4242 111,
1480 4191 1578 4227 αις
1662 4176 1814 4226 variae
1837 4173 2072 4243 ejusdem
2093 4173 2330 4229 Declam.
