2855 4871
664 423 793 506 486
1013 511 1020 520 ⁶
1167 423 1263 488 Μ.
1308 421 1561 488 FABII
1606 423 2247 506 QUINTILIANI

664 549 800 620 Sed
829 547 1091 634 fratris,
1125 545 1389 646 inquit,
1423 545 1717 618 salutem
1762 547 1994 646 optavi
2022 574 2038 617 ε
2073 547 2225 649 jam
2260 573 2426 645 ergo
2464 548 2619 621 noli
2652 548 2759 619 di-

662 690 848 750 cere;
883 666 1319 762 Supervacua
1353 661 1641 734 abolitio
1672 661 1841 733 fuit:
1876 663 2099 734 alium
2138 661 2331 733 enim
2368 663 2550 734 mihi
2590 689 2759 761 prae-

659 781 909 870 tulisti,
933 801 1000 852 et
1019 779 1378 853 innocenti
1401 799 1767 851 nocentem
1783 836 1803 870 ,
1824 805 1940 851 reo
1961 779 2407 868 damnatum,
2426 779 2555 875 qui
2576 802 2758 850 certo

660 896 882 996 perire
907 895 1227 968 debebat.
1260 896 1332 966 Si
1353 895 1695 966 misereris
1720 915 2001 966 tuorum
2021 951 2039 983 ,
2066 921 2181 966 eos
2206 893 2449 966 saltem
2470 894 2753 992 adjuva,

663 1013 748 1084 de
773 1013 1030 1110 quibus
1044 1010 1261 1113 judex
1285 1011 1681 1082 etiamnum
1712 1009 2001 1082 dubitat.
2034 1009 2231 1102 Quid
2258 1037 2417 1108 ergo
2437 1066 2457 1096 ‚
2486 1009 2751 1108 inquit,

659 1125 1009 1227 periisset?
1031 1125 1084 1199 si
1116 1153 1228 1197 me
1255 1125 1628 1225 interrogas
1646 1183 1665 1216 ,
1696 1147 2069 1227 occupatus
2092 1152 2249 1198 sum
2267 1184 2286 1216 ,
2322 1153 2463 1198 non
2490 1125 2708 1198 audio
2735 1153 2750 1194 :

659 1243 715 1315 si
741 1243 1034 1341 patriam
1052 1299 1072 1332 ,
1099 1240 1403 1314 desertor
1427 1261 1550 1313 cst.
1578 1239 1925 1332 Quaed'am
1948 1299 1965 1332 ,
1992 1240 2300 1342 judiceS‚
2331 1239 2750 1339 comparatio

659 1355 957 1428 minuit:
993 1381 1114 1454 per
1137 1381 1208 1428 se
1233 1354 1513 1428 crudele
1536 1354 1702 1446 fuit,
1730 1354 1951 1453 perire
1976 1355 2299 1444 fratrem3
2330 1353 2449 1427 sed
2474 1380 2751 1454 compa-

658 1491 890 1542 ratum
945 1468 1118 1540 mihi
1144 1526 1163 1559 ,
1215 1467 1570 1542 tolerabile
1618 1495 1634 1540 ε
1691 1469 1863 1568 quid
1912 1469 2123 1570 ergo?
2172 1495 2300 1568 ego
2349 1468 2749 1568 periissem?

659 1587 1010 1675 Fratrem,
1041 1583 1306 1682 inquit,
1347 1585 1603 1658 servavi
1630 1611 1645 1656 ε
1683 1584 1915 1683 itaque
1944 1611 2137 1657 nunc
2166 1586 2417 1657 frater¹
2448 1605 2511 1656 te
2538 1584 2747 1656 abdi-

661 1721 808 1772 cat:
842 1698 960 1772 ille
999 1699 1320 1772 beneficii
1361 1699 1651 1799 gratiam
1684 1699 1926 1792 debet,
1972 1727 2099 1800 ego
2140 1701 2405 1800 peccati
2446 1726 2742 1799 poenam.

659 1814 796 1887 Sed
825 1815 1029 1914 quid,
1072 1815 1126 1888 si
1163 1843 1306 1888 non
1346 1815 1582 1917 pietati
1620 1816 1921 1904 servisti,
1961 1816 2078 1888 sed
2109 1839 2187 1890 ut
2219 1843 2334 1890 me
2366 1815 2747 1888 occideres?

659 1950 1002 2030 quantum
1039 1930 1112 2002 in
1142 1952 1207 2003 te
1230 1931 1398 2020 fuit,
1432 1931 1799 2004 damnatus
1821 1957 2000 2005 sum.
2024 1931 2257 2024 Affui,
2284 1931 2552 2032 inquit:
2575 1931 2745 2016 alio-

659 2046 778 2149 qui
808 2045 1222 2120 abdicareris
1239 2061 1266 2092 ²
1293 2067 1593 2120 tantum.

737 2251 780 2286 ι.
803 2234 1154 2306 Num-frater.
1172 2239 1288 2288 Vct.
1311 2235 1445 2290 cod.
1461 2236 1662 2308 frater.-
1742 2235 2055 2290 abdicant-is
2066 2234 2483 2288 tamen.Rectius
2498 2234 2733 2288 Pithoeus.

660 2313 865 2366 videtur
889 2313 985 2385 leg.
1011 2329 1175 2384 pater.
1203 2319 1348 2368 Pri-n.
1377 2319 1531 2368 Nunc
1543 2317 1664 2389 fra·
1744 2315 1966 2368 Sensus':
1994 2317 2037 2368 si
2058 2333 2163 2366 nou
2184 2313 2460 2380 affuisses,
2480 2313 2739 2365 abdimre·

659 2403 788 2444 trem
813 2393 1049 2459 advoces,
1077 2392 1250 2445 AErod.
1283 2395 1466 2459 Forte,
1494 2395 1670 2448 Frater
1744 2397 2189 2459 ris-tantumgnon
2204 2396 2361 2449 etium
2380 2395 2735 2468 responderent

659 2485 709 2525 te
737 2472 866 2525 alat.
903 2500 966 2513 -
1003 2474 1193 2525 Pietati
1221 2476 1429 2527 servisti.
1463 2476 1664 2528 Pietate
1742 2474 1872 2528 nihil
1900 2477 2065 2537 foret,
2084 2492 2179 2527 cur
2198 2493 2473 2529 recusares
2494 2474 2731 2527 abdicari.

660 2555 882 2607 servasti.
911 2555 1129 2607 Senem-r.
1742 2556 1907 2606 Gnou.
1938 2553 2155 2627 Alioqui
2176 2572 2278 2605 non
2306 2553 2610 2605 abdicarer-is
2630 2566 2733 2604 tan-

733 2652 780 2686 2.
817 2632 1046 2708 ‘Alioqui
1087 2632 1392 2687 abdicare-ris
1438 2646 1658 2687 tantum.
1744 2644 1851 2684 tum
1876 2654 1892 2682 .·
1932 2650 2039 2683 non
2075 2632 2245 2685 solum
2274 2630 2435 2685 bonis
2466 2646 2519 2685 et
2552 2631 2735 2695 domo,

659 2712 934 2767 Ere-dius:
967 2713 1158 2786 Assia,
1193 2716 1395 2788 inquit,
1427 2714 1662 2789 alioqui.-
1744 2710 1839 2767 ned
1860 2714 1967 2767 vita
1988 2712 2363 2767 exturbaret-io.
2386 2714 2601 2768 Sam-¹1.
