2855 4871
592 428 1432 498 DECLAMATIONES.
1480 430 1872 497 CCCXIII.
2151 434 2268 500 261

168 558 591 633 defensione
622 558 915 657 quidem
938 582 1219 657 aequum
1244 576 1383 631 est:
1420 556 1646 657 legem
1671 582 1834 631 vero
1861 577 2130 631 mutare
2148 615 2168 649 ,
2198 580 2280 633 ut

168 674 457 747 occidas
474 732 494 766 ,
519 694 594 751 et
618 672 985 747 crudeliter
1004 671 1440 772 interpretari
1461 672 1580 774 jus
1596 730 1616 764 ‚
1645 672 1838 772 quod
1859 700 1900 745 a
1925 674 2279 772 magistra-

167 788 367 863 tibus
408 788 751 889 scriptum
786 806 925 879 est,
958 788 1159 889 cujus
1188 786 1415 860 animi
1446 787 1585 861 est?
1615 790 1764 887 Ego
1797 788 2026 887 legem
2053 787 2282 861 habeo

168 904 511 977 adversus
552 928 717 977 enm
760 900 1051 975 demum
1084 900 1413 1003 scriptam
1431 960 1452 994 ‚
1487 902 1610 999 qui
1649 902 2012 1003 detulerit,
2047 929 2284 1003 neque

168 1019 617 1093 damnaverit
652 1047 667 1091 :
716 1044 863 1093 non
909 1038 1203 1109 scrutor,
1248 1017 1423 1118 quid
1464 1018 1761 1092 voluerit
1804 1017 2226 1117 legumlator
2263 1046 2282 1089 τ

170 1164 409 1237 neque
452 1137 647 1211 enim
684 1162 967 1237 possum
997 1163 1013 1209 :
1056 1164 1229 1211 saeva
1262 1135 1622 1237 inquisitio
1657 1136 1732 1210 in
1765 1138 2101 1238 praeterita
2136 1158 2279 1211 est:

171 1252 245 1325 id
290 1252 447 1326 sive
489 1251 709 1326 voluit
754 1272 935 1343 esse,
984 1251 1176 1352 quod
1214 1252 1522 1353 scripsit,
1569 1253 1712 1327 sive
1763 1251 1961 1325 aliud
2011 1252 2282 1351 aliquid

170 1368 549 1469 cogitavit,
582 1369 721 1441 hoc
742 1368 1040 1468 scripsit,
1072 1370 1203 1443 hoc
1216 1370 1377 1472 jure
1398 1366 1698 1441 viximus
1716 1426 1735 1459 ‚
1765 1369 1898 1442 hoc
1921 1369 2281 1468 spectavit:

171 1484 357 1558 nihil
386 1484 633 1557 minus
657 1484 821 1557 ferri
855 1506 1125 1585 oportet
1153 1487 1233 1559 in
1262 1486 1536 1559 civitate
1554 1544 1574 1578 ,
1605 1514 1822 1584 quam
1853 1506 1934 1557 ut
1957 1486 2069 1557 lex
2096 1486 2288 1559 deci-

172 1599 343 1699 piat.
381 1601 845 1673 Innocentem
886 1600 1193 1673 accusavi
1230 1626 1247 1673 :
1292 1600 1454 1673 satis
1497 1621 1633 1690 est,
1676 1600 1868 1701 quod
1911 1600 2284 1672 damnavi:

173 1740 415 1812 neque
437 1713 633 1785 enim
662 1713 770 1785 lex
796 1714 923 1786 ista
944 1714 1190 1815 scripta
1213 1734 1345 1806 est,
1363 1733 1442 1788 ut
1465 1716 1588 1816 qui
1614 1716 2060 1789 innocentem
2086 1741 2286 1787 accu-

174 1830 471 1921 saverit,
506 1828 729 1928 capite
768 1830 1145 1929 puniatur3
1184 1829 1305 1903 sed
1337 1851 1422 1902 nt
1451 1830 1808 1928 puniatur,
1841 1830 1964 1929 qui
1999 1856 2285 1903 accusa-

174 1946 385 2037 verit,
432 1972 569 2018 nec
610 1944 1057 2019 damnaverit.
1088 1945 1472 2035 Quomodo
1516 1973 1678 2045 ergo
1715 1944 1897 2017 nihil
1931 1946 2288 2046 prodesset

174 2062 607 2151 accusatori,
658 2060 715 2133 si
764 2089 909 2134 non
957 2061 1349 2135 damnasset
1373 2121 1393 2155 ,
1444 2083 1680 2161 postea
1725 2081 2092 2133 nocentem
2140 2088 2284 2134 esse

176 2197 625 2278 compertum
651 2204 851 2267 eum,
880 2203 1095 2277 quem
1124 2176 1502 2251 accusavit:
1528 2177 1624 2250 ita
1646 2176 1744 2270 ei,
1776 2176 1898 2274 qui
1922 2178 2290 2287 fortunam

178 2293 570 2365 secundam
590 2291 843 2393 judicii
872 2292 1068 2378 tulit,
1100 2318 1245 2365 non
1275 2291 1484 2365 debet
1510 2318 1758 2365 nocere
1777 2348 1796 2381 ,
1829 2290 2023 2391 quod
2050 2311 2286 2392 postea

178 2407 460 2481 accidit.
508 2410 652 2480 Lex
698 2406 913 2481 talem
958 2407 1437 2483 conditionem
1473 2405 1726 2510 judicii
1767 2406 1968 2498 facit,
2019 2406 2095 2478 in
2142 2433 2284 2506 quo

176 2523 389 2596 caedis
437 2543 798 2596 accusatur
841 2549 1030 2613 reus,
1078 2543 1161 2596 ut
1202 2523 1444 2620 utique
1490 2522 1812 2595 adversus
1852 2520 2075 2593 alium
2115 2547 2284 2620 pro-

178 2637 595 2711 nuncietur¹
631 2666 645 2709 :
690 2660 811 2711 aut
841 2664 1043 2710 reum
1076 2638 1397 2711 damnari
1433 2657 1736 2738 oportet,
1771 2655 1896 2708 aut
1923 2653 2282 2706 accusato-

180 2779 383 2827 rem:
420 2774 495 2824 tu
524 2753 699 2853 quid
726 2752 873 2827 vis?
900 2774 978 2826 ut
998 2774 1290 2856 uterque
1315 2754 1688 2827 damnatus
1715 2752 1841 2823 sit:
1875 2775 1966 2821 an
1993 2771 2072 2821 ut
2093 2749 2280 2822 istud

177 2895 431 2942 verum
478 2869 629 2961 siv,
678 2889 755 2940 ut
799 2869 1169 2942 damnatus
1218 2869 1307 2941 sit
1345 2895 1500 2942 reus
1545 2887 1612 2942 et
1655 2881 2006 2940 accusator
2043 2889 2060 2932 t
2106 2861 2285 2940 illud

178 3046 377 3102 mouth.
394 3045 667 3115 meimet:
689 3046 809 3119 nxpi
825 3046 1033 3115 ὅτινμὶν
1046 3048 1198 3102 ‹ruffio-
1278 3049 1516 3102 advenas
1553 3046 1726 3101 alium
1760 3042 2163 3119 pronunciant,
2195 3043 2286 3094 sed

179 3128 226 3178 61
238 3125 349 3184 ταῖς
363 3126 545 3194 tuimur,
564 3127 709 3180 62·on
719 3123 835 3184 wie
853 3127 937 3180 ιὶσσ
958 3127 1191 3181 σκοπεῖν.»

184 3205 435 3261 ilis-usit
448 3205 506 3260 δι’
516 3207 685 3270 θῖσθι,
700 3207 951 3274 quatimur
966 3205 1045 3258 εὖ)
1056 3205 1199 3276 χρῖο-

176 3287 285 3349 Ocu,
310 3285 377 3344 ἇς
404 3284 587 3340 &in-ov
608 3287 733 3340 θαῗυ
747 3323 765 3348 ,
782 3309 805 3334 ιι
833 3287 1005 3358 inq'lit
1025 3285 1193 3340 Plato.

174 3367 365 3420 Eum).
390 3395 465 3407 --
491 3365 639 3418 Soeva
672 3367 939 3438 inquisitio
972 3367 1029 3416 in
1056 3382 1196 3438 proe-

178 3446 351 3498 nevira.
376 3442 530 3504 Nihil
550 3443 643 3498 hic
666 3463 843 3516 neque
866 3445 1069 3497 saevitiae
1095 3461 1195 3496 ne-

181 3545 283 3598 que
305 3525 657 3580 crudelitatis.
683 3527 851 3596 Legez
874 3525 1000 3579 Sera
1022 3524 1197 3596 inqui·

178 3607 312 3660 sitio.
350 3607 522 3659 cnon.
560 3605 647 3670 An
680 3623 813 3662 soeua
850 3604 1114 3678 inquisitio
1144 3615 1197 3656 et

180 3706 255 3739 res
284 3689 555 3760 proeten'ta
584 3699 671 3740 est.
707 3687 925 3739 Senot-r.
960 3687 1037 3738 lta
1061 3702 1197 3738 soeva

178 3785 279 3836 pro
314 3783 467 3833 mu,
505 3763 653 3836 apud
688 3764 844 3818 Ovid.
878 3766 1059 3816 Amor.
1092 3765 1196 3831 111,

178 3845 245 3911 6,
283 3861 376 3914 71.
410 3873 485 3884 -
516 3844 635 3902 Hoc
654 3846 783 3916 jure
812 3843 1050 3896 viximus.
1089 3842 1196 3894 Cur

179 3941 325 3990 non,
348 3923 589 3976 vivimus.
616 3921 783 3976 cnon.
812 3925 971 3975 Forte
985 3959 1005 3988 ,
1028 3921 1192 3974 vinci-

180 4021 298 4056 mus
316 3999 407 4054 vel
428 3991 677 4070 uicimus,
700 4001 969 4054 Francius.

260 4099 308 4134 1.
342 4081 417 4134 Ut
433 4081 614 4155 ntique
634 4081 873 4134 adversus
888 4078 1053 4132 alium
1067 4097 1195 4150 pro·-

182 4162 479 4222 nunct’etur.
502 4161 779 4216 AErodius:
802 4163 917 4214 Nec
938 4161 1117 4232 utique
1140 4170 1200 4211 ut

1276 3139 1373 3180 aut
1386 3145 1552 3180 reum.
1561 3124 1708 3179 Nihil
1721 3122 1808 3176 hic
1823 3120 2138 3176 mendosum
2148 3157 2166 3189 ,
2180 3121 2285 3176 nisi

1274 3224 1378 3258 vox
1395 3203 1566 3256 alium
1582 3225 1599 3257 .·
1621 3221 1722 3276 pro
1741 3219 1848 3273 qua
1865 3199 2114 3262 substitui
2129 3217 2286 3270 opor·

1274 3295 1353 3336 tet
1373 3282 1606 3358 aliquem
1615 3323 1635 3351 ‚
1653 3281 1741 3339 vel
1755 3279 2002 3340 alterum.
2025 3279 2292 3340 caeterum

1270 3360 1357 3416 his
1374 3361 1550 3419 verbis
1569 3361 1930 3424 confirmatur,
1952 3355 2100 3430 quod
2119 3373 2282 3428 supra

1275 3443 1407 3497 dixit
1420 3467 1436 3497 ε
1463 3467 1487 3492 ι
1505 3446 1604 3510 Hic
1624 3445 1766 3496 enim
1781 3439 2116 3499 indemnatus
2135 3449 2230 3490 est.
2254 3459 2276 3484 η

1273 3523 1440 3577 Giton.

1348 3621 1398 3655 a.
1416 3601 1510 3655 An
1526 3612 1584 3656 ut
1606 3599 1748 3654 istud
1763 3615 1945 3650 verum
1965 3597 2048 3660 sit.
2073 3593 2255 3657 Scribe
2269 3614 2290 3654 a,

1273 3680 1375 3749 At,
1396 3691 1459 3732 ut
1473 3679 1608 3736 istud
1625 3695 1803 3736 verum
1823 3678 1916 3744 sit,
1931 3686 1990 3728 ut
2005 3674 2288 3735 damnatur

1274 3761 1345 3814 sit
1378 3778 1490 3813 reus
1524 3770 1576 3812 et
1605 3768 1902 3821 accusator,
1941 3753 2082 3816 illud
2109 3763 2285 3814 tamen

1276 3836 1363 3889 lex
1378 3835 1562 3890 voluit.
1582 3839 1816 3908 Nempe,
1829 3845 1890 3886 ut
1909 3833 2040 3888 alter
2057 3841 2286 3890 tultum·

1273 3915 1438 3968 modo
1462 3915 1816 3969 damnaretur.
1840 3911 2009 3965 Gnon.
2031 3908 2110 3962 At
2129 3917 2190 3960 ut
2211 3907 2282 3960 is-

1274 4000 1371 4052 tud
1394 4019 1442 4051 v.
1471 4017 1512 4052 s.
1541 4017 1608 4050 ne
1633 3998 1912 4049 damnatus
1933 4011 1972 4044 ε.
2009 4008 2049 4041 r.
2081 3989 2171 4042 sed
2197 4007 2283 4041 ac.

1273 4077 1310 4129 ι’.
1337 4090 1373 4131 t.
1397 4076 1483 4129 lex
1501 4072 1684 4128 noluit.
1710 4073 1828 4123 Hoc
1850 4085 2038 4130 senam
2061 4069 2104 4120 si
2123 4085 2285 4120 acca-

1276 4169 1419 4210 sator
1464 4157 1531 4209 sit
1575 4153 1855 4206 damnatus
1870 4188 1890 4218 ‚
1929 4146 2126 4202 deinde
2169 4166 2282 4202 non
2395 4175 2400 4190 ι
