2855 4871
575 368 1418 437 DECLAMATIONES.
1474 368 1811 435 GCLXX.
2122 392 2150 433 1
2170 392 2191 434 1
2212 392 2237 435 ι

160 500 312 563 vires
342 495 660 562 habeant.
695 472 1032 561 Finiamus
1062 516 1222 583 ergo
1255 514 1529 560 necesse
1568 510 1701 573 est,
1728 490 1893 585 quid
1918 495 2005 560 sit
2036 510 2253 558 CAUSA·

161 624 421 671 uourts:
455 620 596 670 tota
621 603 800 668 enim
829 602 908 667 lis
925 651 942 679 ‚
975 620 1042 667 et
1067 624 1269 667 omne
1298 599 1656 667 discrimen
1686 603 2152 668 controversiae
2180 602 2251 665 in

161 707 274 775 hoc
289 710 586 799 positum
619 724 738 773 est.
774 710 942 773 Nam
975 706 1031 772 si
1062 704 1148 771 ad
1181 704 1555 771 finitionem
1588 707 1794 795 partis
1826 704 2121 807 adversae
2150 728 2257 771 ac·-

163 815 486 895 cedimus,
521 832 597 880 ut
633 836 829 879 causa
855 812 1086 878 mortis
1115 814 1234 891 sit,
1271 813 1388 902 qui
1423 812 1721 878 attulerit
1754 835 2021 879 causam
2058 813 2255 879 alicui

163 900 482 988 moriendi
509 972 526 1002 ,
572 944 693 1011 per
743 943 946 1011 quem
995 920 1244 983 factum
1289 920 1410 999 sit,
1456 936 1531 983 ut
1576 919 1817 1009 aliquis
1852 934 2256 999 moreretur-3

164 1026 337 1093 nullo
365 1025 572 1092 modo
601 1023 964 1091 defendere
991 1047 1111 1089 nos
1135 1046 1513 1115 possumus.
1538 1026 1775 1115 Neque
1802 1026 1979 1090 enim
2003 1023 2262 1099 dubita-

163 1132 364 1212 bitur,
403 1133 566 1223 quin
599 1154 722 1219 per
759 1128 940 1195 hunc
984 1129 1230 1194 factum
1275 1128 1396 1211 sit,
1437 1146 1511 1195 ut
1549 1128 1661 1194 ille
1694 1148 2099 1211 moreretur,
2144 1128 2261 1221 qui

166 1238 358 1305 filiam
385 1238 472 1305 ad
499 1238 955 1328 magistratum
979 1236 1326 1326 perduxit3
1351 1236 1467 1327 qui
1497 1238 1840 1341 praecepit,
1872 1255 1949 1304 ut
1976 1254 2261 1302 mortem

165 1350 440 1439 raptoris
469 1364 764 1437 optaret:
795 1368 920 1413 nos
945 1367 1105 1434 ergo
1125 1368 1387 1411 causam
1411 1344 1481 1410 id
1501 1369 1645 1412 esse
1666 1348 1896 1413 mortis
1924 1345 2225 1412 dicemus
2243 1394 2261 1423 ,

169 1452 344 1545 quod
371 1454 572 1520 nullis
603 1470 784 1519 extra
815 1450 1272 1517 accidentibus
1303 1453 1553 1552 causiS,
1583 1468 1869 1519 mortem
1898 1452 2152 1519 homini
2176 1453 2269 1517 af-

170 1562 365 1639 ferat,
391 1558 574 1649 quod
605 1558 824 1625 solum
849 1572 1135 1623 mortem
1162 1556 1418 1623 homini
1448 1556 1768 1624 intulerit.
1798 1557 2060 1624 Deinde
2089 1557 2270 1624 dice-

173 1689 314 1733 mus
331 1716 347 1745 ,
377 1666 432 1731 si
461 1664 922 1732 accedendum
949 1664 1036 1730 sit
1063 1664 1350 1729 finitioni
1375 1666 1579 1754 partis
1604 1664 1896 1731 adversae
1914 1716 1931 1745 ‚
1960 1668 2271 1756 frequen-

173 1792 270 1838 ter
301 1773 502 1837 etiam
533 1770 1002 1837 honestissima
1040 1771 1110 1835 in
1145 1769 1318 1837 hanc
1345 1770 1745 1837 calumniam
1772 1769 2012 1837 cadere
2050 1792 2267 1863 posse.

176 1876 656 1970 subjungemus
692 1879 1164 1968 quaestionem,
1199 1898 1284 1942 an
1314 1878 1524 1967 possit
1552 1879 1905 1969 quisquam
1942 1878 2269 1957 accusari,

178 1986 350 2076 quod
393 2010 589 2052 eausa
625 1988 858 2052 mortis
901 1986 1136 2067 fuerit,
1175 1985 1244 2051 in
1279 2008 1360 2051 eo
1399 1986 1515 2076 qui
1540 1986 1695 2077 jure
1734 1988 1818 2052 sit
1848 1987 2124 2053 occisus.
2165 1986 2276 2052 Se-

179 2096 396 2183 quitur
425 2094 737 2184 quaestio,
768 2114 852 2157 an
881 2092 992 2159 hic
1019 2094 1174 2184 jure
1208 2094 1292 2158 sit
1323 2093 1620 2159 occisus:
1651 2109 1803 2183 post
1834 2092 2019 2171 haec,
2050 2092 2277 2159 licebit

177 2199 361 2265 nobis
391 2198 616 2265 dicere
647 2199 756 2264 illa
786 2222 936 2289 quae
966 2198 1104 2264 sola
1141 2198 1477 2265 dicuntur.

869 2376 1576 2444 DECLAMATIO.

269 2524 417 2614 Qm
453 2541 685 2596 CAUSA
721 2541 998 2597 Mon‘rts
1039 2541 1330 2614 rusm‘r,
1375 2541 1636 2596 οΑΡιΤΕ
1670 2541 2062 2596 ΡυΝιΑΤυιι.
2106 2521 2281 2594 Satis

188 2635 476 2710 ostendit
515 2637 665 2738 ipsa
705 2665 944 2738 poena,
981 2665 1146 2710 eum
1177 2637 1473 2710 demum
1515 2637 1736 2711 teneri
1776 2637 1906 2710 hac
1939 2637 2089 2735 lege
2110 2619 2143 2728 ,‘
2158 2635 2282 2736 qui

189 2751 366 2824 idem
399 2753 859 2844 commiserit,
896 2753 1088 2851 quod
1117 2753 1175 2825 si
1205 2751 1567 2824 occidisset
1594 2779 1609 2822 :
1646 2777 1878 2848 neque
1909 2749 2099 2823 enim
2130 2775 2287 2848 gra-

187 2867 324 2940 vius
356 2869 752 2969 quidquam
788 2869 1110 2942 adversus
1139 2895 1304 2939 eum
1325 2925 1343 2959 ,
1375 2869 1499 2966 qui
1536 2895 1662 2940 sua
1694 2893 1913 2938 manu
1936 2879 1953 2910 ¹
1996 2865 2287 2938 intetfe-

192 2985 346 3058 uerit
367 3043 386 3078 ,
437 2985 849 3060 constituere
910 2985 1136 3086 potuit
1181 2983 1641 3083 legumlator,
1693 3009 1913 3083 quam
1964 2982 2288 3054 adversus
2364 3041 2367 3044 .

193 3125 350 3171 eum
369 3158 390 3192 ,
416 3101 537 3199 qui
564 3128 845 3174 causam
875 3099 1294 3201 praestitisset
1323 3127 1336 3170 :
1371 3125 1533 3198 ergo
1564 3120 1632 3171 et
1658 3098 2117 3172 similitudine
2144 3124 2290 3202 poe-

199 3239 337 3309 nae,
371 3215 581 3290 etiam
621 3219 884 3290 crimen
927 3245 1054 3317 par
1090 3217 1359 3316 exigere
1399 3215 1683 3289 debetis.
1722 3218 1875 3288 Hoc
1904 3242 2045 3314 quo
2074 3215 2289 3316 perti-

199 3327 348 3400 net?
388 3358 477 3403 ne
508 3331 908 3404 existimetis
935 3359 1168 3403 veram
1201 3329 1396 3403 illam
1429 3357 1571 3406 esse
1604 3331 2035 3420 finitionem,
2070 3354 2289 3429 quam

201 3465 346 3538 pars
373 3443 643 3516 diversa
673 3445 1197 3546 complectitur:
1227 3467 1305 3517 ut
1331 3473 1457 3545 per
1478 3471 1977 3545 quemcunque
1998 3443 2290 3536 steterit,

205 3556 302 3628 uti
331 3557 546 3632 homo
581 3560 963 3652 occidatur,
997 3562 1054 3634 is
1088 3561 1422 3634 continuo
1458 3587 1661 3634 causa
1691 3561 1930 3634 mortis
1964 3561 2171 3634 fuisse
2195 3561 2297 3631 vi-

207 3711 256 3749 et
279 3705 442 3770 nervi,
461 3702 638 3776 inquit
653 3703 798 3776 (haec
819 3708 962 3758 enim
983 3720 1107 3759 sunt
1127 3707 1207 3758 in·
1363 3723 1407 3760 1.
1434 3705 1686 3760 Adversus
1704 3725 1853 3774 eum,
1877 3708 1974 3780 qui
1994 3725 2089 3759 sua
2112 3723 2291 3756 manu.

207 3779 440 3850 teriora),
465 3783 740 3838 vestienda
771 3795 896 3838 sunt
927 3803 1117 3851 carne,
1147 3797 1208 3837 ut
1285 3785 1631 3859 Transposita
1646 3785 1756 3841 haec
1772 3788 2033 3856 videntur,
2055 3800 2115 3840 et
2120 3786 2296 3858 legen

207 3856 335 3911 vire·
374 3860 622 3915 habeant.
664 3862 853 3935 Neque
901 3865 1040 3916 enim
1081 3875 1206 3916 sunt
1287 3867 1447 3921 dum.
1482 3867 1737 3923 Adversus
1772 3888 1924 3934 eum,
1958 3867 2052 3941 qui
2086 3883 2297 3919 causam

207 3935 364 4003 vires,
394 3943 493 3993 nisi
531 3937 708 4010 cipue
743 3961 794 3993 τι
832 3939 912 3992 καὶ
949 3961 1139 3994 onoma
1124 3935 1208 3998 ἶνις
1281 3948 1623 4024 praestitisset,
1648 3950 1953 4004 constituere
1970 3945 2201 4018 potuerit
2224 3943 2299 3996 h-

215 4014 388 4082 ἶχσοιι,
417 4036 475 4075 ut
501 4021 676 4095 Ulyssi
709 4023 840 4078 dixit
867 4037 1036 4077 mater
1065 4021 1211 4097 apud
1284 4027 1572 4100 quarelam,
1589 4045 1749 4099 quam
1768 4025 2033 4092 adversum
2054 4041 2193 4092 eum,
2208 4025 2301 4097 qui

215 4097 416 4157 inferos.
439 4105 608 4158 θεοῦ.
661 4153 670 4162 .
1289 4121 1382 4158 sua
1403 4123 1571 4158 manu
1592 4103 1925 4174 interfecerit.
1953 4101 2169 4154 ἳειιειτ.
