2855 4871
555 408 642 475 88
1065 406 1156 471 M.
1204 406 1453 471 FABII
1500 405 2136 488 QUINTILIANI

561 556 844 620 eorum,
879 529 1002 628 qui
1031 529 1164 602 sibi
1194 551 1433 602 contra
1460 547 1951 600 testamentum
1974 526 2367 618 vindicant,
2402 526 2641 600 merita

559 647 886 747 proferri:
919 646 1148 719 solum
1177 645 1369 717 enim
1394 643 1512 745 jus
1546 642 1928 743 excipiunt,
1964 664 2032 716 et
2062 644 2240 716 circa
2270 643 2493 743 legem
2524 670 2641 715 ca-

559 762 1027 835 lumniantur.
1049 761 1231 852 Quoe
1248 760 1359 833 lex
1381 780 1615 831 tamen
1640 759 1865 858 qualis
1885 758 2024 832 est?
2042 786 2130 831 ne
2151 758 2352 832 liceat
2370 757 2641 833 mulieri

560 879 938 979 plusquam
987 876 1354 950 dimidiam
1401 896 1670 978 partem
1717 876 2069 950 bonorum
2106 902 2394 948 suorum
2430 874 2643 947 relin-

559 1021 792 1085 quere.
827 991 1118 1083 Etiamsi
1155 992 1382 1063 forma
1401 990 1655 1093 judicii
1688 990 1897 1065 unius
1930 1011 2066 1082 est,
2105 1010 2386 1090 apparet
2412 1011 2645 1062 tamen

559 1109 750 1183 vobis
797 1135 962 1181 cum
1004 1106 1275 1205 legibus
1317 1132 1463 1179 esse
1506 1106 1697 1179 litem
1736 1134 1751 1176 ε
1797 1132 2028 1203 quaero
2073 1105 2289 1204 igitur
2332 1103 2420 1177 ab
2466 1104 2645 1195 istiS‚

559 1245 787 1298 utram
831 1222 1122 1321 eligant,
1172 1220 1244 1292 in
1288 1248 1426 1321 qua
1460 1220 1709 1294 malint
1741 1223 2107 1295 consistere
2140 1249 2155 1293 :
2193 1246 2423 1320 neque
2456 1218 2648 1291 enim

557 1341 832 1440 litigant
855 1339 940 1412 de
965 1338 1316 1411 bonorum
1341 1358 1534 1437 parte
1548 1394 1567 1427 ‚
1588 1339 1710 1411 sed
1728 1359 1955 1412 totum
1974 1357 2279 1436 arguunt
2293 1338 2653 1409 testamen-

559 1477 757 1529 tum:
799 1454 1215 1553 incipiamus
1257 1453 1469 1553 igitur
1510 1453 1599 1525 ab
1647 1479 1763 1545 ea,
1811 1478 1964 1550 quae
2008 1452 2197 1551 prior
2236 1450 2487 1550 scripta
2530 1470 2648 1520 est.

559 1569 760 1661 Quid
783 1568 858 1640 in
881 1568 1016 1640 hac
1041 1588 1231 1668 parte
1255 1567 1648 1640 testamenti
1668 1566 1991 1639 vitiosum
2019 1564 2155 1639 est?
2176 1585 2446 1638 vetatur
2469 1562 2653 1663 plus·

559 1710 777 1784 quam
793 1682 1166 1755 dimidiam
1185 1704 1451 1782 partem
1468 1681 1820 1755 bonorum
1841 1682 2231 1781 relinquere
2246 1738 2265 1771 ‚
2282 1677 2653 1751 dimidiam

560 1818 825 1899 partem
863 1797 1266 1898 patrimonii
1312 1796 1535 1897 accipi
1555 1812 1601 1869 ¹.
1646 1798 2093 1871 Excutiemus
2135 1816 2404 1896 postea,
2447 1792 2655 1892 quale

557 1914 647 1989 sit
683 1914 896 2006 illud,
935 1913 1127 2014 quod
1167 1934 1681 2015 consequutum
1714 1936 1813 1987 est
1850 1940 1865 1985 :
1908 1913 2189 1986 interim
2220 1912 2354 1986 hoc
2380 1911 2499 2012 jus
2532 1912 2656 1982 fir—

559 2057 764 2104 mum
806 2052 1115 2129 est,·nec
1149 2031 1353 2106 everti
1401 2030 1855 2130 sequentibus
1896 2051 2140 2131 potest.
2177 2034 2272 2103 At
2312 2030 2504 2102 enim
2537 2028 2657 2131 jus

559 2146 850 2247 quidem
879 2145 999 2219 illa
1021 2147 1274 2221 habuit
1295 2147 1653 2245 capiendi:
1682 2148 1801 2220 sed
1827 2174 1942 2239 ea,
1970 2174 2123 2245 quoe
2152 2167 2387 2246 postea
2410 2144 2661 2245 scripta

564 2282 699 2353 est,
733 2287 880 2333 non
913 2260 1205 2333 habuit:
1244 2260 1497 2331 iterum
1526 2259 2003 2360 interrogabo,
2036 2258 2294 2359 quare?
2317 2259 2659 2361 quoniam

561 2367 939 2478 plusquam
979 2375 1352 2450 dimidiam
1389 2398 1655 2478 partem
1696 2376 2097 2479 patrimonii
2130 2376 2518 2477 relinquere
2550 2377 2661 2450 fe-

561 2493 773 2566 minae
821 2518 966 2565 nou
1007 2491 1237 2592 potuit
1272 2520 1286 2564 :
1336 2491 1530 2590 atqui
1575 2493 1722 2565 haec
1768 2520 2049 2593 quoque
2092 2520 2239 2565 non
2282 2492 2661 2593 plusquam

562 2608 856 2682 dimidia
883 2629 1071 2708 parte
1099 2607 1501 2707 patrimonii
1536 2607 1733 2682 heres
1768 2609 2077 2683 instituta
2112 2629 2213 2682 est
2242 2636 2258 2681 :
2298 2635 2429 2681 nec
2456 2606 2660 2680 video

564 2725 908 2797 rationem
921 2782 940 2815 ‚
962 2749 1086 2796 cur
1105 2722 1177 2795 id
1191 2780 1210 2815 ‚
1232 2722 1423 2824 quod
1443 2722 1545 2796 illi
1566 2749 1808 2822 capere
1828 2723 2053 2816 licuit,
2073 2724 2241 2796 huic
2259 2749 2407 2796 non
2424 2721 2659 2810 liceat,

562 2865 788 2936 quum
821 2838 896 2910 in
931 2837 1178 2910 eodem
1213 2838 1465 2937 scripta
1494 2838 1583 2910 sit
1607 2858 2038 2913 testamento.
2070 2837 2535 2914 Manifestum
2564 2857 2665 2908 est

562 2951 744 3024 nihil
781 2979 976 3050 posse
1010 2953 1373 3026 calumniae
1401 2952 1765 3026 admittere
1800 2954 2010 3027 verba
2052 2953 2223 3054 legis
2263 2980 2343 3026 ac
2374 2951 2612 3051 scripti
2644 2980 2661 3024 :

561 3089 757 3140 nunc
800 3067 1198 3166 peritissimi
1244 3067 1478 3140 litium
1524 3067 1847 3140 homines
1888 3068 1978 3141 ad
2022 3067 2664 3169 interpretationem

564 3206 694 3252 nos
713 3179 894 3280 juris
923 3179 1330 3252 adducunt:
1367 3208 1512 3254 non
1544 3181 1733 3255 enim
1766 3184 1951 3256 hanc
1980 3210 2121 3257 esse
2149 3183 2319 3282 legis
2340 3184 2667 3260 volunta-

559 3315 710 3369 tem
725 3352 746 3387 ,
771 3321 926 3395 quae
950 3295 1174 3367 verbis
1197 3298 1620 3390 ostendatur,
1646 3297 1860 3371 videri
1879 3298 2166 3371 volunt:
2202 3323 2507 3398 quorum
2536 3325 2667 3398 ego

567 3408 1052 3509 prudentiam,
1078 3408 1388 3510 judices,
1423 3437 1845 3511 magnopere
1878 3412 2135 3485 miror:
2171 3433 2447 3485 tantum
2470 3412 2668 3486 vice-

567 3547 734 3599 runt
757 3525 911 3600 illos
933 3527 1230 3629 majores
1249 3549 1547 3619 nostros,
1568 3527 1719 3601 illos
1744 3529 2222 3603 constitutores
2230 3529 2447 3632 juris,
2474 3527 2667 3620 illos,

567 3641 690 3743 qui
711 3641 958 3715 rudem
991 3641 1336 3715 civitatem
1363 3643 1635 3743 legibus
1665 3669 1745 3716 ac
1763 3645 1925 3746 jure
1952 3647 2349 3718 formarunt
2364 3676 2385 3736 ;
2424 3665 2505 3717 ut
2526 3643 2669 3719 hoc

565 3755 948 3859 approbare
980 3775 1351 3846 conentur,
1393 3757 1691 3830 defuisse
1732 3759 1841 3830 his
1880 3785 2277 3832 sermonem
2298 3815 2317 3848 ,
2361 3759 2671 3834 defuisse

568 3869 962 3945 consilium.
991 3871 1092 3942 Ac
1113 3869 1306 3969 prius
1325 3897 1541 3969 quam
1565 3873 1898 3946 rationem
1924 3874 2138 3974 ipsius
2158 3874 2329 3974 legis
2348 3875 2637 3948 excutio
2650 3932 2670 3965 ,

567 3985 850 4059 interim
881 3986 1016 4058 hoc
1045 3984 1234 4076 dico,
1255 3985 1566 4086 judices3
1610 3987 2268 4087 perniciosissimam
2305 4015 2447 4062 esse
2491 3989 2671 4063 civi·-

645 4145 690 4181 1.
713 4125 915 4200 Accipi.
938 4129 1146 4202 Accepi.
1172 4131 1320 4183 Ριτιι.
1343 4126 1574 4201 Accepit.
1601 4131 1821 4184 Senum
