2855 4871
669 420 788 507 178
1161 418 1256 481 M.
1305 416 1559 481 FAssn
1602 416 2247 498 QUlNTlLlANI

663 672 1823 699 mmmmmm
1830 674 2743 697 mmmmm&

1472 876 1933 953 CCXCII.

1209 1107 1525 1203 Laqueus
1560 1102 1871 1202 Olynthii
1898 1111 2199 1205 speciosi.
2310 1110 2319 1117 ’

659 1312 852 1375 Victis
878 1306 1202 1392 Olynthiis
1225 1328 1418 1388 quum
1446 1306 1524 1367 ab
1550 1304 2025 1367 Atheniensibus
2052 1306 2303 1389 publice
2328 1308 2763 1371 dividerentur

736 1408 1046 1489 hospitia,
1086 1406 1359 1487 specioso
1398 1416 1629 1486 puero¹
1670 1405 1927 1485 quidam
1962 1405 2192 1465 obtulit
2230 1404 2622 1488 hospitium:
2658 1408 2762 1467 ille

739 1526 801 1564 se
815 1518 1063 1589 postero
1088 1503 1187 1563 die
1205 1500 1556 1585 suspendit:
1584 1515 1904 1563 accusatur
1917 1501 2137 1585 hospes
2152 1547 2169 1579 ,
2189 1501 2358 1583 quod
2382 1524 2571 1563 eausa
2590 1524 2759 1564 mor·

739 1604 818 1663 tis
851 1600 1059 1661 fuerit.

1530 1732 1890 1798 SERMO.

748 1886 1014 1975 Duplex
1031 1884 1310 1976 quaestio
1329 1898 1459 1962 est,
1476 1882 1643 1974 juris
1658 1932 1675 1957 ‚
1702 1899 1770 1948 et
1788 1884 1975 1950 facti:
2000 1880 2153 1950 na'm
2180 1883 2435 1950 etiamsi
2458 1886 2563 1951 vis
2584 1884 2761 1952 illata

661 2008 762 2059 est
775 1998 820 2073 ²,
867 1994 1212 2083 quaeritur,
1257 1984 1342 2055 a'n
1383 2012 1579 2055 causa
1618 1992 1851 2057 mortis
1892 1992 2007 2071 sit;
2051 2014 2335 2081 sequens
2374 1994 2634 2081 potior,
2675 2016 2759 2059 an

657 2118 934 2191 propter
961 2100 1094 2164 vim
1115 2098 1414 2187 perierit.
1441 2097 1628 2163 Circa
1646 2096 1758 2187 jus
1783 2096 1947 2179 illud
1976 2116 2109 2177 est,
2146 2116 2219 2164 ut
2248 2100 2555 2166 finitione
2579 2116 2757 2166 trac-

659 2224 858 2273 tetur.
887 2208 950 2272 Is
976 2205 1152 2271 enim
1178 2226 1370 2270 causa
1399 2205 1631 2289 mortis
1654 2206 1837 2294 argui
1866 2203 2099 2287 debet,
2128 2206 2242 2296 qui
2272 2224 2559 2271 mortem
2588 2208 2757 2271 intu-

659 2314 771 2378 lit:
800 2336 1007 2403 quum
1027 2334 1188 2375 vero
1210 2311 1356 2400 quis
1381 2333 1497 2376 sua
1520 2333 1719 2375 manu
1748 2312 2049 2401 perierit,
2068 2336 2203 2379 non
2230 2311 2431 2378 debet
2450 2312 2585 2377 hoc
2609 2334 2757 2379 reus

661 2437 922 2486 tantum
951 2418 1182 2484 fecisse
1200 2469 1216 2501 ‚
1250 2435 1322 2484 ut
1351 2419 1499 2508 quis
1526 2402 1694 2526 rnori
1718 2419 1911 2501 velit,
1939 2418 2058 2486 sed
2092 2439 2168 2487 ut
2196 2443 2467 2487 necesse
2493 2420 2756 2488 habeat.

1365 2597 2057 2664 DECLAMATIO.

763 2735 932 2808 Vim
973 2735 1170 2807 dicor
1207 2734 1562 2808 attulissent·
1588 2737 1743 2834 quis
1790 2739 2143 2836 queritur?
2182 2765 2339 2838 qnae
2370 2739 2760 2839 proclama-

666 2853 801 2926 tio?
861 2851 1294 2952 impunitum
1344 2847 1625 2948 reliquit
1661 2880 1861 2945 eum,
1913 2876 2193 2955 propter
2237 2883 2453 2954 quem
2508 2856 2761 2928 morie-

747 3021 791 3056 ι.
808 3005 1044 3076 Speciosa
1056 3023 1231 3075 puero.
1253 3003 1675 3066 Ebu-mosomen-
1760 3031 1782 3055 α
1801 3029 1961 3080 poena
1998 3011 2285 3081 stupratori
2320 3011 2617 3062 constituta
2655 3026 2760 3078 est,

671 3081 847 3144 chius3
873 3094 924 3132 et
949 3083 1019 3134 ita
1041 3084 1096 3134 in
1122 3081 1531 3134 Declamatione.
1554 3084 1671 3136 Sca.
1761 3114 1783 3138 α
1802 3090 1967 3144 dabit.
1984 3115 2007 3140 ιι
2034 3114 2056 3138 α
2072 3091 2335 3163 Olynthiis
2354 3110 2382 3142 a
2398 3091 2650 3164 Philippo
2664 3095 2762 3144 vic-

715 3205 722 3212 -
744 3183 794 3215 2·
805 3163 864 3214 Ν
861 3181 946 3214 am
963 3162 1166 3216 etiamsi
1179 3165 1253 3215 υἰε
1267 3162 1418 3215 illata
1430 3175 1517 3216 est·
1530 3162 1675 3216 Idem
1760 3192 1782 3216 α
1803 3171 1868 3220 tis
1882 3168 2227 3224 Athenienses
2241 3171 2507 3222 civitatem
2520 3169 2761 3223 decreve-

669 3243 763 3296 lib.
789 3245 878 3307 lv,
903 3260 1020 3312 cap.
1049 3259 1076 3292 2
1094 3279 1110 3306 ‚
1135 3243 1186 3310 s.
1209 3242 1309 3294 68:
1343 3265 1364 3287 ι
1385 3245 1443 3294 ln
1468 3245 1641 3294 causis
1657 3281 1673 3309 ,
1760 3269 1782 3292 α
1802 3262 1952 3314 runt,
1972 3263 2023 3300 et
2044 3247 2273 3319 hospitia
2290 3247 2506 3320 publice
2524 3251 2761 3321 assigna·

677 3346 700 3371 a
721 3325 773 3374 in
799 3321 989 3394 quibus
1013 3338 1122 3372 non
1143 3318 1208 3371 de
1229 3320 1383 3391 culpa
1407 3323 1676 3392 qum-itur,
1764 3347 1785 3370 ιι
1806 3339 1944 3378 runt.
1990 3328 2085 3378 Hie
2124 3328 2244 3398 quia
2283 3327 2525 3398 privatim
2568 3342 2625 3378 et
2668 3327 2761 3380 soli

677 3423 700 3450 α
723 3400 816 3454 sed
853 3399 920 3452 de
957 3402 1166 3452 actione
1186 3435 1202 3462 ‚
1247 3399 1402 3450 etiam
1441 3400 1485 3450 si
1522 3411 1679 3451 erunt
1763 3425 1785 3449 α
1804 3423 1971 3476 puero
1990 3405 2200 3471 obtulit,
2212 3409 2381 3478 stupri
2396 3425 2557 3459 cansa
2574 3409 2761 3460 fecisse

679 3505 704 3529 ι
723 3495 908 3534 contra
929 3499 1028 3533 nos
1047 3479 1308 3542 themata,
1329 3477 1566 3530 confiteri
1584 3497 1677 3530 no-
1762 3504 1784 3528 α
1805 3497 2097 3536 accusatur.
2120 3509 2143 3532 n
2162 3486 2238 3536 Ex
2254 3483 2357 3536 hoc
2374 3483 2608 3538 themate
2626 3487 2761 3538 illius

683 3586 705 3610 α
725 3563 804 3615 bis
837 3561 1049 3625 licebit,
1075 3561 1356 3632 pecuniam
1382 3557 1450 3610 de
1478 3559 1675 3630 templo
1757 3579 1973 3633 quoque
2000 3561 2411 3616 Declamationis
2444 3577 2499 3615 et
2524 3565 2761 3617 Contro-

679 3667 704 3693 ι
723 3643 961 3707 sustulit,
989 3641 1082 3694 sed
1105 3643 1386 3712 privatam:
1415 3657 1527 3692 non
1555 3639 1675 3692 ideo
1754 3645 1935 3695 versiae
1956 3657 2170 3716 sumpta
2194 3646 2403 3696 occasio
2429 3643 2575 3716 apud
2600 3645 2761 3700 Sene-

681 3747 704 3774 α
724 3723 1005 3792 sacrilegus
1036 3734 1133 3772 est.
1165 3721 1431 3791 Virginem
1464 3722 1677 3792 rapuit,
1756 3739 1899 3786 cam,
1924 3721 2015 3773 lib.
2040 3723 2140 3787 111,
2159 3723 2413 3775 Contu-ov.
2436 3739 2674 3796 excerpt.
2698 3725 2728 3776 8
2742 3761 2759 3788 ‚

681 3825 703 3849 ι
723 3820 833 3855 non
873 3815 1046 3852 tamen
1085 3800 1232 3868 optio
1269 3799 1406 3870 patri
1445 3796 1675 3850 dabitur.
1756 3813 1809 3852 et
1828 3799 1919 3852 lib.
1936 3802 2011 3866 V,
2036 3803 2217 3854 Contr.
2245 3801 2331 3868 34.
2362 3803 2760 3856 Elium—Hoc

681 3886 1017 3952 «Ingenuum
1039 3881 1390 3950 stupravit‚et
1405 3893 1676 3951 stupratus
1757 3879 1934 3933 thema
1958 3878 2104 3951 quod
2134 3879 2311 3932 AErod.
2349 3879 2498 3932 Fabii
2527 3881 2655 3934 lust.
2684 3899 2761 3932 as·

683 3985 706 4010 a
727 3981 782 4014 se
803 3957 1074 4031 suspendit
1088 3979 1102 4020 ς
1118 3975 1226 4008 non
1243 3969 1416 4008 tamen
1433 3955 1554 4009 ideo
1569 3970 1678 4009 stu·
1757 3961 1881 4012 serit
1894 3997 1911 4026 ‚
1939 3957 2127 4010 nullibi
2152 3961 2415 4012 invenitur
2436 3982 2447 4010 =
2478 3979 2582 4012 nec
2606 3964 2763 4014 etiam

679 4060 702 4085 α
725 4055 906 4113 prator
943 4039 1114 4111 capite
1129 4077 1146 4105 ‚
1191 4050 1252 4088 ut
1291 4039 1475 4090 mortis
1517 4057 1678 4092 causa
1757 4051 1928 4091 totum
1962 4051 2041 4092 est
2072 4037 2309 4104 Senecae3
2352 4057 2517 4113 quem.
2548 4039 2664 4094 vide
2692 4037 2761 4092 ad

675 4142 705 4170 a
723 4123 1005 4196 punienti-3
1030 4119 1124 4175 sed
1147 4117 1332 4174 decenn
1349 4118 1541 4190 millia,
1560 4139 1676 4194 que
1755 4121 1945 4173 citatos
1971 4116 2139 4172 locos.
2166 4117 2260 4170 En.
