2855 4871
634 442 1471 509 DECLAMATIONES.
1515 442 1912 511 CCCXIII.
2189 448 2313 515 265

204 566 389 642 dicit
404 586 816 665 corruptum
834 591 977 639 esse
989 564 1368 667 judicium,
1390 592 1534 637 non
1553 586 1883 639 versatam
1905 566 2314 665 pecuniam:

204 683 312 756 ita
338 708 491 754 non
521 679 911 753 erubescis?
946 678 1303 753 homicida
1323 680 1510 753 visus
1544 708 1637 753 es.
1663 682 1779 753 Tu
1809 708 2014 782 porro
2040 702 2316 756 tantum

210 792 607 869 accusatori
643 792 995 875 irasceris?
1026 817 1173 865 non
1202 791 1392 865 idem
1421 792 1506 866 de
1538 815 1604 866 te
1618 788 1896 905 judices
1919 795 2320 869 senserunt?

208 938 369 985 non
402 908 738 983 omnium
770 907 1167 989 sententioe?

1976 1186 2321 1221 νινγνννγινι

1021 1385 1520 1464 CCCXIV.

868 1616 1027 1718 qu
1060 1630 1151 1703 te,
1180 1630 1401 1721 pater,
1431 1617 1676 1690 occidi.

212 1822 547 1884 Parricidii
580 1841 721 1881 reus
756 1816 1015 1903 paribus
1046 1820 1360 1881 sententiis
1386 1819 1708 1881 absolutus
1722 1864 1741 1897 ‚
1777 1820 1982 1883 furere
2011 1824 2198 1905 coepit
2211 1866 2229 1900 ,
2265 1834 2328 1884 et

302 1918 505 1979 dicere
530 1938 643 2000 per
664 1916 945 1977 furorem
976 1914 1365 1997 frequenter,
1390 1916 1523 1977 Eoo
1547 1936 1655 1993 τε,
1685 1938 1878 1978 runa
1892 1962 1912 1995 ‚
1935 1938 2157 1983 occini.
2190 1920 2325 1981 Ma·-

301 2018 601 2098 gistratus
620 2028 941 2097 tamquam
960 2014 1037 2075 de
1060 2013 1343 2079 confesso
1368 2013 1746 2099 supplicium
1767 2018 2056 2097 sumpsit:
2083 2036 2222 2085 reus
2238 2028 2328 2083 est

303 2113 508 2175 caedis.

1095 2230 1460 2297 SERMO.

312 2396 383 2464 Si
407 2418 539 2487 qua
564 2410 789 2476 erunt,
816 2415 966 2486 quae
988 2416 1027 2460 a
1048 2394 1247 2461 mein
1269 2392 1704 2462 divisionibus
1727 2395 2330 2462 controversiarum

224 2501 541 2572 dicantur
586 2501 858 2582 eadem,
908 2502 1325 2592 frequentius
1370 2502 1720 2592 intelligite
1764 2502 1952 2568 fieri:
1999 2503 2328 2592 primum,

221 2629 509 2705 propter
544 2613 991 2680 interventum
1030 2621 1393 2678 novorum¹
1421 2636 1437 2675 :
1479 2611 1756 2690 deinde,
1791 2627 2068 2701 propter
2099 2609 2328 2676 condi-

224 2722 491 2786 tionem
528 2719 950 2786 divisionum.
1000 2720 1169 2784 Nam
1210 2717 1318 2798 hi,
1359 2718 1476 2808 qui
1519 2734 1714 2783 antea
1759 2740 1896 2782 non
1937 2715 2328 2795 audierunt,

226 2826 631 2915 pertinentia
655 2823 741 2892 ad
768 2825 993 2914 plures
1019 2824 1498 2895 controversias
1525 2821 1776 2891 dehent
1804 2843 2236 2910 cognoscere:
2265 2838 2334 2886 et

224 2931 317 2998 ad
362 2934 707 3024 praesentis
756 2932 1047 2997 materiae
1090 2930 1570 2996 controversias
1613 2928 1779 3002 nihil
1817 2928 2120 3008 interest,
2163 2950 2333 3020 quo-

224 3037 437 3104 modo
462 3062 589 3130 ego
614 3039 975 3112 diviserim.
1006 3039 1125 3102 Est
1150 3053 1375 3102 autem
1405 3035 1778 3102 communis
1811 3058 1966 3100 cura
1999 3034 2140 3099 aliis
2174 3056 2333 3099 con-

226 3146 567 3212 troversiis
592 3143 789 3236 hujus
810 3145 1136 3211 materiae:
1169 3141 1330 3208 illud
1346 3194 1363 3224 ,
1386 3139 1568 3233 quod
1595 3164 1746 3207 reus
1770 3141 2214 3232 magistratus,
2247 3138 2332 3204 de

225 3253 419 3344 cujus
466 3235 771 3342 personae
820 3251 1137 3342 dignitate
1184 3251 1326 3317 haec
1372 3251 1515 3339 ipsa
1560 3271 1664 3315 res
1702 3251 1855 3315 satis
1897 3249 2330 3340 pronunciat:

224 3357 499 3424 videtur
540 3360 739 3423 etiam
786 3357 871 3424 de
913 3374 1210 3424 anteacta
1257 3356 1389 3424 vita
1432 3354 1739 3447 probari,
1786 3379 1866 3421 eo
1907 3352 2150 3434 mod0,
2197 3375 2330 3442 quo

226 3483 491 3532 creatus
522 3481 640 3531 est.
670 3463 1049 3532 Secundum
1076 3465 1241 3531 illud
1272 3487 1464 3554 aeque
1493 3487 1878 3544 commune,
1909 3459 2092 3553 quod
2119 3460 2332 3526 nullas

226 3575 599 3641 simultates
625 3590 967 3640 exsecutus
994 3589 1122 3653 est,
1148 3571 1394 3638 nullam
1422 3595 1608 3661 spem
1637 3594 1717 3635 ex
1735 3569 1918 3637 caede
1939 3571 2110 3661 ejus,
2134 3591 2332 3658 quern

228 3683 527 3748 occisum
568 3696 909 3746 accusator
947 3679 1286 3770 quaeritur,
1318 3680 1672 3767 concipere
1709 3677 1965 3768 potuit:
2008 3691 2076 3740 et
2111 3673 2332 3740 officio

226 3787 587 3876 impulsus,
618 3787 873 3852 etiamsi
895 3787 1119 3875 lapsus
1144 3801 1272 3866 est,
1295 3803 1552 3866 tamen,
1581 3784 1788 3850 veluti
1811 3784 1991 3872 leges
2009 3830 2025 3861 ,
2057 3779 2334 3845 consilio

308 3932 729 3984 ultime-ntum
749 3949 1016 3985 novorum.
1034 3930 1240 3985 Scilicet
1321 3931 1472 3982 detur
1491 3929 1648 3982 etiam
1675 3927 1783 3986 hoec
1807 3937 1931 3984 ante
1961 3937 2078 3978 acta
2110 3922 2220 3982 vita
2247 3942 2329 3995 pr.

225 4010 637 4083 discipulorum.
650 4009 1095 4065 Senum-Illud
1104 4010 1245 4085 quod
1320 4022 1372 4062 et
1392 4028 1482 4073 eo,
1505 4006 1686 4060 AErod.
1711 4035 1782 4048 —
1814 4003 1996 4058 Veluti
2017 4001 2180 4074 leges,
2205 4019 2333 4056 conv·

226 4111 360 4146 reus.
389 4093 461 4144 Ut
482 4091 624 4146 iuud
640 4111 693 4165 q.
720 4114 763 4146 r.
790 4093 1009 4146 Senum
1024 4121 1097 4134 -·
1112 4093 1243 4146 Hoec
1318 4089 1456 4144 silio.
1472 4089 1585 4156 An,
1603 4108 1653 4140 v.
1671 4085 1796 4160 leyis
1813 4083 2062 4150 consilio,
2078 4101 2194 4154 que
2210 4101 2336 4136 eon·

230 4174 343 4245 ipsa
368 4189 459 4224 res.
489 4171 587 4226 Res
613 4171 791 4238 deest,
818 4171 1037 4236 deinde,
1062 4171 1137 4224 At
1162 4171 1241 4223 υἱ·
1320 4171 1492 4223 fessos
1509 4167 1626 4222 vult
1640 4166 1862 4238 punire,
1875 4177 1936 4218 ut
1950 4181 2088 4218 reos.
2103 4162 2223 4218 Vid.
2241 4165 2335 4218 ini·
