2855 4871
533 424 1371 492 DECLAMATIONES.
1421 426 1867 494 CCLXXIV.
2122 434 2232 499 131

167 552 363 623 traria
393 550 504 622 lex
537 550 704 623 huic
733 548 1115 639 videretur,
1164 549 1220 619 si
1263 549 1357 624 ita
1389 550 1645 650 scripta
1686 573 1855 625 esset
1876 611 1893 644 ‚
1935 575 2032 627 Ur
2064 576 2243 628 rm,-

165 687 340 739 nmm
366 686 512 739 lc‘rl
539 685 1068 739 SEPELIRENTUR
1091 690 1107 707 ·
1139 686 1293 737 tum
1323 667 1517 737 enim
1555 667 1701 766 ipsa
1732 668 2084 767 sepultura
2106 672 2249 745 illis

165 781 483 881 assignari
525 780 904 869 videretur,
944 805 1137 851 nunc
1180 799 1452 851 'tantum
1480 780 1729 853 ‘locus'
1765 811 1779 853 :
1826 810 2003 857 num
2046 812 2248 885 porro

168 898 266 969 cui
291 896 648 997 sepultura
671 922 815 967 non
841 894 988 967 dari
1014 894 1246 985 debet,
1272 896 1598 993 assignari
1626 898 1815 971 locus
1840 899 2086 972 debet?
2111 900 2245 973 Sed

167 1036 492 1112 tyrannus
535 1013 837 1085 fulmine
872 1013 1044 1085 ictus
1086 1034 1226 1084 est:
1274 1040 1420 1083 non
1465 1013 1658 1104 dice,
1704 1042 1843 1114 quo
1885 1016 2075 1109 loc0,
2120 1044 2250 1089 nec

168 1131 383 1202 adhuc
417 1130 508 1201 ad
538 1150 899 1201 tractatum
932 1128 1142 1232 hujus
1172 1128 1447 1203 invidiae
1474 1130 1723 1203 accedo
1755 1160 1767 1201 :
1807 1130 1938 1203 hoc
1966 1133 2069 1204 illi
2100 1160 2253 1232 pro-

167 1246 374 1319 derit?
405 1248 478 1319 Si
510 1247 716 1318 nobis
737 1246 1124 1318 libertatem
1150 1244 1479 1319 humanae
1510 1274 1802 1337 manus,
1832 1270 1899 1320 et
1928 1250 2247 1323 mortalia

167 1362 444 1435 consilia
469 1363 887 1449 attulissent,
917 1362 1302 1434 traheretur
1323 1362 1628 1461 publicis
1653 1364 1983 1437 manibus
2004 1393 2251 1467 corpus

167 1503 338 1553 extra
367 1482 584 1569 fines,
620 1501 688 1552 et
717 1479 1196 1579 unusquisque
1227 1479 1583 1553 vexatione
1615 1479 2056 1581 ludibrioque
2090 1511 2254 1583 gau-

167 1595 344 1668 deret
385 1624 400 1667 :
455 1621 664 1669 nemo
711 1621 858 1667 non
903 1621 1104 1667 suam
1149 1620 1447 1669 manum
1491 1621 1674 1686 esse,
1725 1623 1877 1695 quae
1919 1598 2251 1690 traheret,

165 1736 310 1785 suas
335 1711 520 1785 vires
551 1731 866 1810 putaret:
903 1710 1243 1808 quoniam
1281 1710 1535 1783 scelera
1574 1710 1723 1811 ejus
1759 1734 1962 1813 atque
1998 1713 2255 1813 flagitia

167 1825 246 1897 ab
273 1824 440 1925 ipsis
471 1825 608 1899 diis
645 1824 1156 1899 immortalibus
1189 1824 1657 1899 condemnata
1684 1849 1883 1918 sunt,
1920 1829 2255 1925 quoniam

168 1940 564 2037 patientiam
613 1960 922 2013 nostram
967 1966 1047 2011 ac
1091 1938 1491 2011 servitutem
1540 1940 1845 2012 numina
1880 1968 2027 2013 non
2070 1944 2257 2015 tule-

169 2077 347 2146 runt,
373 2055 734 2152 continget
762 2054 864 2126 illi
892 2052 1158 2126 honor?
1181 2054 1312 2125 hoe
1333 2053 1527 2125 enim
1547 2052 1765 2125 voluit
1794 2046 1943 2145 ille,
1974 2059 2095 2155 qui
2123 2060 2257 2133 ful-

169 2198 317 2244 men
343 2170 688 2246 vibravit?
721 2171 850 2243 hoc
881 2170 1203 2269 cogitavit
1222 2226 1238 2257 ,
1269 2183 1495 2269 qu'um
1528 2171 1703 2242 illud
1734 2172 2019 2243 noxium
2047 2192 2255 2275 caput

170 2291 359 2361 sacris
387 2288 702 2361 flammis
729 2286 1051 2387 petivit2?
1078 2314 1328 2385 parum
1356 2308 1500 2358 erat
1531 2288 1800 2385 sepeliri
1830 2288 2212 2387 tytannum
2232 2349 2251 2381 ,

167 2407 286 2480 nisi
308 2407 385 2480 in
400 2407 555 2480 foro
577 2405 784 2479 etiam
807 2402 1252 2504 sepeliretur?
1271 2404 1604 2494 Quonam
1627 2406 1769 2477 fato
1792 2432 1917 2504 ego
1940 2430 2247 2480 nostram

169 2521 536 2612 civitatem,
553 2519 860 2622 judices,
887 2519 1273 2591 laborasse
1257 2546 1330 2589 1n
1357 2519 1479 2590 illo
1502 2519 1789 2591 homine
1808 2521 2252 2612 crediderim,

169 2636 217 2706 si
256 2657 496 2734 praeter
535 2661 654 2722 ea,
689 2661 844 2732 quae
887 2633 1208 2706 adversus
1250 2660 1378 2704 nos
1420 2629 1728 2734 singulos
1764 2637 2256 2733 universosque

165 2752 360 2840 fecit,
393 2773 661 2850 partem
683 2750 1258 2851 speciosissimam
1287 2739 1609 2838 civitatis,
1641 2772 1706 2821 et
1733 2749 2255 2824 celeberrimam

168 2863 364 2938 nohis
397 2863 744 2937 ablaturus
779 2862 944 2936 est3.
989 2863 1059 2935 Si
1094 2863 1491 2934 mehercule
1526 2807 1778 2962 aliquis
1814 2864 2118 2938 liberalis
2152 2865 2255 2937 ci-

167 2981 286 3078 vis,
317 2980 540 3052 immo
561 2980 618 3052 si
637 2979 900 3080 optime
922 2979 1211 3052 meritus
1240 2979 1312 3049 in
1337 2977 1491 3082 foro
1521 2977 1819 3050 fulmine
1849 3002 2020 3053 esset
2048 2981 2220 3054 ictus
2232 3013 2254 3074 ;

148 3097 461 3172 ‘dicerem
478 3119 716 3170 tamen
735 3097 1138 3198 excipienda
1153 3095 1497 3196 quaedam.
1520 3099 1749 3168 Immo
1766 3123 1993 3194 neque
2012 3126 2257 3171 omnes

171 3241 348 3286 casus
395 3213 759 3313 providere
811 3211 1295 3312 legumlatores
1342 3233 1718 3311 potuerunt
1758 3241 1771 3283 :
1825 3240 1955 3284 nec
1998 3214 2257 3314 templa

172 3348 438 3428 excepta
469 3327 711 3400 sunt4:
749 3329 1020 3419 forum,
1066 3328 1257 3426 quod
1299 3326 1472 3398 mihi
1509 3323 1855 3426 templum
1898 3329 2253 3436 queddam

237 3535 280 3570 1.
303 3517 468 3570 Nunc
491 3527 696 3572 tantum
723 3519 880 3571 locus.
903 3521 1030 3572 Non
1043 3557 1060 3584 ,
1078 3535 1168 3570 vo·
1243 3515 1445 3588 aliquid
1474 3515 1690 3568 deesse:
1716 3515 1926 3568 videtur
1948 3517 2089 3570 euim
2110 3515 2261 3568 dice-

172 3598 301 3651 lebat
315 3601 586 3652 Francius.
607 3603 780 3666 Num,
801 3620 966 3672 marg.
984 3600 1164 3654 AErod.
1245 3615 1334 3660 re,
1361 3599 1531 3666 Lege,
1558 3615 1664 3666 qua
1693 3599 1891 3668 agitur,
1921 3597 2116 3668 templa
2142 3601 2263 3670 qui-

175 3681 258 3750 qui
277 3681 331 3732 in
351 3693 528 3746 textu,
553 3698 678 3732 non.
1249 3673 1374 3728 dem
1389 3677 1699 3726 annuatim
1716 3690 1935 3746 excepta
1948 3677 2133 3739 fuisse,
2150 3694 2258 3727 non

241 3775 286 3809 2.
312 3759 522 3811 petivit.
551 3761 796 3832 Proprie,
813 3759 936 3812 vide
956 3771 1070 3811 not.
1101 3759 1172 3812 ad
1249 3758 1426 3808 summ
1460 3757 1629 3808 aliave
1662 3756 1970 3826 hujusmodi
2001 3755 2119 3808 loca
2156 3775 2261 3826 pu-

175 3834 320 3888 ovid.
341 3839 524 3890 Amor.
549 3839 732 3906 m,3,
757 3839 842 3909 37.
1250 3838 1429 3890 blica:
1472 3851 1523 3890 at
1562 3841 1619 3890 in
1654 3841 1811 3904 fot-o,
1852 3851 2095 3912 pugnare
2136 3837 2265 3907 legis

239 3915 290 3967 3.
311 3915 594 3970 Ablatums
615 3931 708 3970 est.
739 3918 876 3987 Quia
903 3917 1175 3982 bidental,
1252 3921 1623 3991 exceptionem
1638 3957 1653 3986 ,
1668 3913 1801 3992 'quia
1819 3919 2006 3990 templi
2026 3917 2147 3969 loco
2171 3931 2268 3970 est.

177 4007 229 4045 et
247 3997 314 4046 ita
336 3997 670 4064 inaccensum
694 3997 932 4048 futurum
957 4012 1098 4050 erat.
1255 4004 1374 4054 Jahn
1397 4021 1552 4066 vero,
1577 3993 1776 4073 infinit,
1802 4003 1845 4052 si
1867 3999 1941 4050 ibi
1967 3999 2277 4069 sepeliatur,

245 4073 292 4140 4
317 4077 426 4128 Nee
449 4075 649 4148 templa
676 4089 886 4148 excepta
914 4089 1048 4129 sunt.
1075 4080 1180 4130 Ve-
1257 4083 1561 4134 amittemus
1596 4081 1811 4144 locum,
1848 4093 1902 4132 et
1934 4080 2070 4148 juris
2110 4080 2277 4130 nostri

183 4151 382 4208 nisinffle
417 4169 498 4208 αι
536 4167 663 4227 pou
697 4174 794 4208 nec
827 4154 1178 4228 particulam,
1259 4179 1373 4214 esse
1393 4160 1627 4212 desinet:
1655 4177 1777 4210 nam
1800 4175 1861 4210 ex
1889 4155 2107 4228 publico
2136 4171 2276 4220 com·

1974 4263 2023 4314 9.
