<?xml version="1.0" encoding="UTF-8"?>
<!DOCTYPE html PUBLIC "-//W3C//DTD XHTML 1.0 Transitional//EN"
    "http://www.w3.org/TR/xhtml1/DTD/xhtml1-transitional.dtd">
<html xmlns="http://www.w3.org/1999/xhtml" xml:lang="en" lang="en">
 <head>
  <title>
</title>
<meta http-equiv="Content-Type" content="text/html;charset=utf-8" />
  <meta name='ocr-system' content='tesseract 3.04.00' />
  <meta name='ocr-capabilities' content='ocr_page ocr_carea ocr_par ocr_line ocrx_word'/>
</head>
<body>
  <div class='ocr_page' id='page_1' title='image "./marcusfabiusqui06spalgoog_0135.png"; bbox 0 0 2855 4871; ppageno 0'>
   <div class='ocr_carea' id='block_1_1' title="bbox 608 422 732 489">
    <p class='ocr_par' dir='ltr' id='par_1_1' title="bbox 608 422 732 489">
     <span class='ocr_line' id='line_1_1' title="bbox 608 422 732 489; baseline -0.016 0"><span class='ocrx_word' id='word_1_1' title='bbox 608 422 732 489; x_wconf 74' lang='lat'>126</span> 
     </span>
    </p>
   </div>
   <div class='ocr_carea' id='block_1_2' title="bbox 1107 418 2181 502">
    <p class='ocr_par' dir='ltr' id='par_1_2' title="bbox 1107 418 2181 502">
     <span class='ocr_line' id='line_1_2' title="bbox 1107 418 2181 502; baseline 0.001 -18"><span class='ocrx_word' id='word_1_2' title='bbox 1107 420 1202 484; x_wconf 77' lang='lat' dir='ltr'>M.</span> <span class='ocrx_word' id='word_1_3' title='bbox 1249 420 1499 483; x_wconf 75' lang='lat' dir='ltr'>FABII</span> <span class='ocrx_word' id='word_1_4' title='bbox 1543 418 2181 502; x_wconf 76' lang='lat' dir='ltr'><strong>QUINTILIANI</strong></span> 
     </span>
    </p>
   </div>
   <div class='ocr_carea' id='block_1_3' title="bbox 588 538 2663 2142">
    <p class='ocr_par' dir='ltr' id='par_1_3' title="bbox 588 538 2663 2142">
     <span class='ocr_line' id='line_1_3' title="bbox 601 538 2659 639; baseline 0.001 -24"><span class='ocrx_word' id='word_1_5' title='bbox 601 538 1198 639; x_wconf 73' lang='lat' dir='ltr'>consumpsimus,</span> <span class='ocrx_word' id='word_1_6' title='bbox 1231 566 1376 613; x_wconf 86' lang='lat' dir='ltr'>non</span> <span class='ocrx_word' id='word_1_7' title='bbox 1409 538 1487 611; x_wconf 87' lang='lat' dir='ltr'>in</span> <span class='ocrx_word' id='word_1_8' title='bbox 1516 540 1745 613; x_wconf 84' lang='lat' dir='ltr'>ullum</span> <span class='ocrx_word' id='word_1_9' title='bbox 1782 564 2017 614; x_wconf 68' lang='lat' dir='ltr'>rerum</span> <span class='ocrx_word' id='word_1_10' title='bbox 2050 563 2441 615; x_wconf 79' lang='lat' dir='ltr'>nostrarum</span> <span class='ocrx_word' id='word_1_11' title='bbox 2478 568 2659 617; x_wconf 84' lang='lat' dir='ltr'>nsum</span> 
     </span>
     <span class='ocr_line' id='line_1_4' title="bbox 599 634 2659 761; baseline 0.001 -30"><span class='ocrx_word' id='word_1_12' title='bbox 599 656 1062 731; x_wconf 75' lang='lat' dir='ltr'>convertimus</span> <span class='ocrx_word' id='word_1_13' title='bbox 1095 684 1114 726; x_wconf 89' lang='lat'>:</span> <span class='ocrx_word' id='word_1_14' title='bbox 1159 655 1366 729; x_wconf 88' lang='lat' dir='ltr'>etiam</span> <span class='ocrx_word' id='word_1_15' title='bbox 1409 634 1633 753; x_wconf 78' lang='lat' dir='ltr'>qtium</span> <span class='ocrx_word' id='word_1_16' title='bbox 1680 658 1863 731; x_wconf 86' lang='lat' dir='ltr'>istud</span> <span class='ocrx_word' id='word_1_17' title='bbox 1908 660 2299 758; x_wconf 82' lang='lat' dir='ltr'>periculum</span> <span class='ocrx_word' id='word_1_18' title='bbox 2338 682 2437 733; x_wconf 83' lang='lat' dir='ltr'>est</span> <span class='ocrx_word' id='word_1_19' title='bbox 2468 687 2659 761; x_wconf 82' lang='lat' dir='ltr'>spon-</span> 
     </span>
     <span class='ocr_line' id='line_1_5' title="bbox 601 773 2660 867; baseline 0.001 -20"><span class='ocrx_word' id='word_1_20' title='bbox 601 774 802 863; x_wconf 84' lang='lat' dir='ltr'>soris,</span> <span class='ocrx_word' id='word_1_21' title='bbox 839 773 1230 847; x_wconf 73' lang='lat' dir='ltr'>miserabile</span> <span class='ocrx_word' id='word_1_22' title='bbox 1253 794 1390 861; x_wconf 78' lang='lat' dir='ltr'>est,</span> <span class='ocrx_word' id='word_1_23' title='bbox 1422 774 1724 847; x_wconf 80' lang='lat' dir='ltr'>bonitate</span> <span class='ocrx_word' id='word_1_24' title='bbox 1752 776 2031 867; x_wconf 78' lang='lat' dir='ltr'>labitur,</span> <span class='ocrx_word' id='word_1_25' title='bbox 2064 777 2499 849; x_wconf 71' lang='lat' dir='ltr'>humanitate</span> <span class='ocrx_word' id='word_1_26' title='bbox 2522 802 2660 849; x_wconf 75' lang='lat' dir='ltr'>eon-</span> 
     </span>
     <span class='ocr_line' id='line_1_6' title="bbox 602 889 2657 991; baseline 0.001 -29"><span class='ocrx_word' id='word_1_27' title='bbox 602 889 834 963; x_wconf 79' lang='lat' dir='ltr'>turbat</span> <span class='ocrx_word' id='word_1_28' title='bbox 859 904 905 960; x_wconf 90' lang='lat'>¹.</span> <span class='ocrx_word' id='word_1_29' title='bbox 941 891 1094 961; x_wconf 83' lang='lat' dir='ltr'>Hoc</span> <span class='ocrx_word' id='word_1_30' title='bbox 1125 915 1266 988; x_wconf 85' lang='lat' dir='ltr'>qun</span> <span class='ocrx_word' id='word_1_31' title='bbox 1308 889 1641 988; x_wconf 74' lang='lat' dir='ltr'>pertinet?</span> <span class='ocrx_word' id='word_1_32' title='bbox 1687 914 1831 963; x_wconf 78' lang='lat' dir='ltr'>non</span> <span class='ocrx_word' id='word_1_33' title='bbox 1876 910 1953 963; x_wconf 85' lang='lat' dir='ltr'>ut</span> <span class='ocrx_word' id='word_1_34' title='bbox 1985 912 2425 991; x_wconf 76' lang='lat' dir='ltr'>extorqueam</span> <span class='ocrx_word' id='word_1_35' title='bbox 2454 895 2657 984; x_wconf 81' lang='lat' dir='ltr'>vobis,</span> 
     </span>
     <span class='ocr_line' id='line_1_7' title="bbox 588 1004 2661 1106; baseline -0.001 -27"><span class='ocrx_word' id='word_1_36' title='bbox 588 1004 910 1106; x_wconf 78' lang='lat' dir='ltr'>judices,</span> <span class='ocrx_word' id='word_1_37' title='bbox 961 1004 1418 1102; x_wconf 78' lang='lat' dir='ltr'>religionem3</span> <span class='ocrx_word' id='word_1_38' title='bbox 1476 1004 1598 1078; x_wconf 75' lang='lat' dir='ltr'>sed</span> <span class='ocrx_word' id='word_1_39' title='bbox 1662 1026 1739 1077; x_wconf 85' lang='lat' dir='ltr'>ut</span> <span class='ocrx_word' id='word_1_40' title='bbox 1786 1006 2181 1105; x_wconf 75' lang='lat' dir='ltr'>intelligatis</span> <span class='ocrx_word' id='word_1_41' title='bbox 2208 1064 2227 1095; x_wconf 92' lang='lat'>‚</span> <span class='ocrx_word' id='word_1_42' title='bbox 2278 1008 2469 1105; x_wconf 79' lang='lat' dir='ltr'>quod</span> <span class='ocrx_word' id='word_1_43' title='bbox 2527 1029 2661 1106; x_wconf 80' lang='lat' dir='ltr'>pro—</span> 
     </span>
     <span class='ocr_line' id='line_1_8' title="bbox 597 1119 2663 1223; baseline 0.001 -30"><span class='ocrx_word' id='word_1_44' title='bbox 597 1121 772 1195; x_wconf 86' lang='lat' dir='ltr'>fecto</span> <span class='ocrx_word' id='word_1_45' title='bbox 803 1119 1242 1218; x_wconf 63' lang='lat' dir='ltr'>cognoscitis,</span> <span class='ocrx_word' id='word_1_46' title='bbox 1279 1146 1420 1193; x_wconf 86' lang='lat' dir='ltr'>non</span> <span class='ocrx_word' id='word_1_47' title='bbox 1456 1146 1599 1193; x_wconf 80' lang='lat' dir='ltr'>esse</span> <span class='ocrx_word' id='word_1_48' title='bbox 1640 1122 2065 1221; x_wconf 74' lang='lat' dir='ltr'>erigendum</span> <span class='ocrx_word' id='word_1_49' title='bbox 2106 1150 2147 1195; x_wconf 88' lang='lat' dir='ltr'>a</span> <span class='ocrx_word' id='word_1_50' title='bbox 2180 1144 2509 1223; x_wconf 83' lang='lat' dir='ltr'>sponsore</span> <span class='ocrx_word' id='word_1_51' title='bbox 2536 1143 2663 1195; x_wconf 79' lang='lat' dir='ltr'>cre-</span> 
     </span>
     <span class='ocr_line' id='line_1_9' title="bbox 599 1234 2658 1337; baseline 0 -30"><span class='ocrx_word' id='word_1_52' title='bbox 599 1234 860 1323; x_wconf 81' lang='lat' dir='ltr'>ditum,</span> <span class='ocrx_word' id='word_1_53' title='bbox 903 1234 1037 1307; x_wconf 82' lang='lat' dir='ltr'>nisi</span> <span class='ocrx_word' id='word_1_54' title='bbox 1073 1234 1238 1335; x_wconf 77' lang='lat' dir='ltr'>jure</span> <span class='ocrx_word' id='word_1_55' title='bbox 1275 1238 1577 1309; x_wconf 63' lang='lat' dir='ltr'>ummo.</span> <span class='ocrx_word' id='word_1_56' title='bbox 1624 1240 1728 1309; x_wconf 89' lang='lat' dir='ltr'>De</span> <span class='ocrx_word' id='word_1_57' title='bbox 1770 1264 1919 1336; x_wconf 84' lang='lat' dir='ltr'>quo</span> <span class='ocrx_word' id='word_1_58' title='bbox 1960 1238 2369 1337; x_wconf 73' lang='lat' dir='ltr'>priusquam</span> <span class='ocrx_word' id='word_1_59' title='bbox 2402 1238 2658 1337; x_wconf 73' lang='lat' dir='ltr'>loquor,</span> 
     </span>
     <span class='ocr_line' id='line_1_10' title="bbox 599 1350 2661 1453; baseline 0.001 -31"><span class='ocrx_word' id='word_1_60' title='bbox 599 1350 984 1423; x_wconf 81' lang='lat' dir='ltr'>etiamnum</span> <span class='ocrx_word' id='word_1_61' title='bbox 1015 1376 1132 1444; x_wconf 86' lang='lat' dir='ltr'>ea,</span> <span class='ocrx_word' id='word_1_62' title='bbox 1163 1377 1316 1450; x_wconf 74' lang='lat' dir='ltr'>quae</span> <span class='ocrx_word' id='word_1_63' title='bbox 1348 1352 1803 1427; x_wconf 81' lang='lat' dir='ltr'>humanitatis</span> <span class='ocrx_word' id='word_1_64' title='bbox 1826 1374 1895 1427; x_wconf 85' lang='lat' dir='ltr'>et</span> <span class='ocrx_word' id='word_1_65' title='bbox 1916 1354 2441 1427; x_wconf 75' lang='lat' dir='ltr'>consuetudinis</span> <span class='ocrx_word' id='word_1_66' title='bbox 2469 1355 2661 1453; x_wconf 75' lang='lat' dir='ltr'>gratia</span> 
     </span>
     <span class='ocr_line' id='line_1_11' title="bbox 597 1464 2657 1569; baseline 0.002 -33"><span class='ocrx_word' id='word_1_67' title='bbox 597 1464 738 1537; x_wconf 87' lang='lat' dir='ltr'>dici</span> <span class='ocrx_word' id='word_1_68' title='bbox 783 1464 1003 1537; x_wconf 83' lang='lat' dir='ltr'>solent</span> <span class='ocrx_word' id='word_1_69' title='bbox 1023 1522 1042 1555; x_wconf 91' lang='lat'>‚</span> <span class='ocrx_word' id='word_1_70' title='bbox 1095 1492 1240 1538; x_wconf 81' lang='lat' dir='ltr'>non</span> <span class='ocrx_word' id='word_1_71' title='bbox 1282 1467 1543 1541; x_wconf 68' lang='lat' dir='ltr'>omitto.</span> <span class='ocrx_word' id='word_1_72' title='bbox 1598 1466 2003 1542; x_wconf 76' lang='lat' dir='ltr'>Debitorem</span> <span class='ocrx_word' id='word_1_73' title='bbox 2050 1469 2405 1569; x_wconf 75' lang='lat' dir='ltr'>appellasti</span> <span class='ocrx_word' id='word_1_74' title='bbox 2446 1498 2460 1540; x_wconf 92' lang='lat'>:</span> <span class='ocrx_word' id='word_1_75' title='bbox 2517 1492 2657 1541; x_wconf 80' lang='lat' dir='ltr'>cum</span> 
     </span>
     <span class='ocr_line' id='line_1_12' title="bbox 599 1579 2662 1683; baseline 0.002 -34"><span class='ocrx_word' id='word_1_76' title='bbox 599 1579 786 1678; x_wconf 76' lang='lat' dir='ltr'>ipso,</span> <span class='ocrx_word' id='word_1_77' title='bbox 835 1580 949 1651; x_wconf 81' lang='lat' dir='ltr'>cui</span> <span class='ocrx_word' id='word_1_78' title='bbox 983 1580 1274 1654; x_wconf 83' lang='lat' dir='ltr'>dederas</span> <span class='ocrx_word' id='word_1_79' title='bbox 1315 1583 1724 1681; x_wconf 83' lang='lat' dir='ltr'>pecuniam,</span> <span class='ocrx_word' id='word_1_80' title='bbox 1768 1582 2008 1683; x_wconf 77' lang='lat' dir='ltr'>egisti:</span> <span class='ocrx_word' id='word_1_81' title='bbox 2058 1610 2201 1657; x_wconf 84' lang='lat' dir='ltr'>non</span> <span class='ocrx_word' id='word_1_82' title='bbox 2250 1585 2441 1656; x_wconf 85' lang='lat' dir='ltr'>enim</span> <span class='ocrx_word' id='word_1_83' title='bbox 2488 1584 2662 1655; x_wconf 83' lang='lat' dir='ltr'>aliter</span> 
     </span>
     <span class='ocr_line' id='line_1_13' title="bbox 597 1692 2655 1797; baseline 0.001 -30"><span class='ocrx_word' id='word_1_84' title='bbox 597 1693 780 1767; x_wconf 81' lang='lat' dir='ltr'>salvo</span> <span class='ocrx_word' id='word_1_85' title='bbox 799 1694 1068 1794; x_wconf 83' lang='lat' dir='ltr'>pudore</span> <span class='ocrx_word' id='word_1_86' title='bbox 1085 1692 1172 1769; x_wconf 86' lang='lat' dir='ltr'>ad</span> <span class='ocrx_word' id='word_1_87' title='bbox 1193 1722 1597 1797; x_wconf 82' lang='lat' dir='ltr'>sponsorem</span> <span class='ocrx_word' id='word_1_88' title='bbox 1618 1700 1809 1775; x_wconf 86' lang='lat' dir='ltr'>venit</span> <span class='ocrx_word' id='word_1_89' title='bbox 1828 1702 2153 1791; x_wconf 76' lang='lat' dir='ltr'>creditor,</span> <span class='ocrx_word' id='word_1_90' title='bbox 2173 1726 2390 1797; x_wconf 86' lang='lat' dir='ltr'>quam</span> <span class='ocrx_word' id='word_1_91' title='bbox 2418 1701 2475 1772; x_wconf 88' lang='lat' dir='ltr'>si</span> <span class='ocrx_word' id='word_1_92' title='bbox 2508 1700 2655 1771; x_wconf 83' lang='lat' dir='ltr'>reci-</span> 
     </span>
     <span class='ocr_line' id='line_1_14' title="bbox 597 1809 2656 1915; baseline 0 -35"><span class='ocrx_word' id='word_1_93' title='bbox 597 1834 759 1907; x_wconf 88' lang='lat' dir='ltr'>pere</span> <span class='ocrx_word' id='word_1_94' title='bbox 774 1837 814 1881; x_wconf 88' lang='lat' dir='ltr'>a</span> <span class='ocrx_word' id='word_1_95' title='bbox 828 1809 1134 1883; x_wconf 85' lang='lat' dir='ltr'>debitore</span> <span class='ocrx_word' id='word_1_96' title='bbox 1150 1839 1294 1883; x_wconf 89' lang='lat' dir='ltr'>non</span> <span class='ocrx_word' id='word_1_97' title='bbox 1309 1815 1541 1912; x_wconf 84' lang='lat' dir='ltr'>possit.</span> <span class='ocrx_word' id='word_1_98' title='bbox 1556 1814 1953 1886; x_wconf 86' lang='lat' dir='ltr'>Inhumane</span> <span class='ocrx_word' id='word_1_99' title='bbox 1972 1814 2205 1912; x_wconf 72' lang='lat' dir='ltr'>exigis,</span> <span class='ocrx_word' id='word_1_100' title='bbox 2224 1814 2475 1915; x_wconf 81' lang='lat' dir='ltr'>injuste</span> <span class='ocrx_word' id='word_1_101' title='bbox 2486 1812 2656 1911; x_wconf 81' lang='lat' dir='ltr'>petis:</span> 
     </span>
     <span class='ocr_line' id='line_1_15' title="bbox 597 1926 2659 2029; baseline 0.001 -33"><span class='ocrx_word' id='word_1_102' title='bbox 597 1926 969 2024; x_wconf 86' lang='lat' dir='ltr'>pecuniam</span> <span class='ocrx_word' id='word_1_103' title='bbox 1007 1955 1219 2027; x_wconf 86' lang='lat' dir='ltr'>quam</span> <span class='ocrx_word' id='word_1_104' title='bbox 1257 1930 1677 2017; x_wconf 82' lang='lat' dir='ltr'>credideras,</span> <span class='ocrx_word' id='word_1_105' title='bbox 1716 1930 2067 2029; x_wconf 86' lang='lat' dir='ltr'>recepisti:</span> <span class='ocrx_word' id='word_1_106' title='bbox 2104 1930 2283 2001; x_wconf 88' lang='lat' dir='ltr'>nihil</span> <span class='ocrx_word' id='word_1_107' title='bbox 2312 1957 2467 2001; x_wconf 85' lang='lat' dir='ltr'>mea</span> <span class='ocrx_word' id='word_1_108' title='bbox 2498 1930 2659 1999; x_wconf 89' lang='lat' dir='ltr'>inte-</span> 
     </span>
     <span class='ocr_line' id='line_1_16' title="bbox 599 2041 2657 2142; baseline 0.001 -32"><span class='ocrx_word' id='word_1_109' title='bbox 599 2059 766 2129; x_wconf 86' lang='lat' dir='ltr'>rest,</span> <span class='ocrx_word' id='word_1_110' title='bbox 790 2067 929 2139; x_wconf 88' lang='lat' dir='ltr'>qua</span> <span class='ocrx_word' id='word_1_111' title='bbox 945 2041 1054 2113; x_wconf 85' lang='lat' dir='ltr'>via</span> <span class='ocrx_word' id='word_1_112' title='bbox 1077 2042 1426 2141; x_wconf 87' lang='lat' dir='ltr'>quidquid</span> <span class='ocrx_word' id='word_1_113' title='bbox 1452 2060 1549 2115; x_wconf 87' lang='lat' dir='ltr'>est</span> <span class='ocrx_word' id='word_1_114' title='bbox 1572 2044 1751 2115; x_wconf 87' lang='lat' dir='ltr'>istud</span> <span class='ocrx_word' id='word_1_115' title='bbox 1770 2098 1788 2131; x_wconf 93' lang='lat'>,</span> <span class='ocrx_word' id='word_1_116' title='bbox 1813 2044 2001 2142; x_wconf 88' lang='lat' dir='ltr'>quod</span> <span class='ocrx_word' id='word_1_117' title='bbox 2026 2071 2066 2115; x_wconf 88' lang='lat' dir='ltr'>a</span> <span class='ocrx_word' id='word_1_118' title='bbox 2090 2065 2153 2116; x_wconf 87' lang='lat' dir='ltr'>te</span> <span class='ocrx_word' id='word_1_119' title='bbox 2179 2044 2265 2115; x_wconf 88' lang='lat' dir='ltr'>ad</span> <span class='ocrx_word' id='word_1_120' title='bbox 2297 2043 2657 2115; x_wconf 89' lang='lat' dir='ltr'>debitorem</span> 
     </span>
    </p>
   </div>
   <div class='ocr_carea' id='block_1_4' title="bbox 594 2209 1600 3087">
    <p class='ocr_par' dir='ltr' id='par_1_4' title="bbox 594 2209 1600 3087">
     <span class='ocr_line' id='line_1_17' title="bbox 673 2209 1599 2277; baseline 0.005 -19"><span class='ocrx_word' id='word_1_121' title='bbox 673 2224 717 2260; x_wconf 88' lang='lat'>1.</span> <span class='ocrx_word' id='word_1_122' title='bbox 753 2209 992 2261; x_wconf 79' lang='lat' dir='ltr'>Bonitate</span> <span class='ocrx_word' id='word_1_123' title='bbox 1025 2210 1235 2277; x_wconf 75' lang='lat' dir='ltr'>labitur,</span> <span class='ocrx_word' id='word_1_124' title='bbox 1271 2210 1599 2263; x_wconf 63' lang='lat' dir='ltr'>humanitate</span> 
     </span>
     <span class='ocr_line' id='line_1_18' title="bbox 596 2290 1597 2362; baseline 0.004 -22"><span class='ocrx_word' id='word_1_125' title='bbox 596 2290 880 2341; x_wconf 76' lang='lat' dir='ltr'>conturbat.</span> <span class='ocrx_word' id='word_1_126' title='bbox 918 2292 1097 2359; x_wconf 88' lang='lat' dir='ltr'>Quum</span> <span class='ocrx_word' id='word_1_127' title='bbox 1133 2294 1362 2362; x_wconf 82' lang='lat' dir='ltr'>pecunia</span> <span class='ocrx_word' id='word_1_128' title='bbox 1397 2292 1597 2344; x_wconf 87' lang='lat' dir='ltr'>credita</span> 
     </span>
     <span class='ocr_line' id='line_1_19' title="bbox 597 2366 1598 2442; baseline 0.003 -23"><span class='ocrx_word' id='word_1_129' title='bbox 597 2366 666 2419; x_wconf 80' lang='lat' dir='ltr'>ad</span> <span class='ocrx_word' id='word_1_130' title='bbox 689 2371 956 2441; x_wconf 83' lang='lat' dir='ltr'>sponsoris</span> <span class='ocrx_word' id='word_1_131' title='bbox 981 2369 1367 2442; x_wconf 84' lang='lat' dir='ltr'>fidejussorisve</span> <span class='ocrx_word' id='word_1_132' title='bbox 1389 2372 1598 2442; x_wconf 85' lang='lat' dir='ltr'>pericu·</span> 
     </span>
     <span class='ocr_line' id='line_1_20' title="bbox 595 2449 1595 2524; baseline 0.003 -23"><span class='ocrx_word' id='word_1_133' title='bbox 595 2449 706 2501; x_wconf 90' lang='lat' dir='ltr'>lum</span> <span class='ocrx_word' id='word_1_134' title='bbox 737 2451 994 2522; x_wconf 83' lang='lat' dir='ltr'>pertinet,</span> <span class='ocrx_word' id='word_1_135' title='bbox 1023 2449 1130 2503; x_wconf 88' lang='lat' dir='ltr'>hoc</span> <span class='ocrx_word' id='word_1_136' title='bbox 1157 2453 1362 2523; x_wconf 82' lang='lat' dir='ltr'>ipsum,</span> <span class='ocrx_word' id='word_1_137' title='bbox 1391 2455 1595 2524; x_wconf 76' lang='lat' dir='ltr'>inquit,</span> 
     </span>
     <span class='ocr_line' id='line_1_21' title="bbox 595 2528 1600 2602; baseline 0.003 -22"><span class='ocrx_word' id='word_1_138' title='bbox 595 2528 891 2581; x_wconf 81' lang='lat' dir='ltr'>miserabile</span> <span class='ocrx_word' id='word_1_139' title='bbox 927 2543 1041 2582; x_wconf 88' lang='lat' dir='ltr'>est:</span> <span class='ocrx_word' id='word_1_140' title='bbox 1083 2531 1172 2602; x_wconf 85' lang='lat' dir='ltr'>qui</span> <span class='ocrx_word' id='word_1_141' title='bbox 1215 2533 1338 2602; x_wconf 89' lang='lat' dir='ltr'>quia</span> <span class='ocrx_word' id='word_1_142' title='bbox 1381 2532 1600 2583; x_wconf 89' lang='lat' dir='ltr'>nimium</span> 
     </span>
     <span class='ocr_line' id='line_1_22' title="bbox 594 2609 1599 2682; baseline -0.002 -15"><span class='ocrx_word' id='word_1_143' title='bbox 594 2609 804 2678; x_wconf 83' lang='lat' dir='ltr'>bonus,</span> <span class='ocrx_word' id='word_1_144' title='bbox 827 2610 1094 2664; x_wconf 75' lang='lat' dir='ltr'>beneficus</span> <span class='ocrx_word' id='word_1_145' title='bbox 1114 2632 1181 2665; x_wconf 76' lang='lat' dir='ltr'>ac</span> <span class='ocrx_word' id='word_1_146' title='bbox 1207 2613 1439 2668; x_wconf 78' lang='lat' dir='ltr'>liberalis</span> <span class='ocrx_word' id='word_1_147' title='bbox 1467 2616 1599 2682; x_wconf 67' lang='lat' dir='ltr'>fuit,</span> 
     </span>
     <span class='ocr_line' id='line_1_23' title="bbox 594 2692 1598 2761; baseline 0.005 -17"><span class='ocrx_word' id='word_1_148' title='bbox 594 2692 713 2746; x_wconf 88' lang='lat' dir='ltr'>ideo</span> <span class='ocrx_word' id='word_1_149' title='bbox 748 2693 1088 2748; x_wconf 83' lang='lat' dir='ltr'>facultatibus</span> <span class='ocrx_word' id='word_1_150' title='bbox 1123 2694 1346 2761; x_wconf 79' lang='lat' dir='ltr'>labitur,</span> <span class='ocrx_word' id='word_1_151' title='bbox 1379 2708 1435 2748; x_wconf 89' lang='lat' dir='ltr'>et</span> <span class='ocrx_word' id='word_1_152' title='bbox 1465 2715 1598 2750; x_wconf 88' lang='lat' dir='ltr'>con-</span> 
     </span>
     <span class='ocr_line' id='line_1_24' title="bbox 595 2773 1599 2844; baseline 0.005 -20"><span class='ocrx_word' id='word_1_153' title='bbox 595 2773 798 2841; x_wconf 87' lang='lat' dir='ltr'>turbat,</span> <span class='ocrx_word' id='word_1_154' title='bbox 822 2794 932 2827; x_wconf 89' lang='lat' dir='ltr'>non</span> <span class='ocrx_word' id='word_1_155' title='bbox 954 2773 1024 2828; x_wconf 93' lang='lat' dir='ltr'>ob</span> <span class='ocrx_word' id='word_1_156' title='bbox 1044 2795 1195 2830; x_wconf 88' lang='lat' dir='ltr'>suum</span> <span class='ocrx_word' id='word_1_157' title='bbox 1217 2773 1481 2844; x_wconf 85' lang='lat' dir='ltr'>debitum,</span> <span class='ocrx_word' id='word_1_158' title='bbox 1503 2777 1599 2829; x_wconf 89' lang='lat' dir='ltr'>sed</span> 
     </span>
     <span class='ocr_line' id='line_1_25' title="bbox 595 2851 1597 2927; baseline 0.006 -25"><span class='ocrx_word' id='word_1_159' title='bbox 595 2851 861 2904; x_wconf 83' lang='lat' dir='ltr'>alienum:</span> <span class='ocrx_word' id='word_1_160' title='bbox 902 2867 956 2905; x_wconf 90' lang='lat' dir='ltr'>et</span> <span class='ocrx_word' id='word_1_161' title='bbox 993 2855 1301 2927; x_wconf 83' lang='lat' dir='ltr'>principalis</span> <span class='ocrx_word' id='word_1_162' title='bbox 1343 2855 1597 2908; x_wconf 85' lang='lat' dir='ltr'>debitoris</span> 
     </span>
     <span class='ocr_line' id='line_1_26' title="bbox 595 2932 1599 3004; baseline 0.006 -22"><span class='ocrx_word' id='word_1_163' title='bbox 595 2932 678 2984; x_wconf 77' lang='lat' dir='ltr'>vel</span> <span class='ocrx_word' id='word_1_164' title='bbox 699 2933 947 3004; x_wconf 66' lang='lat' dir='ltr'>perfidis,</span> <span class='ocrx_word' id='word_1_165' title='bbox 971 2936 1052 2987; x_wconf 83' lang='lat' dir='ltr'>vel</span> <span class='ocrx_word' id='word_1_166' title='bbox 1075 2938 1431 2990; x_wconf 80' lang='lat' dir='ltr'>contumacia.</span> <span class='ocrx_word' id='word_1_167' title='bbox 1463 2939 1599 2991; x_wconf 72' lang='lat' dir='ltr'>Gon-</span> 
     </span>
     <span class='ocr_line' id='line_1_27' title="bbox 595 3013 1595 3087; baseline 0.006 -23"><span class='ocrx_word' id='word_1_168' title='bbox 595 3013 798 3065; x_wconf 72' lang='lat' dir='ltr'>turbare</span> <span class='ocrx_word' id='word_1_169' title='bbox 812 3029 985 3067; x_wconf 84' lang='lat' dir='ltr'>autem</span> <span class='ocrx_word' id='word_1_170' title='bbox 999 3019 1043 3069; x_wconf 89' lang='lat' dir='ltr'>is</span> <span class='ocrx_word' id='word_1_171' title='bbox 1058 3017 1220 3069; x_wconf 85' lang='lat' dir='ltr'>dicitu</span> <span class='ocrx_word' id='word_1_172' title='bbox 1227 3038 1269 3082; x_wconf 91' lang='lat' dir='ltr'>r,</span> <span class='ocrx_word' id='word_1_173' title='bbox 1285 3020 1437 3087; x_wconf 90' lang='lat' dir='ltr'>cujus</span> <span class='ocrx_word' id='word_1_174' title='bbox 1454 3019 1595 3072; x_wconf 86' lang='lat' dir='ltr'>frac-</span> 
     </span>
    </p>
   </div>
   <div class='ocr_carea' id='block_1_5' title="bbox 497 3093 1594 3166">
    <p class='ocr_par' dir='ltr' id='par_1_5' title="bbox 497 3093 1594 3166">
     <span class='ocr_line' id='line_1_28' title="bbox 497 3093 1594 3166; baseline 0.007 -25"><span class='ocrx_word' id='word_1_175' title='bbox 497 3105 520 3120; x_wconf 62' lang='lat'>⁵</span> <span class='ocrx_word' id='word_1_176' title='bbox 593 3103 657 3142; x_wconf 66' lang='grc' dir='ltr'>ω</span> <span class='ocrx_word' id='word_1_177' title='bbox 681 3105 804 3144; x_wconf 84' lang='lat' dir='ltr'>sunt</span> <span class='ocrx_word' id='word_1_178' title='bbox 825 3093 1081 3160; x_wconf 82' lang='lat' dir='ltr'>rationes,</span> <span class='ocrx_word' id='word_1_179' title='bbox 1105 3110 1157 3147; x_wconf 88' lang='lat' dir='ltr'>et</span> <span class='ocrx_word' id='word_1_180' title='bbox 1179 3098 1274 3166; x_wconf 89' lang='lat' dir='ltr'>qui</span> <span class='ocrx_word' id='word_1_181' title='bbox 1303 3115 1394 3148; x_wconf 86' lang='lat' dir='ltr'>seu</span> <span class='ocrx_word' id='word_1_182' title='bbox 1424 3097 1594 3150; x_wconf 82' lang='lat' dir='ltr'>aliena</span> 
     </span>
    </p>
   </div>
   <div class='ocr_carea' id='block_1_6' title="bbox 591 3171 1597 4199">
    <p class='ocr_par' dir='ltr' id='par_1_6' title="bbox 591 3171 1597 4199">
     <span class='ocr_line' id='line_1_29' title="bbox 593 3171 1597 3244; baseline 0.009 -25"><span class='ocrx_word' id='word_1_183' title='bbox 593 3171 810 3240; x_wconf 85' lang='lat' dir='ltr'>injuria,</span> <span class='ocrx_word' id='word_1_184' title='bbox 829 3189 922 3222; x_wconf 85' lang='lat' dir='ltr'>seu</span> <span class='ocrx_word' id='word_1_185' title='bbox 939 3172 1064 3224; x_wconf 80' lang='lat' dir='ltr'>vitio</span> <span class='ocrx_word' id='word_1_186' title='bbox 1086 3191 1183 3224; x_wconf 88' lang='lat' dir='ltr'>suo</span> <span class='ocrx_word' id='word_1_187' title='bbox 1195 3209 1213 3238; x_wconf 89' lang='lat'><strong>‚</strong></span> <span class='ocrx_word' id='word_1_188' title='bbox 1231 3174 1297 3225; x_wconf 91' lang='lat' dir='ltr'>ad</span> <span class='ocrx_word' id='word_1_189' title='bbox 1312 3189 1597 3244; x_wconf 75' lang='lat' dir='ltr'>egestatem</span> 
     </span>
     <span class='ocr_line' id='line_1_30' title="bbox 593 3249 1594 3322; baseline 0.007 -22"><span class='ocrx_word' id='word_1_190' title='bbox 593 3249 837 3302; x_wconf 81' lang='lat' dir='ltr'>redactus</span> <span class='ocrx_word' id='word_1_191' title='bbox 881 3264 975 3304; x_wconf 83' lang='lat' dir='ltr'>est.</span> <span class='ocrx_word' id='word_1_192' title='bbox 1017 3255 1154 3305; x_wconf 84' lang='lat' dir='ltr'>Hinc</span> <span class='ocrx_word' id='word_1_193' title='bbox 1195 3267 1316 3306; x_wconf 84' lang='lat' dir='ltr'>nata</span> <span class='ocrx_word' id='word_1_194' title='bbox 1361 3255 1561 3308; x_wconf 91' lang='lat' dir='ltr'>locutio</span> <span class='ocrx_word' id='word_1_195' title='bbox 1578 3295 1594 3322; x_wconf 92' lang='lat'>,</span> 
     </span>
     <span class='ocr_line' id='line_1_31' title="bbox 594 3328 1597 3403; baseline 0.011 -24"><span class='ocrx_word' id='word_1_196' title='bbox 594 3328 740 3400; x_wconf 86' lang='lat' dir='ltr'>quod</span> <span class='ocrx_word' id='word_1_197' title='bbox 767 3345 928 3401; x_wconf 76' lang='lat' dir='ltr'>quum</span> <span class='ocrx_word' id='word_1_198' title='bbox 961 3333 1166 3403; x_wconf 70' lang='lat' dir='ltr'>antiqui</span> <span class='ocrx_word' id='word_1_199' title='bbox 1197 3349 1443 3402; x_wconf 67' lang='lat' dir='ltr'>noc-nm</span> <span class='ocrx_word' id='word_1_200' title='bbox 1472 3334 1597 3390; x_wconf 77' lang='lat' dir='ltr'>dili·-</span> 
     </span>
     <span class='ocr_line' id='line_1_32' title="bbox 591 3407 1594 3476; baseline 0.009 -20"><span class='ocrx_word' id='word_1_201' title='bbox 591 3407 820 3476; x_wconf 70' lang='lat' dir='ltr'>gentiam</span> <span class='ocrx_word' id='word_1_202' title='bbox 857 3407 1167 3462; x_wconf 83' lang='lat' dir='ltr'>adhiberent</span> <span class='ocrx_word' id='word_1_203' title='bbox 1197 3410 1392 3465; x_wconf 83' lang='lat' dir='ltr'>tabulis</span> <span class='ocrx_word' id='word_1_204' title='bbox 1423 3427 1475 3464; x_wconf 89' lang='lat' dir='ltr'>et</span> <span class='ocrx_word' id='word_1_205' title='bbox 1510 3433 1594 3466; x_wconf 90' lang='lat' dir='ltr'>ra—</span> 
     </span>
     <span class='ocr_line' id='line_1_33' title="bbox 592 3483 1596 3559; baseline 0.01 -25"><span class='ocrx_word' id='word_1_206' title='bbox 592 3483 826 3536; x_wconf 84' lang='lat' dir='ltr'>tionibus</span> <span class='ocrx_word' id='word_1_207' title='bbox 847 3487 1187 3541; x_wconf 79' lang='lat' dir='ltr'>conficiendis</span> <span class='ocrx_word' id='word_1_208' title='bbox 1212 3487 1325 3559; x_wconf 86' lang='lat' dir='ltr'>(uti</span> <span class='ocrx_word' id='word_1_209' title='bbox 1349 3510 1412 3543; x_wconf 78' lang='lat' dir='ltr'>ex</span> <span class='ocrx_word' id='word_1_210' title='bbox 1434 3493 1596 3543; x_wconf 82' lang='lat' dir='ltr'>Asco-</span> 
     </span>
     <span class='ocr_line' id='line_1_34' title="bbox 593 3566 1596 3642; baseline 0.012 -28"><span class='ocrx_word' id='word_1_211' title='bbox 593 3566 681 3616; x_wconf 89' lang='lat' dir='ltr'>nio</span> <span class='ocrx_word' id='word_1_212' title='bbox 709 3568 823 3636; x_wconf 85' lang='lat' dir='ltr'>ipso</span> <span class='ocrx_word' id='word_1_213' title='bbox 845 3568 1022 3620; x_wconf 86' lang='lat' dir='ltr'>videre</span> <span class='ocrx_word' id='word_1_214' title='bbox 1051 3570 1162 3642; x_wconf 87' lang='lat' dir='ltr'>est)</span> <span class='ocrx_word' id='word_1_215' title='bbox 1189 3573 1242 3622; x_wconf 87' lang='lat' dir='ltr'>in</span> <span class='ocrx_word' id='word_1_216' title='bbox 1273 3571 1467 3642; x_wconf 87' lang='lat' dir='ltr'>quibus</span> <span class='ocrx_word' id='word_1_217' title='bbox 1496 3593 1596 3626; x_wconf 91' lang='lat' dir='ltr'>no-</span> 
     </span>
     <span class='ocr_line' id='line_1_35' title="bbox 593 3643 1594 3721; baseline 0.012 -27"><span class='ocrx_word' id='word_1_218' title='bbox 593 3645 790 3696; x_wconf 86' lang='lat' dir='ltr'>minum</span> <span class='ocrx_word' id='word_1_219' title='bbox 803 3660 857 3698; x_wconf 87' lang='lat' dir='ltr'>et</span> <span class='ocrx_word' id='word_1_220' title='bbox 871 3643 1274 3718; x_wconf 77' lang='lat' dir='ltr'>obligationum,</span> <span class='ocrx_word' id='word_1_221' title='bbox 1291 3652 1417 3721; x_wconf 88' lang='lat' dir='ltr'>quin</span> <span class='ocrx_word' id='word_1_222' title='bbox 1436 3654 1594 3705; x_wconf 76' lang='lat' dir='ltr'>etiam</span> 
     </span>
     <span class='ocr_line' id='line_1_36' title="bbox 592 3725 1592 3800; baseline 0.01 -27"><span class='ocrx_word' id='word_1_223' title='bbox 592 3725 858 3774; x_wconf 77' lang='lat' dir='ltr'>actionum</span> <span class='ocrx_word' id='word_1_224' title='bbox 881 3728 1114 3777; x_wconf 87' lang='lat' dir='ltr'>omnium</span> <span class='ocrx_word' id='word_1_225' title='bbox 1135 3728 1563 3799; x_wconf 82' lang='lat' dir='ltr'>quotidianarum</span> <span class='ocrx_word' id='word_1_226' title='bbox 1576 3772 1592 3800; x_wconf 84' lang='lat'>,</span> 
     </span>
     <span class='ocr_line' id='line_1_37' title="bbox 592 3805 1591 3884; baseline 0.011 -29"><span class='ocrx_word' id='word_1_227' title='bbox 592 3819 835 3877; x_wconf 81' lang='lat' dir='ltr'>separata</span> <span class='ocrx_word' id='word_1_228' title='bbox 859 3819 912 3858; x_wconf 90' lang='lat' dir='ltr'>et</span> <span class='ocrx_word' id='word_1_229' title='bbox 933 3805 1192 3880; x_wconf 85' lang='lat' dir='ltr'>disposita</span> <span class='ocrx_word' id='word_1_230' title='bbox 1216 3825 1364 3862; x_wconf 84' lang='lat' dir='ltr'>erant</span> <span class='ocrx_word' id='word_1_231' title='bbox 1386 3815 1591 3884; x_wconf 81' lang='lat' dir='ltr'>capita:</span> 
     </span>
     <span class='ocr_line' id='line_1_38' title="bbox 594 3886 1592 3956; baseline 0.007 -18"><span class='ocrx_word' id='word_1_232' title='bbox 594 3887 684 3955; x_wconf 81' lang='lat' dir='ltr'>qui</span> <span class='ocrx_word' id='word_1_233' title='bbox 703 3888 815 3956; x_wconf 78' lang='lat' dir='ltr'>jam</span> <span class='ocrx_word' id='word_1_234' title='bbox 843 3886 898 3938; x_wconf 86' lang='lat' dir='ltr'>in</span> <span class='ocrx_word' id='word_1_235' title='bbox 925 3888 988 3940; x_wconf 85' lang='lat' dir='ltr'>iis</span> <span class='ocrx_word' id='word_1_236' title='bbox 1015 3887 1221 3940; x_wconf 78' lang='lat' dir='ltr'>nullum</span> <span class='ocrx_word' id='word_1_237' title='bbox 1243 3901 1446 3943; x_wconf 70' lang='lat' dir='ltr'>teneret</span> <span class='ocrx_word' id='word_1_238' title='bbox 1474 3909 1592 3944; x_wconf 81' lang='lat' dir='ltr'>mo-</span> 
     </span>
     <span class='ocr_line' id='line_1_39' title="bbox 593 3961 1593 4039; baseline 0.007 -25"><span class='ocrx_word' id='word_1_239' title='bbox 593 3961 716 4015; x_wconf 83' lang='lat' dir='ltr'>dum</span> <span class='ocrx_word' id='word_1_240' title='bbox 734 4002 751 4030; x_wconf 95' lang='lat'>,</span> <span class='ocrx_word' id='word_1_241' title='bbox 783 3979 836 4015; x_wconf 88' lang='lat' dir='ltr'>et</span> <span class='ocrx_word' id='word_1_242' title='bbox 867 3970 1020 4038; x_wconf 84' lang='lat' dir='ltr'>cujus</span> <span class='ocrx_word' id='word_1_243' title='bbox 1051 3967 1289 4038; x_wconf 78' lang='lat' dir='ltr'>accepti,</span> <span class='ocrx_word' id='word_1_244' title='bbox 1315 3987 1473 4039; x_wconf 79' lang='lat' dir='ltr'>quam</span> <span class='ocrx_word' id='word_1_245' title='bbox 1502 3989 1593 4023; x_wconf 84' lang='lat' dir='ltr'>ex-</span> 
     </span>
     <span class='ocr_line' id='line_1_40' title="bbox 593 4046 1593 4119; baseline 0.011 -24"><span class='ocrx_word' id='word_1_246' title='bbox 593 4047 744 4112; x_wconf 82' lang='lat' dir='ltr'>pensi</span> <span class='ocrx_word' id='word_1_247' title='bbox 757 4046 826 4098; x_wconf 80' lang='lat' dir='ltr'>ita</span> <span class='ocrx_word' id='word_1_248' title='bbox 844 4049 1124 4119; x_wconf 83' lang='lat' dir='ltr'>ampliores</span> <span class='ocrx_word' id='word_1_249' title='bbox 1137 4062 1316 4102; x_wconf 85' lang='lat' dir='ltr'>essent</span> <span class='ocrx_word' id='word_1_250' title='bbox 1333 4053 1593 4119; x_wconf 80' lang='lat' dir='ltr'>rationes,</span> 
     </span>
     <span class='ocr_line' id='line_1_41' title="bbox 595 4121 1591 4199; baseline 0.014 -31"><span class='ocrx_word' id='word_1_251' title='bbox 595 4134 654 4170; x_wconf 84' lang='lat' dir='ltr'>nt</span> <span class='ocrx_word' id='word_1_252' title='bbox 683 4121 828 4175; x_wconf 85' lang='lat' dir='ltr'>nulla</span> <span class='ocrx_word' id='word_1_253' title='bbox 860 4145 979 4196; x_wconf 82' lang='lat' dir='ltr'>spes</span> <span class='ocrx_word' id='word_1_254' title='bbox 1013 4147 1247 4199; x_wconf 75' lang='lat' dir='ltr'>unquam</span> <span class='ocrx_word' id='word_1_255' title='bbox 1282 4131 1591 4199; x_wconf 76' lang='lat' dir='ltr'>pariationis</span> 
     </span>
    </p>
   </div>
   <div class='ocr_carea' id='block_1_7' title="bbox 1671 2213 2659 4206">
    <p class='ocr_par' dir='ltr' id='par_1_7' title="bbox 1671 2213 2659 4206">
     <span class='ocr_line' id='line_1_42' title="bbox 1679 2213 2658 2279; baseline -0.002 -16"><span class='ocrx_word' id='word_1_256' title='bbox 1679 2224 1831 2265; x_wconf 80' lang='lat' dir='ltr'>esset:</span> <span class='ocrx_word' id='word_1_257' title='bbox 1848 2213 2049 2265; x_wconf 72' lang='lat' dir='ltr'>fastum</span> <span class='ocrx_word' id='word_1_258' title='bbox 2066 2226 2163 2279; x_wconf 84' lang='lat' dir='ltr'>est,</span> <span class='ocrx_word' id='word_1_259' title='bbox 2172 2226 2231 2264; x_wconf 91' lang='lat' dir='ltr'>ut</span> <span class='ocrx_word' id='word_1_260' title='bbox 2248 2214 2292 2263; x_wconf 84' lang='lat' dir='ltr'>is</span> <span class='ocrx_word' id='word_1_261' title='bbox 2308 2214 2537 2265; x_wconf 84' lang='lat' dir='ltr'>rationes</span> <span class='ocrx_word' id='word_1_262' title='bbox 2549 2229 2658 2263; x_wconf 86' lang='lat' dir='ltr'>con-</span> 
     </span>
     <span class='ocr_line' id='line_1_43' title="bbox 1678 2288 2657 2361; baseline -0.002 -20"><span class='ocrx_word' id='word_1_263' title='bbox 1678 2288 1918 2341; x_wconf 81' lang='lat' dir='ltr'>turbasse</span> <span class='ocrx_word' id='word_1_264' title='bbox 1933 2290 2287 2357; x_wconf 84' lang='lat' dir='ltr'>diceretur,eo</span> <span class='ocrx_word' id='word_1_265' title='bbox 2302 2290 2557 2361; x_wconf 78' lang='lat' dir='ltr'>exemplo,</span> <span class='ocrx_word' id='word_1_266' title='bbox 2566 2306 2657 2361; x_wconf 83' lang='lat' dir='ltr'>quo</span> 
     </span>
     <span class='ocr_line' id='line_1_44' title="bbox 1680 2370 2657 2442; baseline -0.003 -19"><span class='ocrx_word' id='word_1_267' title='bbox 1680 2373 1826 2442; x_wconf 69' lang='lat' dir='ltr'>signa</span> <span class='ocrx_word' id='word_1_268' title='bbox 1843 2374 2143 2425; x_wconf 86' lang='lat' dir='ltr'>testamenti</span> <span class='ocrx_word' id='word_1_269' title='bbox 2160 2370 2503 2438; x_wconf 77' lang='lat' dir='ltr'>conturbata,</span> <span class='ocrx_word' id='word_1_270' title='bbox 2522 2386 2569 2423; x_wconf 88' lang='lat' dir='ltr'>et</span> <span class='ocrx_word' id='word_1_271' title='bbox 2586 2383 2657 2421; x_wconf 90' lang='lat' dir='ltr'>to-</span> 
     </span>
     <span class='ocr_line' id='line_1_45' title="bbox 1676 2451 2659 2525; baseline -0.004 -20"><span class='ocrx_word' id='word_1_272' title='bbox 1676 2465 1791 2505; x_wconf 73' lang='lat' dir='ltr'>tum</span> <span class='ocrx_word' id='word_1_273' title='bbox 1812 2457 1902 2524; x_wconf 76' lang='lat' dir='ltr'>jus</span> <span class='ocrx_word' id='word_1_274' title='bbox 1918 2453 2297 2506; x_wconf 84' lang='lat' dir='ltr'>conturbatum</span> <span class='ocrx_word' id='word_1_275' title='bbox 2325 2451 2659 2525; x_wconf 87' lang='lat' dir='ltr'>appellamus;</span> 
     </span>
     <span class='ocr_line' id='line_1_46' title="bbox 1679 2533 2659 2606; baseline -0.002 -20"><span class='ocrx_word' id='word_1_276' title='bbox 1679 2533 1711 2586; x_wconf 91' lang='lat' dir='ltr'>l.</span> <span class='ocrx_word' id='word_1_277' title='bbox 1737 2534 1802 2586; x_wconf 87' lang='lat' dir='ltr'>ad</span> <span class='ocrx_word' id='word_1_278' title='bbox 1824 2536 2060 2601; x_wconf 86' lang='lat' dir='ltr'>testium,</span> <span class='ocrx_word' id='word_1_279' title='bbox 2084 2533 2128 2606; x_wconf 85' lang='lat'>§.</span> <span class='ocrx_word' id='word_1_280' title='bbox 2150 2537 2195 2588; x_wconf 90' lang='lat' dir='ltr'>si</span> <span class='ocrx_word' id='word_1_281' title='bbox 2215 2537 2392 2604; x_wconf 77' lang='lat' dir='ltr'>sigua,</span> <span class='ocrx_word' id='word_1_282' title='bbox 2410 2536 2471 2587; x_wconf 76' lang='lat' dir='ltr'>ff.</span> <span class='ocrx_word' id='word_1_283' title='bbox 2492 2533 2554 2586; x_wconf 89' lang='lat' dir='ltr'>de</span> <span class='ocrx_word' id='word_1_284' title='bbox 2572 2547 2659 2584; x_wconf 83' lang='lat' dir='ltr'>tes·</span> 
     </span>
     <span class='ocr_line' id='line_1_47' title="bbox 1678 2611 2657 2685; baseline -0.004 -19"><span class='ocrx_word' id='word_1_285' title='bbox 1678 2627 1803 2666; x_wconf 70' lang='lat' dir='ltr'>tam.</span> <span class='ocrx_word' id='word_1_286' title='bbox 1840 2616 2069 2670; x_wconf 80' lang='lat' dir='ltr'>Pertinet</span> <span class='ocrx_word' id='word_1_287' title='bbox 2098 2615 2430 2685; x_wconf 66' lang='lat' dir='ltr'>potissimum</span> <span class='ocrx_word' id='word_1_288' title='bbox 2462 2613 2563 2666; x_wconf 74' lang='lat' dir='ltr'>hes</span> <span class='ocrx_word' id='word_1_289' title='bbox 2588 2611 2657 2661; x_wconf 92' lang='lat' dir='ltr'>lo-</span> 
     </span>
     <span class='ocr_line' id='line_1_48' title="bbox 1679 2691 2659 2763; baseline -0.002 -21"><span class='ocrx_word' id='word_1_290' title='bbox 1679 2693 1821 2743; x_wconf 89' lang='lat' dir='ltr'>cutio</span> <span class='ocrx_word' id='word_1_291' title='bbox 1844 2691 1913 2743; x_wconf 86' lang='lat' dir='ltr'>ad</span> <span class='ocrx_word' id='word_1_292' title='bbox 1931 2711 2108 2746; x_wconf 81' lang='lat' dir='ltr'>servos</span> <span class='ocrx_word' id='word_1_293' title='bbox 2120 2731 2137 2758; x_wconf 85' lang='lat'><strong>‚</strong></span> <span class='ocrx_word' id='word_1_294' title='bbox 2152 2693 2243 2763; x_wconf 91' lang='lat' dir='ltr'>qui</span> <span class='ocrx_word' id='word_1_295' title='bbox 2258 2693 2533 2763; x_wconf 80' lang='lat' dir='ltr'>pecuniam</span> <span class='ocrx_word' id='word_1_296' title='bbox 2548 2707 2659 2762; x_wconf 76' lang='lat' dir='ltr'>prte-</span> 
     </span>
     <span class='ocr_line' id='line_1_49' title="bbox 1678 2773 2659 2846; baseline -0.005 -21"><span class='ocrx_word' id='word_1_297' title='bbox 1678 2786 1878 2827; x_wconf 86' lang='lat' dir='ltr'>sentem</span> <span class='ocrx_word' id='word_1_298' title='bbox 1927 2793 1955 2825; x_wconf 85' lang='lat' dir='ltr'>a</span> <span class='ocrx_word' id='word_1_299' title='bbox 2004 2773 2229 2824; x_wconf 89' lang='lat' dir='ltr'>dominis</span> <span class='ocrx_word' id='word_1_300' title='bbox 2277 2787 2571 2846; x_wconf 81' lang='lat' dir='ltr'>acceptam,</span> <span class='ocrx_word' id='word_1_301' title='bbox 2608 2781 2659 2820; x_wconf 76' lang='lat' dir='ltr'>ut</span> 
     </span>
     <span class='ocr_line' id='line_1_50' title="bbox 1676 2849 2657 2926; baseline -0.005 -20"><span class='ocrx_word' id='word_1_302' title='bbox 1676 2853 2029 2926; x_wconf 84' lang='lat' dir='ltr'>particulatim</span> <span class='ocrx_word' id='word_1_303' title='bbox 2061 2855 2305 2906; x_wconf 81' lang='lat' dir='ltr'>confecta</span> <span class='ocrx_word' id='word_1_304' title='bbox 2338 2855 2537 2907; x_wconf 86' lang='lat' dir='ltr'>ratione</span> <span class='ocrx_word' id='word_1_305' title='bbox 2562 2849 2657 2901; x_wconf 84' lang='lat' dir='ltr'>huc</span> 
     </span>
     <span class='ocr_line' id='line_1_51' title="bbox 1676 2931 2658 3006; baseline 0 -22"><span class='ocrx_word' id='word_1_306' title='bbox 1676 2933 1912 3006; x_wconf 80' lang='lat' dir='ltr'>illucque</span> <span class='ocrx_word' id='word_1_307' title='bbox 1938 2932 2249 3006; x_wconf 79' lang='lat' dir='ltr'>impendant</span> <span class='ocrx_word' id='word_1_308' title='bbox 2264 2971 2281 2998; x_wconf 91' lang='lat'>,</span> <span class='ocrx_word' id='word_1_309' title='bbox 2312 2931 2557 3004; x_wconf 77' lang='lat' dir='ltr'>dissipant</span> <span class='ocrx_word' id='word_1_310' title='bbox 2586 2942 2658 2984; x_wconf 74' lang='lat' dir='ltr'>ta·</span> 
     </span>
     <span class='ocr_line' id='line_1_52' title="bbox 1674 3009 2655 3077; baseline -0.008 -13"><span class='ocrx_word' id='word_1_311' title='bbox 1674 3031 1796 3066; x_wconf 81' lang='lat' dir='ltr'>men</span> <span class='ocrx_word' id='word_1_312' title='bbox 1814 3051 1833 3077; x_wconf 87' lang='lat'>,</span> <span class='ocrx_word' id='word_1_313' title='bbox 1865 3027 1919 3066; x_wconf 90' lang='lat' dir='ltr'>et</span> <span class='ocrx_word' id='word_1_314' title='bbox 1944 3011 2093 3068; x_wconf 68' lang='lat' dir='ltr'>nulla</span> <span class='ocrx_word' id='word_1_315' title='bbox 2116 3027 2365 3066; x_wconf 74' lang='lat' dir='ltr'>mensura</span> <span class='ocrx_word' id='word_1_316' title='bbox 2396 3009 2655 3064; x_wconf 78' lang='lat' dir='ltr'>collocant.</span> 
     </span>
     <span class='ocr_line' id='line_1_53' title="bbox 1676 3090 2656 3165; baseline -0.009 -19"><span class='ocrx_word' id='word_1_317' title='bbox 1676 3090 1933 3165; x_wconf 71' lang='lat' dir='ltr'>Ulpianus</span> <span class='ocrx_word' id='word_1_318' title='bbox 1964 3095 2017 3145; x_wconf 89' lang='lat' dir='ltr'>in</span> <span class='ocrx_word' id='word_1_319' title='bbox 2054 3094 2088 3145; x_wconf 92' lang='lat' dir='ltr'>l.</span> <span class='ocrx_word' id='word_1_320' title='bbox 2124 3095 2449 3165; x_wconf 85' lang='lat' dir='ltr'>cuicunque,</span> <span class='ocrx_word' id='word_1_321' title='bbox 2484 3091 2656 3163; x_wconf 84' lang='lat' dir='ltr'>§.item</span> 
     </span>
     <span class='ocr_line' id='line_1_54' title="bbox 1674 3169 2655 3242; baseline -0.008 -17"><span class='ocrx_word' id='word_1_322' title='bbox 1674 3173 1884 3238; x_wconf 77' lang='lat' dir='ltr'>Labeo,</span> <span class='ocrx_word' id='word_1_323' title='bbox 1918 3172 1984 3224; x_wconf 87' lang='lat' dir='ltr'>de</span> <span class='ocrx_word' id='word_1_324' title='bbox 2016 3174 2182 3225; x_wconf 79' lang='lat' dir='ltr'>instit.</span> <span class='ocrx_word' id='word_1_325' title='bbox 2212 3175 2369 3224; x_wconf 85' lang='lat' dir='ltr'>actio.</span> <span class='ocrx_word' id='word_1_326' title='bbox 2400 3169 2655 3242; x_wconf 70' lang='lat' dir='ltr'>Alphenus</span> 
     </span>
     <span class='ocr_line' id='line_1_55' title="bbox 1673 3251 2655 3325; baseline -0.006 -21"><span class='ocrx_word' id='word_1_327' title='bbox 1673 3254 1728 3304; x_wconf 92' lang='lat' dir='ltr'>in</span> <span class='ocrx_word' id='word_1_328' title='bbox 1765 3253 1798 3304; x_wconf 93' lang='lat' dir='ltr'>l.</span> <span class='ocrx_word' id='word_1_329' title='bbox 1836 3252 2049 3325; x_wconf 83' lang='lat' dir='ltr'>quidam</span> <span class='ocrx_word' id='word_1_330' title='bbox 2082 3251 2341 3319; x_wconf 83' lang='lat' dir='ltr'>fundum,</span> <span class='ocrx_word' id='word_1_331' title='bbox 2374 3251 2442 3304; x_wconf 87' lang='lat' dir='ltr'>de</span> <span class='ocrx_word' id='word_1_332' title='bbox 2474 3254 2523 3302; x_wconf 90' lang='lat' dir='ltr'>in</span> <span class='ocrx_word' id='word_1_333' title='bbox 2556 3267 2655 3299; x_wconf 86' lang='lat' dir='ltr'>rem</span> 
     </span>
     <span class='ocr_line' id='line_1_56' title="bbox 1672 3323 2657 3402; baseline -0.006 -18"><span class='ocrx_word' id='word_1_334' title='bbox 1672 3349 1841 3384; x_wconf 75' lang='lat' dir='ltr'>veno.</span> <span class='ocrx_word' id='word_1_335' title='bbox 1886 3331 2071 3384; x_wconf 77' lang='lat' dir='ltr'>Cicero</span> <span class='ocrx_word' id='word_1_336' title='bbox 2091 3368 2109 3396; x_wconf 98' lang='lat'>,</span> <span class='ocrx_word' id='word_1_337' title='bbox 2148 3331 2242 3382; x_wconf 80' lang='lat' dir='ltr'>lib.</span> <span class='ocrx_word' id='word_1_338' title='bbox 2282 3333 2331 3384; x_wconf 77' lang='lat'>11</span> <span class='ocrx_word' id='word_1_339' title='bbox 2350 3369 2369 3397; x_wconf 93' lang='lat'>,</span> <span class='ocrx_word' id='word_1_340' title='bbox 2410 3332 2551 3402; x_wconf 75' lang='lat' dir='ltr'>epist.</span> <span class='ocrx_word' id='word_1_341' title='bbox 2594 3323 2657 3375; x_wconf 80' lang='lat' dir='ltr'>ad</span> 
     </span>
     <span class='ocr_line' id='line_1_57' title="bbox 1673 3402 2657 3476; baseline -0.007 -16"><span class='ocrx_word' id='word_1_342' title='bbox 1673 3409 1855 3476; x_wconf 85' lang='lat' dir='ltr'>Quint.</span> <span class='ocrx_word' id='word_1_343' title='bbox 1877 3410 1997 3462; x_wconf 79' lang='lat' dir='ltr'>frat.</span> <span class='ocrx_word' id='word_1_344' title='bbox 2023 3409 2240 3462; x_wconf 77' lang='lat' dir='ltr'>«locum</span> <span class='ocrx_word' id='word_1_345' title='bbox 2258 3423 2435 3462; x_wconf 80' lang='lat' dir='ltr'>autem</span> <span class='ocrx_word' id='word_1_346' title='bbox 2452 3406 2575 3460; x_wconf 80' lang='lat' dir='ltr'>illius</span> <span class='ocrx_word' id='word_1_347' title='bbox 2595 3402 2657 3454; x_wconf 87' lang='lat' dir='ltr'>de</span> 
     </span>
     <span class='ocr_line' id='line_1_58' title="bbox 1680 3492 2653 3561; baseline -0.009 -19"><span class='ocrx_word' id='word_1_348' title='bbox 1680 3513 1701 3535; x_wconf 76' lang='grc' dir='ltr'><strong>α</strong></span> <span class='ocrx_word' id='word_1_349' title='bbox 1722 3509 1815 3542; x_wconf 90' lang='lat' dir='ltr'>sua</span> <span class='ocrx_word' id='word_1_350' title='bbox 1850 3504 2103 3561; x_wconf 74' lang='lat' dir='ltr'>egestate,</span> <span class='ocrx_word' id='word_1_351' title='bbox 2128 3510 2195 3542; x_wconf 91' lang='lat' dir='ltr'>ne</span> <span class='ocrx_word' id='word_1_352' title='bbox 2230 3492 2299 3542; x_wconf 87' lang='lat' dir='ltr'>sis</span> <span class='ocrx_word' id='word_1_353' title='bbox 2332 3498 2653 3560; x_wconf 83' lang='lat' dir='ltr'>aspernatus:</span> 
     </span>
     <span class='ocr_line' id='line_1_59' title="bbox 1680 3567 2654 3646; baseline -0.004 -24"><span class='ocrx_word' id='word_1_354' title='bbox 1680 3593 1701 3617; x_wconf 75' lang='grc' dir='ltr'>ι</span> <span class='ocrx_word' id='word_1_355' title='bbox 1726 3572 1791 3623; x_wconf 93' lang='lat' dir='ltr'>ad</span> <span class='ocrx_word' id='word_1_356' title='bbox 1816 3591 1971 3646; x_wconf 86' lang='lat' dir='ltr'>quem</span> <span class='ocrx_word' id='word_1_357' title='bbox 1992 3591 2091 3643; x_wconf 75' lang='lat' dir='ltr'>ego</span> <span class='ocrx_word' id='word_1_358' title='bbox 2116 3573 2386 3642; x_wconf 81' lang='lat' dir='ltr'>rescripsi,</span> <span class='ocrx_word' id='word_1_359' title='bbox 2410 3567 2531 3621; x_wconf 86' lang='lat' dir='ltr'>nibil</span> <span class='ocrx_word' id='word_1_360' title='bbox 2552 3581 2654 3618; x_wconf 79' lang='lat' dir='ltr'>esse</span> 
     </span>
     <span class='ocr_line' id='line_1_60' title="bbox 1680 3647 2653 3723; baseline -0.01 -19"><span class='ocrx_word' id='word_1_361' title='bbox 1680 3675 1701 3698; x_wconf 77' lang='lat' dir='ltr'>«c</span> <span class='ocrx_word' id='word_1_362' title='bbox 1723 3652 1867 3722; x_wconf 85' lang='lat' dir='ltr'>quod</span> <span class='ocrx_word' id='word_1_363' title='bbox 1894 3666 2079 3723; x_wconf 84' lang='lat' dir='ltr'>postea</span> <span class='ocrx_word' id='word_1_364' title='bbox 2107 3671 2239 3705; x_wconf 70' lang='lat' dir='ltr'>arcae</span> <span class='ocrx_word' id='word_1_365' title='bbox 2264 3665 2451 3704; x_wconf 66' lang='lat' dir='ltr'>nostr-m</span> <span class='ocrx_word' id='word_1_366' title='bbox 2482 3647 2653 3701; x_wconf 77' lang='lat' dir='ltr'>fiducia</span> 
     </span>
     <span class='ocr_line' id='line_1_61' title="bbox 1679 3730 2651 3788; baseline -0.003 -2"><span class='ocrx_word' id='word_1_367' title='bbox 1679 3758 1700 3779; x_wconf 78' lang='grc' dir='ltr'>ι</span> <span class='ocrx_word' id='word_1_368' title='bbox 1720 3735 2075 3788; x_wconf 85' lang='lat' dir='ltr'>conturbaret.</span> <span class='ocrx_word' id='word_1_369' title='bbox 2087 3760 2108 3784; x_wconf 72' lang='lat' dir='ltr'>n</span> <span class='ocrx_word' id='word_1_370' title='bbox 2124 3735 2307 3788; x_wconf 75' lang='lat' dir='ltr'>Caelius</span> <span class='ocrx_word' id='word_1_371' title='bbox 2325 3733 2391 3788; x_wconf 79' lang='lat' dir='ltr'>ad</span> <span class='ocrx_word' id='word_1_372' title='bbox 2406 3730 2651 3786; x_wconf 77' lang='lat' dir='ltr'>Ciceronis</span> 
     </span>
     <span class='ocr_line' id='line_1_62' title="bbox 1671 3805 2651 3884; baseline -0.001 -21"><span class='ocrx_word' id='word_1_373' title='bbox 1671 3811 1762 3864; x_wconf 82' lang='lat' dir='ltr'>lib.</span> <span class='ocrx_word' id='word_1_374' title='bbox 1778 3813 1919 3878; x_wconf 83' lang='lat' dir='ltr'>vm,</span> <span class='ocrx_word' id='word_1_375' title='bbox 1939 3816 2092 3883; x_wconf 82' lang='lat' dir='ltr'>epist.</span> <span class='ocrx_word' id='word_1_376' title='bbox 2107 3811 2309 3884; x_wconf 83' lang='lat' dir='ltr'>penult.</span> <span class='ocrx_word' id='word_1_377' title='bbox 2330 3835 2343 3864; x_wconf 88' lang='lat'><em>=</em></span> <span class='ocrx_word' id='word_1_378' title='bbox 2368 3837 2389 3858; x_wconf 77' lang='grc' dir='ltr'>ι</span> <span class='ocrx_word' id='word_1_379' title='bbox 2408 3810 2459 3864; x_wconf 89' lang='lat' dir='ltr'>Si</span> <span class='ocrx_word' id='word_1_380' title='bbox 2472 3805 2651 3880; x_wconf 77' lang='lat' dir='ltr'>aliquid</span> 
     </span>
     <span class='ocr_line' id='line_1_63' title="bbox 1677 3893 2655 3966; baseline -0.008 -17"><span class='ocrx_word' id='word_1_381' title='bbox 1677 3917 1701 3942; x_wconf 74' lang='grc' dir='ltr'>ι</span> <span class='ocrx_word' id='word_1_382' title='bbox 1718 3893 1863 3964; x_wconf 78' lang='lat' dir='ltr'>apud</span> <span class='ocrx_word' id='word_1_383' title='bbox 1882 3909 1933 3946; x_wconf 84' lang='lat' dir='ltr'>te</span> <span class='ocrx_word' id='word_1_384' title='bbox 1954 3909 2051 3948; x_wconf 77' lang='lat' dir='ltr'>nos</span> <span class='ocrx_word' id='word_1_385' title='bbox 2066 3932 2084 3960; x_wconf 93' lang='lat'>,</span> <span class='ocrx_word' id='word_1_386' title='bbox 2104 3897 2149 3948; x_wconf 86' lang='lat' dir='ltr'>si</span> <span class='ocrx_word' id='word_1_387' title='bbox 2166 3898 2249 3947; x_wconf 75' lang='lat' dir='ltr'>vir</span> <span class='ocrx_word' id='word_1_388' title='bbox 2266 3895 2493 3966; x_wconf 72' lang='lat' dir='ltr'>optim-s</span> <span class='ocrx_word' id='word_1_389' title='bbox 2508 3905 2655 3961; x_wconf 64' lang='lat' dir='ltr'>gener</span> 
     </span>
     <span class='ocr_line' id='line_1_64' title="bbox 1677 3976 2651 4042; baseline -0.006 -14"><span class='ocrx_word' id='word_1_390' title='bbox 1677 3998 1699 4022; x_wconf 76' lang='grc' dir='ltr'>ι</span> <span class='ocrx_word' id='word_1_391' title='bbox 1721 3989 1845 4030; x_wconf 77' lang='lat' dir='ltr'>tuns</span> <span class='ocrx_word' id='word_1_392' title='bbox 1873 3976 2040 4042; x_wconf 81' lang='lat' dir='ltr'>valet,</span> <span class='ocrx_word' id='word_1_393' title='bbox 2075 3995 2259 4029; x_wconf 77' lang='lat' dir='ltr'>eorum</span> <span class='ocrx_word' id='word_1_394' title='bbox 2284 3978 2517 4028; x_wconf 72' lang='lat' dir='ltr'>fortunas</span> <span class='ocrx_word' id='word_1_395' title='bbox 2550 3985 2651 4022; x_wconf 76' lang='lat' dir='ltr'>non</span> 
     </span>
     <span class='ocr_line' id='line_1_65' title="bbox 1676 4049 2649 4108; baseline -0.002 -2"><span class='ocrx_word' id='word_1_396' title='bbox 1676 4075 1699 4100; x_wconf 77' lang='lat' dir='ltr'>c·</span> <span class='ocrx_word' id='word_1_397' title='bbox 1719 4053 1881 4107; x_wconf 77' lang='lat' dir='ltr'>debes</span> <span class='ocrx_word' id='word_1_398' title='bbox 1931 4054 2014 4108; x_wconf 81' lang='lat' dir='ltr'>vel</span> <span class='ocrx_word' id='word_1_399' title='bbox 2062 4054 2396 4108; x_wconf 82' lang='lat' dir='ltr'>conturbare.</span> <span class='ocrx_word' id='word_1_400' title='bbox 2432 4077 2454 4099; x_wconf 78' lang='grc' dir='ltr'>ι·</span> <span class='ocrx_word' id='word_1_401' title='bbox 2498 4049 2649 4104; x_wconf 67' lang='lat' dir='ltr'>Grod</span> 
     </span>
     <span class='ocr_line' id='line_1_66' title="bbox 1671 4133 2444 4206; baseline 0.004 -23"><span class='ocrx_word' id='word_1_402' title='bbox 1671 4133 1931 4200; x_wconf 63' lang='grc' dir='ltr'>χριηοπιῒν</span> <span class='ocrx_word' id='word_1_403' title='bbox 1954 4134 2242 4206; x_wconf 81' lang='lat' dir='ltr'>appellant.</span> <span class='ocrx_word' id='word_1_404' title='bbox 2268 4135 2444 4188; x_wconf 61' lang='lat' dir='ltr'>snm</span> 
     </span>
    </p>
   </div>
   <div class='ocr_carea' id='block_1_8' title="bbox 2798 13 2804 533">
    <p class='ocr_par' dir='ltr' id='par_1_8' title="bbox 2798 13 2804 533">
     <span class='ocr_line' id='line_1_67' title="bbox 2798 13 2804 533; baseline 0 0"><span class='ocrx_word' id='word_1_405' title='bbox 2798 13 2804 533; x_wconf 95' lang='lat' dir='ltr'> </span> 
     </span>
    </p>
   </div>
   <div class='ocr_carea' id='block_1_9' title="bbox 2802 1231 2806 1739">
    <p class='ocr_par' dir='ltr' id='par_1_9' title="bbox 2802 1231 2806 1739">
     <span class='ocr_line' id='line_1_68' title="bbox 2802 1231 2806 1739; baseline 0 0"><span class='ocrx_word' id='word_1_406' title='bbox 2802 1231 2806 1739; x_wconf 95' lang='lat' dir='ltr'> </span> 
     </span>
    </p>
   </div>
  </div>
 </body>
</html>
