2855 4871
562 415 645 482 26
1064 416 1159 479 M.
1208 411 1460 478 FABII
1505 375 2149 496 QUlNTlLlANl

557 534 739 608 volo.
796 536 1087 608 Crimen
1128 533 1451 607 adulterii
1499 533 1672 606 duos
1721 534 2078 608 continet:
2129 563 2214 609 ex
2257 537 2342 609 iis
2384 565 2658 614 necesse

557 671 659 723 est
688 651 811 751 qui
844 679 1005 723 cum
1035 649 1347 722 adultero
1380 649 1573 748 prius
1603 649 1746 748 agit
1771 663 1818 739 ¹,
1849 670 2006 748 agat
2033 672 2101 723 et
2125 679 2288 724 cum
2313 653 2654 727 adultera.

558 768 751 837 Num
806 766 1017 865 igitur
1069 766 1201 838 hoc
1245 764 1422 835 mihi
1471 763 1702 836 dicere
1745 764 2014 864 potest?
2053 767 2248 865 prius
2289 793 2407 840 me
2450 795 2660 868 ‚agere

556 901 789 955 tecum
831 910 975 955 non
1011 902 1319 981 oportet:
1370 881 1676 954 secundo
1711 902 1780 953 te
1825 881 1978 953 loco
2021 909 2216 955 ream
2249 883 2512 975 detuli,
2555 913 2661 958 se—

556 1001 787 1073 cundo
812 1001 963 1074 loco
991 998 1286 1101 produxi
1308 998 1397 1070 ad
1420 998 1879 1098 magistratus.
1906 1003 2000 1072 At
2028 1001 2376 1100 quidquid
2409 1029 2659 1076 secun-

554 1116 729 1188 dum
762 1137 897 1205 est,
942 1115 1200 1187 habeat
1232 1113 1500 1212 aliquid
1534 1114 1724 1213 prius
1749 1139 2024 1187 necesse
2048 1137 2190 1188 est:
2229 1114 2376 1188 haec
2401 1138 2659 1190 natura

436 1283 441 1286 -
554 1233 651 1305 ita
686 1253 853 1306 sunt
880 1232 1247 1331 copulata,
1293 1251 1371 1302 ut
1396 1231 1452 1302 si
1485 1257 1649 1303 cum
1681 1230 1992 1303 adultero
2021 1233 2130 1332 egi
2160 1233 2384 1333 prius,
2419 1253 2655 1306 tecum

550 1376 800 1448 agam:
852 1349 907 1419 si
960 1374 1105 1419 non
1152 1346 1301 1446 egi,
1358 1371 1489 1445 ago
1539 1366 1773 1418 tecum
1817 1345 2042 1445 prius,
2085 1367 2454 1445 tamquam
2491 1375 2652 1420 cum

558 1464 875 1538 adultero
929 1462 1077 1564 jam
1132 1489 1356 1562 egero.
1406 1461 1789 1560 Reliquum
1835 1482 1936 1533 est
1984 1462 2280 1553 intueri,
2329 1462 2655 1563 judices,

553 1579 985 1652 voluntatem
1019 1607 1301 1677 quoque
1330 1578 1728 1678 reipublicae
1746 1636 1765 1668 ,
1809 1603 1964 1677 quae
1996 1578 2130 1651 fuit
2155 1599 2474 1677 tempore
2503 1581 2654 1670 illo,

554 1679 697 1794 quo
729 1697 1103 1795 praemium
1146 1696 1374 1768 dabat.
1424 1695 1600 1767 Petit
1639 1693 2092 1768 abolitionem
2133 1693 2240 1765 vir
2278 1696 2480 1768 fortis
2509 1754 2530 1786 ,
2579 1718 2657 1769 ut

550 1812 844 1911 opinor,
902 1812 1077 1902 sibi,
1126 1839 1257 1885 nec
1303 1811 1526 1912 potuit
1571 1811 1921 1911 accipere,
1971 1811 2101 1882 nisi
2151 1838 2368 1911 quam
2421 1813 2651 1911 petit:

553 1926 819 2025 alioqui
854 1926 915 1998 si
949 1927 1081 1999 hoc
1124 1947 1434 2027 tempore
1481 1953 1681 1998 suam
1721 1925 2185 1998 abolitionem
2219 1925 2543 2025 petisset,
2592 1948 2658 2000 et

550 2063 771 2130 tuam,
796 2043 1113 2143 primum
1134 2041 1462 2115 omnium
1495 2031 1636 2113 duo
1661 2039 1947 2140 praemia
1968 2041 2248 2141 petisset
2258 2071 2277 2132 ;
2307 2061 2408 2134 ut,
2431 2069 2656 2139 quan-

549 2157 873 2232 tumlibet
911 2159 1179 2231 meritis
1212 2159 1361 2259 ejus
1396 2157 1842 2246 deberemus»,
1891 2183 2102 2229 nemo
2137 2176 2377 2228 tamen
2411 2183 2656 2256 passus

548 2295 731 2348 esset
770 2274 1035 2374 duplici
1073 2273 1363 2374 praemio
1407 2299 1629 2348 unam
1658 2273 1989 2346 honorari
2023 2272 2370 2345 militiam.
2417 2275 2654 2347 Tuam

546 2389 1006 2463 abolitionem
1050 2417 1265 2491 quare
1312 2390 1446 2491 ipsi
1492 2388 2078 2463 concesserimus?
2122 2415 2289 2462 nam
2327 2387 2657 2464 abolitio-

544 2504 656 2577 nis
690 2504 791 2576 illi
836 2504 1299 2578 concedendae
1345 2505 1520 2577 ratio
1563 2503 1884 2603 quaedam
1917 2505 2087 2576 fuit:
2132 2504 2338 2576 etiam
2381 2504 2440 2576 si
2487 2532 2658 2605 pec-

545 2623 763 2713 cavit,
808 2622 1017 2694 etiam
1044 2622 1103 2695 si
1134 2648 1414 2722 gravem
1455 2622 1580 2693 uni
1618 2621 1779 2693 fecit
1807 2621 2179 2722 injuriam,
2205 2620 2508 2693 redemit
2543 2643 2654 2695 ta-

544 2766 711 2811 men
734 2741 1017 2832 virtute,
1042 2738 1341 2812 redemit
1372 2738 1745 2837 sanguine,
1782 2737 2077 2810 redemit
2101 2738 2538 2811 vulneribus
2572 2743 2654 2811 In

542 2874 615 2925 te
654 2854 825 2952 quid
855 2854 1181 2952 spectavit
1209 2852 1498 2926 abolitio
1520 2910 1540 2943 ,
1588 2852 1778 2951 quod
1805 2852 1982 2927 vitiis
2013 2853 2148 2925 tuis
2178 2870 2246 2925 et
2271 2853 2653 2953 cupiditate

544 2966 747 3037 illum
779 2994 1059 3066 quoque
1084 2967 1359 3040 bonum
1387 2967 1683 3067 alioqui,
1711 2987 1788 3039 ut
1809 2967 2164 3067 apparuit,
2189 2966 2410 3041 civem
2443 2968 2657 3042 adul·

546 3102 775 3153 terum
817 3080 1090 3153 fecisti?
1131 3081 1286 3155 Scio
1310 3137 1327 3170 ‚
1366 3082 1644 3182 judices
1666 3139 1685 3172 ‚
1733 3082 2070 3154 hactenus
2092 3096 2118 3127 ²
2150 3082 2496 3181 pertinere
2537 3112 2656 3157 ac-

542 3197 810 3269 tionem
844 3196 932 3268 ad
965 3197 1392 3269 hodiernum
1423 3198 1824 3299 judicium3
1867 3225 1997 3271 nec
2029 3224 2186 3298 quae
2219 3226 2382 3271 sum
2413 3200 2655 3302 objec-

544 3334 772 3403 turus,
798 3338 1023 3411 quum
1050 3310 1229 3383 mihi
1254 3338 1575 3384 accusare
1598 3312 2086 3411 permiseritiS,
2111 3311 2322 3384 hodie
2345 3314 2654 3388 dicenda

546 3448 733 3499 sunt.
766 3427 1149 3517 Quomodo
1186 3427 1808 3527 deprehenderim,
1842 3454 1984 3526 quo
2017 3426 2250 3520 teste-³,
2279 3427 2649 3527 relinquo:

542 3544 721 3615 illud
748 3564 1029 3616 tantum
1054 3602 1072 3633 ,
1102 3544 1384 3643 qualem
1417 3544 1599 3616 hanc
1625 3544 1880 3645 putetis
1901 3570 2046 3617 esse
2071 3543 2424 3616 feminam
2443 3603 2462 3633 ‚
2490 3571 2652 3641 quae

542 3656 823 3732 defendi
844 3658 1089 3732 noluit.
1118 3658 1580 3761 Quamquam
1609 3661 1742 3733 hoc
1755 3660 1906 3762 jam
1938 3660 2129 3761 prior
2154 3659 2272 3732 ille
2291 3658 2652 3733 confessus

540 3798 673 3868 est,
704 3776 824 3876 qui
852 3804 1075 3875 quum
1102 3777 1370 3851 fortiter
1388 3778 1682 3867 fecisset,
1705 3804 1930 3878 quum
1948 3777 2208 3851 recenti
2233 3776 2649 3849 meritorum

538 3911 943 3976 connexionem,
974 3921 1033 3961 ut
1062 3908 1252 3982 paullo
1288 3924 1442 3982 post,
1477 3910 1550 3962 ita
1706 3930 1750 3965 2.
1773 3912 2058 3964 Hactenus.
2081 3910 2204 3962 Non
2221 3908 2470 3962 haetenus
2488 3913 2653 3981 perti·

538 3998 663 4039 sunt
686 3987 951 4060 copulata.
970 3989 1191 4041 Scuut'r.
1631 4008 1767 4043 nere.
1793 3990 2010 4043 Senot-r.

620 4082 639 4117 1
652 4104 663 4116 .
682 4067 834 4119 Prius
848 4068 977 4142 agit.
1003 4068 1157 4120 Prius
1174 4068 1295 4141 eqit.
1328 4066 1546 4120 Scuutr.
1703 4070 1754 4121 3.
1777 4070 1892 4139 Quo
1913 4080 2050 4121 teste.
2068 4070 2168 4119 Pro
2189 4086 2318 4140 quos
2341 4077 2502 4121 testes.
2521 4066 2646 4120 Seu.

540 4160 597 4200 et
624 4149 699 4201 ita
718 4146 845 4203 Obr.
1631 4148 1696 4200 Et
1715 4150 1789 4200 ita
1807 4145 2063 4203 Obrecht.
2083 4158 2136 4199 et
2153 4163 2253 4199 nos
2274 4164 2394 4199 cum
2417 4149 2531 4219 Bip.
2549 4148 2649 4200 Eo.
