2855 4871
589 412 1443 487 DECLAMATIONES„
1478 416 1859 480 CGLxlx.
2152 440 2273 505 ¹⁰9

165 538 470 637 alioqui,
511 558 582 609 et
614 538 919 609 duorum
963 534 1344 609 liberorum
1381 538 1597 635 patri,
1636 565 1787 635 quae
1822 564 1927 610 res
1960 539 2273 610 acerbio—

167 680 318 725 rem
349 674 835 753 paupertatem
863 653 1059 743 facit,
1085 673 1320 725 tamen
1346 674 1601 725 secreta
1625 654 1923 754 pecunia
1952 675 2020 726 et
2041 654 2276 725 abdita

167 769 378 840 affert
407 768 846 841 securitatem
879 794 894 839 x
939 794 1110 839 nam
1144 788 1222 839 ut
1253 768 1711 868 possessiones
1750 795 1894 839 non
1929 790 2125 867 pares
2146 824 2165 856 ,
2200 786 2277 839 ut

163 884 518 956 familiam
555 910 702 955 non
732 910 959 973 emas,
995 909 1139 955 non
1175 881 1427 955 laxiore
1462 872 1727 954 habites
1763 883 2015 972 domo,
2041 883 2279 955 adver-

165 1028 290 1074 sus
314 1002 674 1073 fortunam
709 1022 944 1073 tamen
975 1021 1162 1072 tutus
1192 1027 1299 1073 es:
1330 999 1457 1072 tibi
1490 1000 1789 1099 pecunia
1817 1001 1949 1073 hoc
1974 1021 2275 1099 praestat,

165 1137 252 1188 ut
279 1116 369 1187 sis
398 1142 668 1215 pauper
696 1142 980 1213 securus
1010 1144 1024 1186 ε
1059 1114 1280 1217 adjice
1304 1113 1483 1187 illud
1510 1114 1702 1213 quod
1730 1136 1805 1187 tu
1837 1115 1923 1187 de
1952 1115 2280 1215 longiori-

163 1232 314 1305 bus
332 1233 770 1332 temporibus
796 1232 1052 1331 cogitas
1081 1260 1094 1303 ε
1131 1232 1205 1304 in
1235 1258 1517 1304 summa
1536 1288 1555 1321 ‚
1590 1232 1645 1304 si
1676 1232 1895 1305 vincis
1914 1290 1933 1325 ‚
1963 1233 2277 1333 aliquam

163 1369 416 1419 tamen
451 1367 645 1449 potes
681 1367 988 1447 spectare
1028 1348 1392 1420 rationem.
1431 1349 1579 1447 Ego
1612 1375 1735 1419 cur
1766 1347 2029 1447 litigem
2052 1406 2072 1437 ‚
2107 1348 2280 1447 quid

167 1461 321 1535 est?
375 1482 453 1533 ut
480 1461 749 1563 aliquid
781 1461 1144 1535 auferam?
1172 1462 1346 1561 quid
1374 1462 1594 1535 habes
1612 1521 1631 1556 ‚
1666 1464 1802 1535 nisi
1838 1462 2282 1563 depositum?
2396 1542 2403 1558 ¹

161 1578 322 1675 Ego
353 1604 507 1668 me,
530 1576 844 1676 judices,
871 1578 1054 1650 hanc
1085 1578 1458 1677 pecuniam
1489 1577 1866 1677 perdidisse
1890 1579 2071 1651 scio:
2110 1605 2281 1651 nam

165 1711 256 1761 ut
279 1690 702 1783 damnetis¹‚
749 1719 886 1789 quo
932 1719 1186 1765 manus
1230 1692 1554 1765 mittam?
1594 1694 2053 1793 perseverabit
2084 1696 2279 1766 enim

166 1806 246 1877 in
270 1806 406 1879 ista
430 1806 880 1879 simulatione
903 1808 1118 1879 bomo
1135 1865 1154 1897 ,
1182 1835 1396 1907 quem
1423 1834 1552 1879 nec
1578 1827 1921 1882 tormenta
1943 1808 2277 1881 vicerunt.

170 1922 438 1994 Omnis
469 1922 605 1994 litis
642 1922 854 2023 hujus
894 1948 1100 1994 causa
1139 1921 1316 1994 mihi
1352 1922 1427 1994 in
1457 1923 1589 1994 hoc
1618 1944 1752 2012 est,
1796 1944 1875 1995 ut
1906 1924 2281 1995 defendam

167 2036 524 2135 pudorem
554 2063 798 2108 meum
825 2064 838 2108 :
875 2057 952 2108 tu
980 2057 1220 2109 tamen
1252 2036 1488 2108 inveni
1508 2092 1527 2125 ‚
1557 2036 1681 2108 ubi
1711 2036 2133 2136 perdiderim
2166 2065 2284 2109 ne-

171 2150 346 2223 scis?
377 2176 612 2249 quaere
643 2180 657 2223 :
697 2150 770 2223 hi
805 2150 977 2225 servi
1010 2180 1051 2223 a
1082 2178 1196 2224 me
1237 2177 1380 2223 non
1423 2172 1884 2242 recesserunt,
1920 2151 1994 2223 hi
2027 2152 2282 2224 conscii

169 2287 340 2338 sunt
369 2266 700 2339 omnium
731 2294 746 2337 z
782 2266 859 2337 bi
887 2265 1066 2337 mihi
1090 2266 1284 2339 irasci
1308 2286 1631 2364 possunt,
1668 2266 1723 2337 si
1750 2248 2111 2339 tormentis
2134 2266 2282 2339 sine

173 2406 386 2454 causa
429 2382 847 2454 offeruntur.
897 2383 1058 2454 Non
1108 2401 1206 2454 est
1250 2402 1489 2453 tamen
1532 2407 1852 2481 aequum,
1896 2382 2283 2481 comparari

173 2497 400 2569 fidem
449 2519 968 2570 tormentorum
1009 2527 1022 2568 :
1081 2524 1160 2570 ex
1203 2495 1420 2569 altera
1466 2520 1659 2596 parte
1706 2497 1942 2590 liberi,
1991 2499 2283 2597 ingenui

171 2613 344 2684 torti
375 2633 568 2704 sunt,
604 2639 688 2685 ex
715 2613 929 2685 altera
961 2633 1152 2711 parte
1183 2612 1356 2684 servi
1387 2639 1400 2683 :
1440 2639 1585 2684 non
1621 2612 1788 2684 facit
1824 2612 1950 2683 ista
1992 2639 2095 2683 res
2131 2639 2285 2710 per-

169 2727 549 2818 tinaciam,
597 2727 722 2802 sed
774 2757 976 2802 causa
1023 2728 1434 2801 mentiendi.
1484 2731 1633 2828 Ego
1684 2728 2041 2826 quomodo
2090 2728 2282 2819 dicu,

171 2845 658 2944 perseverasti,
714 2866 794 2918 ut
847 2844 1218 2944 pecuniam
1269 2845 1708 2917 lucrifaceres
1746 2871 1760 2914 ε
1806 2845 2121 2944 spectasti
2173 2870 2285 2916 se·-

173 2961 466 3060 quentia
489 2984 839 3062 tempora,
867 2961 1181 3060 spectasti
1210 2961 1516 3033 lucrum.
1544 2961 1657 3034 Sic
1678 2980 1755 3031 tu
1782 2959 1923 3049 dic,
1945 2960 2119 3032 servi
2145 2959 2284 3062 mei

173 3075 352 3175 quid
381 3077 753 3175 spectaturi
778 3073 982 3148 sunt?
1007 3075 1177 3175 quid
1206 3102 1288 3147 ex
1316 3075 1451 3148 hoc
1474 3074 2033 3173 consequentur?
2060 3075 2146 3145 Et
2165 3099 2287 3144 vos

171 3191 472 3289 quidem
517 3215 896 3292 tyrannus,
945 3213 1024 3264 ut
1067 3192 1469 3291 parcissime
1516 3192 1793 3290 loquar,
1843 3190 2160 3262 dimisit:
2210 3212 2286 3260 tu

171 3305 468 3379 arbitrio
497 3328 620 3381 tuo
649 3329 891 3407 torque
919 3335 933 3378 ε
967 3307 1311 3407 quidquid
1341 3334 1580 3407 passus
1604 3333 1676 3379 es
1694 3363 1712 3398 ‚
1744 3303 2091 3405 quidquid
2118 3305 2287 3406 adji-

171 3447 336 3493 cere
391 3423 825 3496 inveniendae
870 3423 1170 3494 veritatis
1222 3422 1441 3522 gratia
1485 3442 1717 3521 potes,
1766 3419 2061 3513 adhibe,
2111 3421 2284 3493 dum

173 3538 469 3638 spiritus
506 3541 672 3630 erit,
709 3539 879 3612 dum
915 3537 1108 3639 loqui
1149 3559 1495 3638 poterunt.
1528 3538 1817 3628 Quaere,
1853 3565 1941 3608 an
1979 3559 2235 3637 negent
2268 3565 2283 3607 ε

175 3677 250 3726 et
275 3653 332 3727 si
360 3656 982 3754 perseveraverint,
1011 3653 1190 3728 aude
1221 3655 1447 3728 dicere
1466 3712 1485 3747 ‚
1519 3653 1846 3726 homines
1876 3653 1951 3724 in
1983 3675 2289 3725 tormen-

171 3770 268 3842 tis
301 3770 565 3843 solere²
599 3769 906 3844 mentiri.
1756 3767 1759 3772 ’

259 3923 308 3957 1.
335 3906 484 3958 Nam
517 3915 581 3957 ut
609 3906 878 3958 damnetis.
907 3905 1019 3956 Etsi
1051 3902 1202 3957 dam·
1355 3919 1404 3956 a.
1429 3905 1583 3957 Aude
1610 3903 1809 3971 dicere,
1846 3902 2074 3955 homines
2098 3902 2155 3952 in
2187 3913 2290 3952 tor*-

165 3997 340 4036 natns
376 3987 513 4051 erit,
547 4001 655 4058 quo
688 3985 919 4054 injiciam
951 4000 1199 4050 manum,
1279 3985 1469 4038 mentis
1501 3985 1663 4038 solere
1702 3984 1929 4036 mentiri.
1968 3985 2103 4034 Nam
2146 3982 2191 4033 si
2232 3980 2291 4032 id

173 4062 278 4114 ubi
298 4065 586 4134 pecuniam
605 4063 894 4134 reperiam,
915 4079 1075 4134 quam
1091 4065 1206 4116 ‚vin-
1282 4081 1442 4118 ausus
1461 4067 1527 4117 sit
1548 4063 1725 4116 dicere
1744 4061 1996 4114 adversus
2016 4079 2189 4112 servos
2214 4059 2291 4111 di-

175 4143 398 4200 dicem?
1275 4144 1398 4222 ¹vitis
1418 4166 1430 4194 :
1452 4161 1578 4197 ecce
1597 4141 1738 4196 idem
1751 4143 1977 4215 pauperi
1989 4139 2289 4211 objicietur,
