2855 4871
561 441 688 522 454
1059 435 1152 498 Μ.
1201 432 1451 496 FABn
1498 427 2137 514 QUINTILIANI

2304 679 2495 700 mm
2498 675 2641 698 m„

556 685 942 710 mmmm
1622 681 2009 702 'mmm

1341 867 1865 946 CCCLVII.

760 1107 956 1177 Uxor
983 1129 1124 1174 non
1149 1099 1535 1199 relinquens
1556 1095 1643 1169 ob
1666 1096 2081 1170 adulterium
2100 1115 2455 1170 coecatum.

559 1301 845 1358 Anum-ran
871 1314 1253 1356 exoa-:cerum
1287 1293 1463 1353 Uxon
1498 1313 1703 1353 vnum
1738 1315 1805 1353 nv
1834 1313 2219 1353 cuAmn‘nz
2254 1315 2336 1354 m:
2368 1313 2641 1354 nest-zan.

637 1394 939 1471 Quaedam
962 1393 1122 1475 patri
1150 1389 1226 1450 de
1249 1390 1477 1449 marito
1502 1402 1593 1448 ter
1616 1403 1829 1470 questa
1846 1435 1862 1462 ‚
1896 1405 1955 1450 et
1984 1403 2183 1452 tacere
2209 1388 2413 1471 jussa,
2444 1401 2643 1472 postea

638 1492 716 1551 ab
742 1501 1036 1550 excaecato
1058 1487 1139 1548 ob
1163 1486 1539 1547 adulterium
1558 1489 1696 1546 viro
1713 1489 1863 1571 quia
1884 1508 2011 1548 non
2038 1487 2291 1563 recedit,
2314 1486 2641 1548 abdicatur.

1413 1667 1779 1736 SERMO.

647 1819 804 1882 Haec
823 1815 1064 1881 mulier
1083 1813 1261 1882 dicet
1277 1833 1625 1906 acceptum
1644 1841 1681 1882 a
1703 1834 1887 1907 patre
1906 1817 2217 1884 maritum
2231 1869 2248 1897 ,
2270 1841 2343 1883 se
2363 1815 2446 1882 ab
2468 1817 2645 1882 initio

554 1947 774 1994 amare
811 1928 1128 2017 coepisse:
1169 1927 1695 2006 adolescentem,
1740 1927 2087 1994 lenociniis
2120 1927 2441 1992 adulterae
2483 1929 2645 1992 illius

557 2055 770 2124 usque
795 2047 874 2098 eo
899 2049 1164 2122 captum
1186 2055 1357 2108 esse,
1383 2049 1459 2097 ut
1482 2035 1775 2098 revocari
1799 2057 1837 2098 a
1866 2031 2227 2123 cupiditate
2252 2055 2385 2099 non
2414 2051 2645 2122 posset.

557 2145 649 2208 Ut
677 2164 948 2207 necesse
988 2159 1158 2222 erat,
1197 2140 1500 2206 modeste
1522 2162 1537 2189 ¹
1580 2163 1651 2206 se
1682 2139 1941 2221 tulisse,
1978 2159 2047 2207 et
2080 2165 2160 2206 eo
2194 2142 2405 2229 magis
2426 2192 2443 2220 ,
2476 2140 2643 2231 quod

557 2249 866 2312 maritum
893 2245 1232 2334 diligeret:
1259 2247 1551 2312 voluisse
1582 2269 1741 2335 ergo
1767 2249 2047 2336 experiri
2066 2299 2083 2328 ‚
2110 2247 2273 2336 quid
2300 2247 2387 2312 de
2408 2247 2648 2312 adulte·

557 2355 645 2420 ris
683 2368 873 2442 pater
902 2353 1207 2433 sentiret;
1250 2353 1573 2418 indicasse
1599 2355 1660 2417 ei
1688 2352 2125 2418 adolescentis
2157 2371 2490 2417 errorem:
2527 2374 2649 2416 res-

559 2458 873 2549 pondisse
908 2458 1094 2528 illum
1113 2508 1128 2539 ,
1166 2481 1309 2523 esse
1335 2454 1640 2548 quaedam
1664 2458 1963 2525 aetatibus
1990 2480 2302 2523 concessa
2317 2473 2365 2539 ²,
2402 2482 2528 2525 nec
2558 2482 2647 2521 re-

557 2564 886 2662 prehendi
933 2567 1116 2630 lusus
1158 2566 1224 2629 in
1271 2565 1602 2655 ejusmodi
1638 2566 1913 2655 juventa
1963 2564 2230 2630 debere.
2278 2567 2455 2629 Tum
2506 2588 2645 2630 vero

557 2678 879 2744 cariorem
909 2674 1032 2739 sibi
1061 2674 1274 2737 virum
1313 2674 1561 2737 factum
1580 2722 1595 2751 ,
1634 2688 2063 2761 posteaquam
2092 2672 2347 2737 lusibus
2374 2674 2517 2765 ejus
2544 2692 2645 2761 pa·

557 2780 866 2851 trociuari
905 2780 1100 2849 etiam
1134 2802 1335 2847 senex
1367 2779 1659 2867 coeperit.
1700 2776 1829 2843 Sed
1863 2802 2071 2869 quum
2098 2777 2362 2844 videret
2396 2775 2647 2867 nequis-

557 2892 738 2955 simae
761 2888 1054 2953 mulieris
1074 2884 1400 2951 illecebris
1420 2886 1731 2949 maritum
1756 2887 1965 2951 teneri
1980 2883 2027 2963 3,
2056 2901 2123 2949 et
2136 2886 2277 2975 jam
2299 2884 2643 2951 vindictam

559 2992 904 3072 adulterii,
954 3006 1152 3079 atque
1197 2993 1611 3057 occasionem
1654 3006 1915 3079 captare
1953 2988 2271 3057 adulterae
2310 2990 2641 3067 maritum3

561 3102 802 3166 iterum
851 3096 936 3163 ad
985 3114 1238 3183 patrem
1287 3097 1547 3163 venisse
1573 3148 1589 3178 ‚
1638 3113 1714 3162 ut
1764 3096 1937 3162 illius
1991 3091 2220 3161 saltem
2272 3097 2643 3162 auctoritate

563 3202 901 3291 emendari
937 3200 1322 3267 adolescens
1356 3220 1598 3291 posset.
1636 3206 1712 3267 In
1753 3204 1985 3269 eadem
2015 3226 2179 3268 voce
2214 3202 2407 3267 illum
2440 3224 2643 3292 perse·

559 3333 822 3377 verasse
843 3309 1104 3387 iterum,
1121 3330 1196 3372 ac
1218 3310 1440 3374 tertio:
1466 3310 1905 3374 miserrimum
1922 3333 2079 3397 ergo
2086 3312 2413 3399 juvenem
2430 3305 2644 3375 fraude

561 3435 628 3484 et
664 3416 916 3481 insidiis
960 3411 1350 3503 deceptum,
1387 3438 1533 3480 eam
1570 3416 1902 3481 fortunam
1940 3416 2297 3492 sustinere,
2324 3438 2521 3505 quam
2560 3412 2641 3475 illi

565 3544 829 3608 semper
855 3543 1021 3585 uxor
1043 3521 1356 3587 timuerit.
1389 3522 1754 3587 Accessisse
1780 3544 2026 3588 novum
2050 3521 2257 3585 amori
2296 3542 2421 3585 suo
2448 3540 2639 3584 sacra-

565 3644 900 3705 mentum,
936 3640 1002 3690 et
1021 3624 1275 3715 judicio
1300 3624 1544 3714 pan-isti
1568 3628 1813 3692 factum
1840 3627 2109 3718 juvenis
2132 3626 2473 3693 affectum.
2510 3626 2637 3687 Hoc

643 3770 686 3804 1.
723 3752 967 3803 Modeste.
1009 3748 1226 3802 Moleste
1240 3789 1257 3818 ‚
1296 3749 1564 3805 AErodius.
1720 3753 1768 3804 3.
1815 3752 2067 3804 Maritum
2115 3752 2293 3803 teneri.
2344 3750 2407 3803 Et
2450 3750 2547 3800 hoe
2586 3748 2631 3797 in

636 3850 684 3883 τι.
711 3830 954 3900 Quaedam
974 3830 1210 3883 aetatibus
1227 3848 1472 3884 concessa.
1491 3833 1569 3883 Ita
1649 3830 1919 3883 amoribus
1966 3830 2183 3883 verbum
2228 3832 2500 3901 proprium
2519 3865 2535 3893 ‚
2572 3824 2631 3877 de

563 3908 710 3961 Decl.
739 3910 904 3960 xvln
921 3946 937 3975 ,
962 3926 995 3977 9
1013 3946 1029 3973 ‚
1054 3922 1208 3959 vocat
1239 3932 1261 3955 a
1275 3910 1568 3977 juventutis
1650 3928 1757 3979 quo
1774 3907 1890 3961 vide
1906 3908 2043 3961 Gud.
2062 3923 2112 3961 et
2128 3909 2259 3961 alios
2278 3908 2342 3959 ad
2357 3906 2545 3959 Phaedr.
2564 3904 2629 3965 11,

571 4020 593 4033 ··
613 4004 860 4038 elcurSUS
884 4007 898 4047 ;
941 3998 992 4037 et
1029 3985 1174 4038 Decl.
1215 3986 1529 4039 CCCLXXV
1554 4008 1565 4038 z
1651 4009 1697 4044 2.
1718 3990 1850 4043 Vide
1868 4004 1919 4043 et
1934 4008 2079 4061 supr.
2096 3990 2243 4043 Decl.
2266 3990 2399 4051 xlv,
2416 3988 2463 4039 3.
2478 3988 2623 4038 Bou.

568 4085 591 4106 ιι
611 4066 910 4135 Lusus,qui
925 4062 1114 4117 donari
1128 4068 1264 4117 oetati
1279 4079 1520 4137 possunt.
1540 4088 1562 4113 ιο
1718 4070 1765 4135 4.
1794 4070 2079 4141 Etjudice'o
2098 4071 2264 4139 patris
2275 4070 2624 4139 ,plectrum-jam*b

563 4144 682 4195 Sca.
703 4146 768 4195 Et
786 4144 870 4195 hic
889 4146 1033 4198 oeeau·
1047 4146 1279 4200 malebat
1292 4148 1566 4200 Francius.
1651 4149 1729 4200 nis
1742 4148 2017 4219 affectum.
2032 4146 2189 4201 Forte
2204 4167 2217 4199 ι
2227 4138 2622 4219 factumjuveafs
