2855 4871
2299 246 2338 279 Ι

656 426 1508 511 DECLAMATIONES„
1541 428 1919 495 cccxvi.
2196 452 2322 521 ²77

226 554 387 621 bam
407 550 627 633 vobis,
656 569 733 633 ut
752 575 1107 642 personam
1129 553 1558 629 intueremini
1582 554 1754 643 ejus,
1786 550 1966 642 apud
2000 577 2203 645 quem
2227 554 2330 621 di-

226 660 444 737 cenda
465 676 637 730 esset
658 660 1014 726 sententia:
1042 661 1133 725 sic
1153 684 1334 727 nunc
1352 683 1624 750 quoque
1644 660 2042 741 admoneam
2059 684 2328 730 necesse

224 786 359 849 est,
387 785 463 835 ut
488 770 866 834 intueamur
894 792 1278 859 personam,
1304 792 1505 857 quam
1528 768 1720 835 nohis
1748 768 2108 835 induimus.
2139 774 2330 837 Pater

224 874 340 941 hic
370 873 583 965 qualis
616 876 756 940 est?
784 897 920 940 non
954 897 1137 940 acer:
1175 874 1586 939 luxuriosum
1622 898 1756 940 non
1793 873 2154 956 abdicavit,
2193 900 2328 943 non

221 982 635 1049 conviciatus
654 990 673 1016 ¹
713 998 849 1047 est:
896 982 1094 1047 etiam
1132 1005 1341 1073 quum
1382 979 1634 1071 aliquid
1673 980 2080 1049 admonendi
2125 986 2330 1072 gratia

224 1091 513 1169 faceret,
542 1091 747 1153 tacuit
784 1106 1039 1171 tamen,
1080 1112 1213 1154 non
1255 1089 1496 1155 durus:
1529 1089 1715 1155 flevit
1751 1090 1952 1154 enim.
1983 1087 2330 1179 Quidquid

224 1212 463 1261 contra
486 1194 779 1261 colorem
798 1196 947 1261 talis
970 1197 1173 1261 animi
1199 1194 1588 1275 dixerimus,
1620 1194 1913 1287 quodam
1941 1195 2144 1261 modo
2175 1220 2329 1261 con·

222 1318 331 1365 tra
354 1298 583 1365 thema
605 1299 921 1367 dicemus,
948 1301 1313 1367 Consilium
1340 1302 1567 1391 itaque
1591 1302 1794 1367 totius
1817 1301 2092 1367 actionis
2120 1324 2199 1365 ex
2224 1301 2329 1367 his

226 1430 474 1497 capere
494 1405 813 1473 debemus
828 1458 845 1488 ,
867 1432 1015 1498 quae
1036 1424 1549 1497 praecesserunt:
1574 1408 1736 1498 quid
1759 1408 1940 1474 aliud
1960 1409 2333 1497 praecessit?

226 1512 451 1579 mollis
480 1511 749 1578 invidia.
783 1516 957 1602 Ergo
981 1537 1188 1602 quum
1212 1513 1803 1603 approhaverimus
1827 1537 1963 1579 non
1995 1537 2131 1579 uno
2156 1516 2332 1580 facto

224 1618 639 1684 dementiam
663 1640 805 1685 esse
830 1619 1383 1699 convincendam,
1404 1621 1752 1685 veniemus
1776 1619 1860 1684 ad
1887 1617 2194 1685 ordinem
2217 1620 2334 1685 de-

224 1723 577 1788 fensionis.
599 1728 933 1790 Anteactae
960 1725 1111 1790 vitae
1134 1726 1301 1791 ratio
1330 1742 1622 1791 constet:
1653 1723 1783 1790 hoc
1810 1748 1950 1791 non
1975 1742 2332 1816 propterea

226 1846 495 1894 tantum
522 1827 885 1895 dicendum
917 1848 1051 1909 est,
1078 1827 1261 1920 quod
1293 1831 1387 1896 sic
1421 1828 1695 1895 defendi
1727 1852 1882 1897 reus
1917 1847 2174 1920 potest:
2211 1831 2330 1898 sed

227 1936 437 2002 etiam
462 1933 644 2025 quod
680 1933 929 2001 invidia
958 1934 1135 2001 redit
1163 1936 1247 2003 ad
1270 1951 1740 2002 accusatorem.
1765 1936 2008 2004 Omnia
2030 1960 2179 2027 quae
2207 1960 2330 2026 pro
2429 2016 2440 2023 ‚

228 2065 305 2111 se
332 2040 605 2124 dixerit,
630 2043 705 2107 in
726 2040 938 2107 filium
961 2041 1157 2108 dicet.

933 2196 1634 2262 DECLAMATIO.

336 2321 538 2413 Quid
562 2320 695 2393 feci
723 2318 1121 2393 dementer?
1129 2319 1406 2422 juvenis
1431 2320 1792 2421 frugaliter
1808 2319 1944 2393 vixi
1961 2376 1980 2409 ,
2011 2320 2332 2420 patrimo-
2412 2330 2433 2341 ‘

232 2437 443 2508 nium
483 2434 638 2508 auxi
664 2493 683 2524 ,
726 2441 1009 2508 ux‘orem
1056 2434 1256 2530 duxi,
1300 2434 1531 2508 filium
1579 2433 1866 2526 sustuli,
1909 2432 2100 2508 hunc
2143 2461 2328 2508 ame.

230 2551 482 2642 FlenS,
518 2551 775 2650 inquit,
804 2578 919 2624 me
944 2577 1068 2652 per
1099 2549 1466 2649 publicum
1493 2551 1838 2649 sequeris:
1870 2571 2191 2648 poterant
2213 2549 2335 2622 illa

232 2688 301 2739 et
338 2686 651 2766 separata
687 2662 970 2737 defendi
1008 2691 1025 2736 ε
1067 2691 1235 2736 nam
1276 2691 1504 2762 neque
1550 2662 1994 2734 admirationi
2029 2663 2332 2760 profecto

234 2783 573 2882 cuiquam
608 2781 1006 2854 mortalium
1032 2803 1246 2871 esset,
1280 2779 1470 2878 quod
1504 2800 1694 2878 pater
1729 2779 1956 2851 filium
1987 2803 2330 2880 sequerer,

234 2920 303 2972 et
340 2919 665 2998 separatae
697 2898 788 2970 ab
824 2897 955 2970 hoc
990 2897 1313 2995 lacrymae
1344 2916 1668 2995 poterant
1698 2893 1917 2967 videri
1957 2919 2100 2965 non
2134 2894 2223 2966 ad
2263 2915 2330 2967 te

235 3014 605 3114 pertinere.
627 3013 793 3104 Sed,
822 3041 911 3085 ne
930 3013 1076 3085 ulla
1096 3033 1235 3085 arte
1260 3013 1611 3110 suffugere
1635 3011 1901 3084 crimen
1925 3010 2332 3082 accusatoris

234 3129 651 3222 meividear,
662 3149 883 3201 totum
898 3129 1054 3218 hoc,
1068 3128 1257 3226 quod
1276 3126 1626 3230 objicitur,
1641 3126 1938 3228 jungam
1949 3129 2331 3223 ‚Lacrymae

314 3280 335 3314 ι
349 3303 361 3313 .
386 3262 513 3316 Non
537 3263 865 3316 conviciatus.
886 3263 1011 3316 Non
1030 3263 1246 3315 commi·
1332 3284 1355 3308 ι
1375 3259 1621 3315 omnibus
1644 3259 1728 3312 his
1752 3277 2035 3312 commune
2057 3271 2163 3324 est,
2185 3255 2332 3328 qnod

238 3351 391 3396 nam
421 3351 525 3409 est,
558 3341 663 3394 alii.
702 3371 769 3384 -·
802 3343 955 3413 Quod
983 3343 1073 3396 sic.
1112 3342 1247 3412 Quia
1332 3363 1355 3386 α
1375 3341 1454 3392 rei
1473 3359 1584 3392 non
1609 3357 1817 3411 semper
1840 3336 2150 3400 defensione
2171 3336 2333 3400 facti,

234 3426 309 3477 sic
317 3462 336 3490 ,
360 3437 411 3476 et
431 3441 552 3474 mox
564 3460 581 3488 ‚
594 3424 717 3494 quia
737 3423 965 3490 invidia,
982 3422 1159 3476 AErod.
1176 3452 1249 3463 —-
1332 3444 1357 3468 c
1377 3421 1472 3475 sed
1485 3423 1826 3474 excusatione
1840 3438 1903 3471 ac
1917 3421 2069 3471 venia
2083 3419 2332 3488 frequen-

242 3503 374 3570 Quoe
384 3517 486 3573 pro
498 3518 550 3552 se
561 3499 765 3552 dixerit.
784 3501 911 3572 Quoe
922 3519 1021 3574 pro
1038 3519 1089 3553 se
1108 3502 1246 3554 dixe-
1332 3523 1357 3548 «
1376 3516 1456 3553 ter
1478 3513 1730 3552 utuntur:
1761 3513 1840 3552 est
1873 3501 2012 3551 enim
2041 3499 2334 3551 domestica

240 3581 309 3631 rit
332 3579 385 3630 in
394 3575 613 3650 filium,
642 3579 698 3630 in
720 3598 773 3631 se
794 3579 947 3648 dicit,
972 3579 1153 3632 AErod.
1180 3611 1247 3619 -—
1332 3605 1355 3628 α
1375 3581 1690 3654 disceptatio
1705 3619 1723 3648 .,
1745 3583 1798 3631 in
1825 3597 1928 3651 qua
1953 3591 2006 3631 et
2031 3579 2192 3631 semel
2215 3599 2335 3650 pec·

240 3659 318 3710 De
362 3657 466 3710 hac
512 3658 786 3711 dementia!
826 3659 901 3710 rei
940 3657 1247 3712 defensione
1332 3687 1355 3710 ιι
1374 3679 1550 3727 casse,
1575 3674 1626 3712 et
1651 3679 1748 3734 per
1770 3679 1998 3712 errorem
2018 3697 2034 3725 ,
2060 3673 2112 3711 et
2135 3658 2298 3711 levius
2316 3698 2332 3724 ,

242 3735 323 3788 his
357 3737 531 3788 verbis
572 3738 823 3810 expressit
862 3737 1099 3791 eamdem
1135 3739 1246 3790 fere
1332 3763 1353 3788 a
1375 3759 1534 3812 quarn
1557 3739 1849 3812 abjiciatur,
1869 3739 2190 3792 absolutioni
2207 3755 2334 3788 non-

242 3818 559 3868 sententiam
577 3815 760 3882 Quint.
781 3818 905 3868 Inst.
922 3816 1015 3868 vu
1029 3853 1047 3882 ,
1066 3815 1099 3881 4
1112 3854 1129 3882 ,
1148 3815 1180 3866 3
1193 3832 1210 3866 1
1232 3837 1242 3865 :
1332 3843 1355 3866 α
1374 3837 1650 3891 nunquam
1667 3817 1880 3871 sufficit.
1904 3841 1925 3865 ι»
1949 3821 1992 3870 Ε
2006 3815 2199 3887 quibus
2214 3814 2333 3885 pln—

248 3919 271 3941 ·
288 3895 431 3946 Reus
461 3892 807 3964 (dementiae)
842 3895 1050 3966 quoties
1086 3913 1247 3947 causa
1326 3901 1456 3952 rima
1483 3902 1717 3954 sermoni
1743 3902 1894 3952 istius
1924 3895 2332 3951 Declamationis

246 3999 271 4021 a
290 3976 552 4046 patietur,
583 3973 799 4028 debebit
830 3993 941 4028 esse
974 3977 1027 4028 in
1060 3975 1248 4028 defen·
1326 3981 1514 4032 referri
1541 3979 1698 4032 facile
1725 3975 2111 4048 deprehendes.
2139 3977 2232 4027 En.
2261 4005 2332 4016 ·-

248 4081 271 4106 ι
292 4058 443 4108 sione
462 4055 794 4124 moderatus,
814 4058 941 4128 quia
957 4057 1067 4108 fere
1092 4059 1171 4109 ira
1195 4070 1248 4111 et
1326 4059 1580 4110 Poterant
1603 4055 1698 4108 illa
1727 4065 1778 4107 et
1801 4073 1905 4126 sep.
1931 4055 2042 4124 Bip.
2071 4051 2193 4104 edit.
2221 4065 2329 4126 pot.

250 4155 283 4192 ⁴¹.
294 4137 582 4188 concitatio
632 4135 801 4188 furori
846 4149 969 4189 sunt
1014 4135 1203 4189 similia
1228 4156 1245 4198 ς
1326 4137 1423 4190 ista
1445 4147 1497 4190 et
1515 4153 1616 4207 sep.
1641 4135 1820 4186 nescio
1847 4150 1954 4204 quo
1979 4133 2134 4184 duce.
