2855 4871
525 383 612 465 64
929 470 936 473 -
1039 384 1133 449 Μ.
1182 384 1431 447 FABII
1476 382 2107 465 QUINTILIANI

527 510 724 584 enim
766 508 944 583 illud
977 509 1274 583 faciebat
1307 530 1667 609 tamquam
1702 511 1953 609 gener)
1986 529 2267 607 accepta
2306 506 2633 581 humeris

529 623 672 697 suis
699 622 928 724 puella
951 682 970 713 ,
1005 649 1128 724 per
1159 643 1258 696 tot
1285 623 1723 697 difficultates
1743 678 1763 712 ‚
1793 649 1918 723 per
1942 644 2043 695 tot
2068 621 2409 727 pericula,
2444 620 2635 694 nihil

528 767 653 840 pro
685 740 906 839 seipso
952 740 1321 831 sollicitus,
1371 739 1554 812 tulit.
1608 742 1849 832 Quam
1894 740 2078 813 istud
2126 765 2273 812 non
2322 736 2637 811 humani

527 875 801 927 tantum
838 854 1099 954 operiS,
1133 853 1253 928 sed
1288 853 1508 929 divini
1540 855 1905 957 cujusdam
1941 853 2267 928 beneficii
2298 852 2643 925 arbitran-

529 968 702 1041 dum
737 970 875 1042 est?
905 971 1158 1061 Quum
1195 972 1324 1043 hos
1357 971 1839 1070 conjunxistis,
1874 962 2391 1071 copulastisque
2424 997 2439 1038 ε
2476 969 2639 1039 for-

524 1106 740 1173 tunae,
773 1084 953 1158 nihil
987 1112 1263 1159 necesse
1297 1084 1527 1159 habeo
1562 1088 1827 1159 diutius
1854 1087 1987 1159 hoc
2018 1078 2401 1186 imputare,
2438 1106 2637 1157 tam-

527 1227 745 1301 quam
792 1228 940 1273 non
983 1201 1412 1275 intellectum
1438 1258 1459 1291 ,
1505 1230 1652 1274 non
1702 1202 2003 1302 perdidit
2044 1200 2509 1275 beneficium:
2564 1220 2639 1271 et

526 1315 764 1414 puella
803 1343 876 1387 se
917 1315 1098 1387 nihil
1133 1343 1279 1389 non
1321 1316 1491 1389 huic
1524 1316 1774 1389 debere
1814 1316 2140 1388 credidit:
2178 1336 2248 1388 et
2288 1334 2482 1415 pater
2530 1313 2637 1390 ita

526 1430 1010 1529 interpretatus
1048 1451 1148 1503 est
1170 1488 1189 1521 ,
1235 1430 1463 1531 majus
1492 1428 1709 1521 illud,
1750 1451 1839 1503 ut
1856 1429 2267 1507 existimaret
2294 1428 2521 1501 amico
2554 1427 2637 1499 in

527 1570 632 1637 se,
672 1572 752 1617 ac
793 1572 953 1621 suos
980 1603 998 1636 ‚
1049 1547 1292 1622 omnia
1333 1547 1563 1619 licere.
1612 1550 1888 1621 Rumor
1928 1547 2159 1647 itaque
2192 1546 2267 1619 in
2306 1544 2637 1633 civitate,

527 1688 670 1735 non
700 1662 959 1761 quibus
983 1663 1154 1736 alias
1180 1664 1352 1737 solet
1368 1663 1628 1755 causis,
1654 1686 1923 1737 exortus
1945 1686 2088 1737 est:
2122 1662 2242 1735 sed
2266 1660 2596 1735 homines
2614 1720 2637 1751 ‚

527 1778 700 1850 dum
743 1777 1230 1877 indignantur,
1262 1779 1500 1851 nescio
1547 1780 1661 1854 cui
1699 1778 1947 1881 juveni
1988 1778 2254 1877 optimo
2296 1798 2363 1848 et
2402 1775 2635 1848 nobili

528 1894 676 1966 dari
726 1894 1087 1993 puellam,
1145 1896 1537 1969 convicium
1586 1896 1903 1969 moribus
1951 1896 2164 1997 hujus
2192 1952 2212 1983 ,
2262 1910 2635 1992 tamquam

527 2007 778 2107 ingrati
805 2010 1126 2084 fecerunt
1150 2026 1196 2084 ¹.
1228 2011 1591 2111 Intelligo,
1618 2011 1926 2114 judices,
1963 2036 2181 2110 quam
2208 2008 2519 2097 difficili,
2548 2034 2633 2081 ac

530 2123 712 2197 velut
771 2126 1134 2226 scopuloso
1187 2129 1340 2201 loco
1395 2148 1700 2201 versetur
1748 2128 1963 2202 oratio
2016 2154 2217 2201 mea:
2267 2124 2635 2226 quomodo

528 2268 804 2315 narrem
831 2242 1050 2335 istud,
1089 2246 1280 2343 quod
1311 2246 1607 2319 confessi
1635 2246 1925 2320 sumus?
1954 2245 2134 2318 lllud
2171 2263 2342 2343 puto
2375 2242 2636 2315 tutissi-

603 2457 646 2492 1.
668 2432 960 2516 Tamquam
978 2446 1537 2518 inqratifecenmtdn-
1617 2463 1669 2501 et
1707 2450 1968 2520 optimum
2002 2448 2299 2519 pertineat3
2336 2463 2509 2516 neque
2548 2442 2636 2495 le·

527 2525 660 2594 grati
684 2523 790 2576 hoc
815 2538 921 2593 est,
946 2527 1123 2579 inviti:
1150 2525 1261 2594 vel,
1287 2543 1346 2580 ut
1367 2528 1536 2581 adno-

529 2608 780 2672 tavimus,
805 2609 1037 2678 ingram.
1067 2609 1262 2662 Sensus
1290 2623 1395 2662 est:
1427 2611 1535 2680 Qui

526 2707 708 2741 rumor
729 2693 786 2742 iu
811 2690 924 2742 aliis
947 2692 1121 2744 causis
1145 2693 1338 2744 exoriri
1366 2690 1533 2758 solet,

527 2766 738 2838 indigne
753 2770 954 2821 factum
973 2793 984 2820 :
1007 2769 1257 2822 violatam
1275 2769 1343 2822 ab
1361 2772 1531 2821 amico

525 2847 678 2898 amici
713 2846 904 2900 filiam:
939 2861 1100 2921 atque
1135 2863 1248 2902 tum
1281 2851 1535 2916 maxime,

525 2943 689 2994 quum
709 2925 876 2996 dignae
892 2928 1085 2998 opibus
1102 2967 1118 2995 ,
1140 2927 1311 3000 digne
1334 2942 1531 3001 poten·-

525 3005 625 3068 tia,
651 3018 701 3055 et
725 3005 1003 3058 nobilitate
1027 3009 1222 3078 nuptiae
1245 3006 1413 3077 dignm
1437 3027 1533 3080 pa·

525 3085 793 3138 rabuntur.
819 3089 944 3140 Non
967 3087 1025 3140 hi
1043 3107 1282 3140 rumores
1296 3128 1311 3155 ,
1331 3092 1529 3162 inquit,

525 3166 692 3216 exorti
723 3179 874 3218 sunt:
901 3165 998 3218 sed
1028 3166 1156 3220 dum
1187 3167 1401 3220 divitem
1437 3187 1531 3220 au-

523 3243 674 3296 diunt
693 3245 1051 3298 immemorem
1077 3259 1346 3298 tantorum
1369 3245 1530 3299 hene-

525 3327 794 3392 fieiorum‚
818 3328 980 3380 aliurn
999 3326 1100 3380 sibi
1117 3345 1372 3398 generum
1391 3347 1529 3398 quae·

524 3427 669 3461 rere:
701 3409 882 3462 oblata
911 3410 1002 3462 illa
1027 3429 1092 3463 ex
1113 3410 1346 3464 tumultu
1370 3429 1531 3462 occa-

525 3489 706 3554 sione,
741 3508 844 3560 qua
879 3489 1052 3542 solum
1086 3509 1210 3543 eum
1242 3490 1356 3543 sola
1387 3489 1533 3542 nacti

523 3583 726 3636 essent,
749 3570 817 3623 de
839 3569 1096 3625 industria
1121 3586 1328 3644 raptam
1346 3591 1376 3624 a
1399 3591 1531 3644 pau·

523 3667 648 3720 pere
669 3647 843 3702 divitis
866 3647 1052 3716 filiam,
1073 3652 1298 3722 quisque
1319 3654 1450 3722 jecit
1474 3653 1527 3704 iu

521 3728 738 3801 vulgae,
759 3744 816 3782 ut
835 3729 982 3782 bono
1006 3730 1112 3784 hoc
1136 3731 1262 3784 dolo
1283 3732 1432 3784 illum
1447 3735 1530 3802 ju-

523 3829 706 3863 venem
742 3809 978 3863 nobilem
1021 3829 1050 3862 a
1093 3812 1292 3882 nuptiis
1329 3823 1529 3864 averte-

523 3909 639 3945 rent
653 3915 666 3945 ε
685 3895 834 3964 quasi
847 3910 1055 3963 pauper
1065 3894 1186 3964 jure
1199 3911 1298 3946 suo
1315 3893 1501 3946 feeerit
1512 3931 1529 3961 ,

523 3993 634 4028 non
662 3978 743 4041 vi,
775 3993 884 4026 non
917 3975 1086 4043 elam,
1119 3993 1228 4026 nou
1261 3977 1527 4045 precario.

527 4055 704 4108 AEnon.
746 4057 936 4128 Neque
981 4055 1174 4129 inqmti
1217 4067 1298 4106 est
1343 4055 1489 4106 inviti
1512 4089 1528 4119 ,

525 4137 676 4208 quasi
693 4133 806 4188 hcc
823 4155 924 4190 vox
941 4137 1012 4190 ad
1026 4141 1276 4212 juvenem
1295 4135 1531 4190 nobilem

1614 2525 1845 2597 gendum
1867 2528 2111 2599 inqratoe,
2130 2538 2190 2594 ut
2206 2523 2273 2576 ad
2292 2521 2522 2595 puellam
2546 2541 2639 2574 re-

1612 2609 1826 2660 feratur.
1854 2608 2049 2680 Hujus,
2074 2605 2129 2658 id
2154 2620 2266 2673 est,
2288 2604 2485 2656 divitis.
2512 2605 2635 2656 Nec

1614 2705 1795 2740 rumor
1806 2689 1905 2740 iste
1920 2704 1983 2737 ex
1998 2684 2230 2738 tumultu
2242 2722 2259 2749 ,
2276 2682 2371 2736 sed
2387 2682 2635 2754 aliquan·

1613 2781 1670 2820 to
1703 2782 1827 2820 ante
1860 2766 2162 2820 tumultum.
2196 2767 2399 2817 Rumor
2428 2776 2511 2815 eet
2530 2765 2631 2830 ju-

1616 2851 1737 2903 vem‘
1759 2849 2005 2923 opulento
2028 2848 2119 2918 (et
2142 2850 2213 2901 ita
2234 2849 2371 2900 forte
2392 2843 2635 2898 scriben-

1612 2929 1741 2982 dum
1754 2947 1854 3002 pro
1871 2926 2089 3000 optimo)
2103 2939 2151 2979 et
2167 2925 2331 2977 nobili
2344 2925 2462 2976 dari
2470 2924 2631 2995 puel-

1616 3011 1740 3064 lam.
1766 3013 2025 3062 Rumores
2046 3007 2359 3081 plerumque
2381 3008 2635 3059 oriuntur

1612 3108 1674 3143 ex
1706 3088 1867 3142 rebus
1898 3089 2046 3140 novis
2082 3101 2243 3158 atque
2276 3085 2519 3138 insolitis.
2553 3086 2633 3136 At

1610 3189 1787 3242 neque
1800 3188 2017 3234 novum,
2028 3186 2201 3240 neque
2212 3181 2401 3241 praeter
2410 3185 2631 3238 exspec-

1611 3265 1781 3305 tatum
1807 3263 1887 3303 est
1915 3249 2061 3302 diviti
2088 3249 2303 3302 divitem
2333 3248 2437 3320 legi
2462 3267 2633 3319 gene-

1612 3353 1744 3386 rum.
1772 3333 1975 3384 Tamen
2012 3334 2133 3404 quia
2166 3349 2374 3404 pauper
2406 3343 2629 3382 servata

1610 3414 1799 3487 puellm
1843 3413 1911 3466 ab
1955 3433 2071 3467 sese
2113 3414 2329 3484 nuptias
2368 3413 2629 3466 meruisse

1609 3492 1919 3558 videbatur,
1964 3491 2221 3564 indignati
2265 3491 2506 3544 homines
2556 3491 2631 3544 ad

1612 3573 1935 3625 mentionem
1950 3569 2165 3624 alterius
2178 3574 2360 3644 generi
2376 3569 2515 3636 lecti,
2528 3589 2631 3642 pa-

1606 3667 1737 3704 trem
1764 3665 2033 3722 tamquam
2063 3651 2323 3721 ingratum
2353 3660 2407 3701 et
2432 3651 2629 3703 imme-

1608 3751 1809 3784 morem
1830 3731 2213 3784 benefieiorum
2234 3731 2482 3801 pauperis
2496 3767 2511 3794 ,
2532 3749 2633 3782 ru-

1610 3814 1849 3868 moribus
1872 3815 2205 3867 distulerunt.
2226 3811 2386 3866 Vides
2414 3831 2511 3865 cur
2538 3811 2632 3866 di-

1608 3907 1761 3948 catur
1776 3911 1971 3960 rumor,
1988 3911 2091 3945 non
2113 3893 2293 3965 quibus
2310 3889 2442 3944 alias
2456 3891 2592 3945 solet
2606 3931 2627 3958 ‚

1608 3975 1773 4028 causis
1794 3971 2013 4028 exon-tui.
2036 3973 2197 4026 Vides
2220 3975 2369 4044 eujus
2394 3973 2631 4028 moribus

1611 4056 1903 4109 convicium
1920 4095 1938 4122 ,
1970 4067 2235 4128 tamquam
2264 4055 2458 4128 ingrati
2480 4056 2629 4108 fece-

1612 4137 1733 4190 rint.
1757 4135 1925 4188 Giton.
