2855 4871
571 411 694 488 14²
1074 356 1169 475 Μ.
1218 405 1470 469 FABII
1516 402 2153 485 QUINTIMAM

566 530 712 601 filio
737 548 1109 629 praestaret:
1140 526 1257 599 illa
1284 526 1493 625 igitur
1511 523 1697 624 prior
1715 522 2077 595 damnavit
2092 542 2401 596 ventrem
2424 544 2630 591 suum.

563 647 892 719 Victurus
918 666 1156 717 autem
1184 644 1326 716 fuit
1347 642 1466 715 ille
1484 700 1503 733 ,
1532 640 1591 714 si
1620 668 1747 741 ego
1776 640 2161 713 adulteram
2192 665 2335 711 non
2366 636 2633 711 occidis-

559 788 748 835 sem:
785 790 928 835 non
968 761 1291 837 novimus
1331 759 1459 833 hos
1492 786 1720 831 mores
1756 756 2319 856 turpissimarum
2354 752 2634 827 femina-

563 904 722 949 rum
736 935 756 970 ,
786 900 865 949 ut
881 876 1157 951 oderint
1185 874 1597 976 puerperia?
1620 894 1699 949 ut
1728 873 1939 963 filios,
1960 872 2149 945 velut
2170 872 2435 945 indices
2454 868 2636 942 aetatis

562 1019 740 1085 suae,
775 990 1317 1067 abominentur?

564 1266 2173 1313 mmmmmmmmmmmm
2178 1264 2463 1287 mvn
2470 1260 2633 1283 mm

1259 1462 1959 1541 CCLXXVIII.

930 1710 1308 1807 Expositor
1326 1718 1560 1804 petens
1592 1730 1751 1777 cum
1766 1705 1951 1802 forti
1976 1722 2026 1775 x
2054 1702 2297 1775 millia.

567 1922 714 1981 Vim
729 1940 941 1983 ron-rm
955 1940 1149 1981 rum
1161 1938 1365 1980 nemu
1381 1938 1597 1979 nunu
1612 1937 1911 1979 Acerram
1928 1918 1985 1977 1⁸
2000 1917 2109 1999 qui
2122 1912 2639 1976 videbatur-filium

643 2015 904 2093 habere,
941 2018 1151 2079 decem
1189 2014 1420 2091 millia,
1450 2034 1645 2095 quum
1684 2014 1787 2075 ine
1812 2013 2060 2075 fortiter
2089 2012 2363 2085 fecisset,
2394 2010 2639 2092 accepit:

641 2130 855 2198 postea
881 2116 1173 2199 juvenem
1209 2128 1382 2196 pater
1423 2113 1725 2173 naturalis
1766 2114 2061 2195 agnovit:
2102 2110 2320 2173 solutis
2358 2106 2639 2173 alimentis

645 2214 904 2297 recepit:
936 2216 1088 2297 petit
1109 2212 1318 2274 decem
1347 2210 1565 2272 millia.

1261 2414 1966 2480 DECLAMATIO.

669 2585 930 2658 Decem
961 2581 1190 2656 millia
1219 2609 1262 2654 a
1290 2609 1404 2654 me
1434 2581 1651 2684 petis?
1684 2608 1824 2681 quo
1840 2581 2044 2684 jure?
2076 2608 2215 2680 qua
2245 2581 2492 2654 causa?
2516 2605 2641 2652 cre-

569 2698 827 2790 didisti,
859 2725 950 2772 an
977 2697 1400 2800 deposuisti?
1425 2725 1517 2772 an
1544 2725 1625 2772 ex
1653 2697 1945 2798 alicujus
1977 2697 2071 2770 rei
2091 2696 2489 2770 venditione
2515 2721 2641 2795 pre·

563 2817 743 2888 tium
791 2817 880 2890 ad
927 2836 992 2888 te
1041 2815 1386 2917 pertinet?
1440 2815 1619 2888 nihil
1661 2813 1921 2889 horum
1964 2842 1979 2886 :
2030 2813 2269 2887 nullus
2318 2815 2497 2888 inter
2536 2837 2643 2886 nos

566 2952 953 3004 contractus
980 2931 1148 3021 fuit3
1185 2931 1320 3004 nisi
1351 2930 1543 3030 quod
1570 2929 1747 3004 mihi
1781 2957 2009 3030 nuper
2038 2929 2303 3026 aliquid
2340 2925 2641 3002 debuisti.

563 3045 828 3144 Legem
868 3047 1116 3136 affers,
1162 3072 1302 3145 qua
1347 3045 1524 3145 patri
1560 3044 1689 3118 viri
1736 3045 1930 3116 fortis
1974 3044 2213 3118 decem
2256 3044 2481 3116 millia
2520 3039 2641 3114 dari

567 3181 877 3259 oportet:
920 3160 1119 3261 cujus
1154 3161 1445 3261 quidem
1475 3187 1768 3232 summae
1805 3161 1861 3232 si
1895 3187 2038 3234 non
2072 3179 2427 3260 praestetur
2458 3156 2642 3240 fides,

565 3275 842 3373 petitio,
868 3297 948 3348 ut
976 3275 1247 3376 opinor,
1279 3304 1320 3346 a
1350 3275 1708 3375 republica
1738 3297 1857 3348 est.
1884 3279 2064 3348 Nam
2096 3298 2173 3347 ut
2184 3277 2339 3379 jam
2370 3293 2641 3356 constet,

565 3411 722 3462 uter
762 3393 1069 3491 accipere
1111 3391 1432 3465 debuerit
1454 3447 1474 3480 ‚-
1517 3391 1698 3464 illud
1742 3413 1981 3464 tamen
2026 3393 2445 3493 respondeas
2490 3383 2641 3461 mihi

565 3505 774 3578 velim
795 3564 813 3598 ,
846 3508 999 3605 quis
1028 3509 1190 3582 dare
1228 3507 1586 3602 debuerit:
1626 3509 1681 3580 si
1714 3507 1893 3608 patri
1932 3507 2245 3598 debetur,
2282 3503 2495 3578 debet
2522 3528 2645 3574 res-

565 3621 1326 3721 publica.ViderimuS‚
1359 3652 1453 3698 an
1480 3651 1613 3724 ego
1643 3653 1685 3696 a
1712 3625 1982 3696 civitate
2016 3645 2195 3697 recte
2229 3621 2639 3720 acceperim:

563 3759 642 3809 tu
673 3763 817 3808 non
847 3762 1039 3838 potes
1073 3743 1420 3840 accipere,
1458 3741 1591 3813 nisi
1624 3767 1667 3812 a
1696 3741 1994 3814 civitate.
2028 3743 2117 3812 At
2142 3765 2267 3836 ego
2292 3733 2519 3836 accepi
2548 3731 2641 3816 id,

569 3853 758 3954 quod
800 3853 928 3926 tibi
963 3854 1349 3928 debebatur
1385 3883 1400 3926 :
1444 3878 1610 3956 puta
1643 3883 1759 3928 me
1799 3857 1873 3928 in
1912 3853 2271 3955 praesentia
2304 3845 2641 3925 confiteri:

569 3989 826 4067 repetet
849 3971 1126 4044 fortasse
1153 3971 1276 4070 qui
1307 3971 1537 4043 dedit:
1568 3971 1850 4044 interim
1872 3971 2000 4042 tibi
2023 3997 2167 4042 non
2186 3968 2364 4041 alius
2389 3962 2642 4046 debuit,

571 4109 785 4185 quam
815 4087 936 4186 qui
965 4087 1144 4162 mihi
1171 4085 1385 4162 dedit.
1419 4085 1555 4161 Sed
1581 4087 1737 4160 volo
1764 4115 1953 4160 nunc
1980 4113 2182 4186 agere
2208 4084 2419 4158 etiam
2440 4079 2643 4179 reipu-
