2855 4871
588 440 713 523 514
1086 436 1180 501 M.
1228 433 1480 500 mnu
1523 431 2162 517 Qum'rlLlAm

580 566 742 639 fecit
774 564 877 636 illi
920 564 1285 635 animum:
1318 586 1446 659 age
1468 616 1488 650 ,
1522 559 1693 659 quid
1737 558 1794 631 si
1834 560 2090 631 ancilla
2129 561 2518 660 cognoscit?
2559 564 2696 635 Est

581 681 869 782 quidem
906 678 1189 751 humilis
1222 702 1558 777 persona,
1595 696 1664 747 et
1696 676 1760 747 ei
1793 677 2075 748 fortuna
2110 677 2520 776 gravitatem
2555 678 2693 751 de-

582 796 793 870 trahit
828 822 843 865 ε
900 794 1017 866 sed
1062 815 1239 892 saepe
1282 813 1706 890 magnorum
1752 788 1926 861 fides
1969 814 2050 863 ex
2096 791 2374 891 magnis
2415 790 2696 865 ‘veniti'

578 912 751 1012 quid
782 911 843 982 si
876 909 1096 1008 frugi,
1132 908 1422 1009 probata
1454 906 1790 980 domino?
1825 926 1988 979 sunt
2021 906 2225 979 etiam
2265 908 2340 979 in
2383 907 2494 979 his
2527 932 2694 979 mo-

578 1054 735 1100 rum
764 1025 1189 1099 discrimina.
1222 1024 1419 1113 Quid
1447 1021 1576 1121 (ad
1601 1023 1872 1094 fontem
1897 1050 2116 1094 causae
2142 1047 2268 1123 per
2291 1023 2548 1121 gradus
2573 1048 2690 1095 ve·

578 1144 779 1239 nio)?
806 1141 1088 1213 libertus
1120 1160 1449 1239 paternus
1485 1138 1840 1237 agnoscit:
1877 1138 2061 1237 frugi
2101 1164 2361 1228 servos,
2399 1138 2686 1209 libertos

578 1260 899 1331 facimus.
936 1257 1279 1330 Sortimur
1312 1283 1568 1356 genus,
1605 1280 1750 1328 non
1784 1256 2113 1355 eligimus
2145 1284 2160 1329 :
2201 1282 2330 1329 nec
2365 1278 2527 1328 ante
2557 1282 2686 1328 nos

580 1374 794 1446 nostri
829 1371 1086 1445 arbitrii
1120 1397 1383 1445 sumus.
1421 1374 1511 1443 Et
1541 1372 1778 1444 nescio
1811 1398 1900 1444 an
1937 1372 2162 1473 majus
2195 1372 2283 1445 sit
2312 1373 2539 1445 facere
2569 1398 2688 1471 ge-

576 1516 749 1563 nus:
786 1489 1069 1562 libertus
1100 1488 1230 1561 viri
1268 1489 1407 1580 tui,
1449 1489 1729 1579 mulier,
1775 1490 1972 1591 cujus
2003 1488 2290 1592 judiciis
2329 1490 2682 1590 gloriaris»,

574 1605 694 1703 qui
732 1626 797 1676 te
838 1604 980 1676 filio
1022 1604 1409 1694 substituit,
1454 1604 1650 1676 hunc
1693 1604 1904 1676 etiam
1949 1632 1990 1675 a
2025 1604 2171 1678 filio
2213 1604 2682 1677 manumisit:

574 1720 764 1819 quod
798 1720 926 1791 tibi
964 1719 1190 1810 dedit,
1227 1718 1403 1791 nulli
1445 1718 1774 1791 abstulit:
1811 1718 2007 1819 quod
2039 1717 2247 1809 huic,
2287 1719 2500 1791 etiam
2536 1718 2682 1789 filio

576 1836 926 1909 subduxit.
962 1836 1258 1909 Facilius
1287 1856 1385 1908 est
1413 1836 1561 1908 viro
1592 1835 1860 1934 placere
1880 1894 1899 1927 ,
1942 1862 2154 1935 quam
2192 1835 2515 1908 domino.
2549 1836 2680 1906 Sed

572 1980 698 2052 per
734 1979 806 2025 se
831 1966 858 1997 ²
892 1952 1262 2042 mentituS,
1302 1950 1613 2050 agnoscit
1649 1972 2044 2049 patronum.
2093 1952 2510 2022 Servitutem
2551 1950 2682 2021 sibi

574 2069 1049 2141 manumissus
1076 2066 1419 2167 imponit?
1437 2066 1637 2156 huic,
1665 2065 1929 2163 inquit,
1960 2066 2181 2139 debeo
2207 2094 2496 2158 manus,
2523 2092 2682 2165 ope·

574 2208 718 2273 ras,
762 2202 1272 2255 testamentum.
1296 2180 1704 2253 Vindictam
1743 2207 2004 2281 magno
2041 2182 2382 2254 redimere
2425 2182 2678 2253 solent.

574 2295 919 2387 Colludit,
953 2297 1215 2394 inquit,
1261 2323 1423 2367 cum
1469 2296 1621 2385 avia
1655 2324 1670 2367 ε
1709 2295 1887 2368 bene
1931 2296 2120 2396 agis:
2166 2296 2344 2369 dum
2385 2318 2680 2368 evertere

575 2413 672 2484 vis
714 2432 996 2502 testem,
1040 2411 1343 2484 alterum
1396 2410 1664 2486 dedisti.
1721 2412 2106 2513 Convenit,
2163 2412 2440 2510 inquit,
2495 2412 2674 2484 illis:

574 2526 797 2626 proba
820 2525 1717 2626 convenisse.Sperave1-unt
1736 2528 2064 2599 effectum
2089 2527 2296 2600 mend
2307 2525 2504 2599 acii3.
2529 2529 2680 2620 Qui

575 2641 805 2743 potuit
840 2668 982 2714 esse
1022 2639 1291 2714 sermo?
1334 2667 1549 2740 nepos
1589 2666 1787 2714 meus
1824 2641 2025 2740 periit
2063 2641 2426 2732 fluctibus,
2463 2665 2531 2714 et
2567 2670 2676 2714 se-

580 2757 817 2857 pultus
860 2778 959 2829 est
993 2784 1007 2826 :
1053 2777 1130 2828 tu
1166 2777 1403 2828 tamen
1435 2754 1648 2846 vade,
1697 2755 2002 2855 aliquem
2043 2756 2362 2828 venalem
2407 2756 2678 2848 adduc,

580 2899 707 2971 ego
734 2898 1142 2971 agnoscam:
1179 2871 1566 2970 perfectum
1593 2893 1709 2944 est.
1737 2875 1895 2944 Non
1927 2872 2175 2945 timent
2203 2873 2682 2974 deprehendi?

582 3010 727 3056 non
754 3015 767 3056 ε
805 2985 1089 3060 omnia4
1114 2987 1313 3085 signa
1343 2987 1628 3058 confusa
1652 3010 1851 3060 sunt:
1885 2990 1940 3060 si
1972 2989 2149 3078 odit,
2185 3010 2681 3062 testamentum

581 3102 809 3200 potius
856 3101 1220 3173 dementiae
1267 3123 1577 3193 accuset;
1627 3103 1808 3177 dicat
1847 3105 2235 3212 subjectum
2263 3163 2284 3198 ,
2331 3105 2517 3179 dicat
2550 3105 2682 3177 fal-

584 3245 781 3306 sum,
817 3237 1084 3316 accuset
1114 3239 1211 3306 te,
1244 3218 1436 3317 quod
1475 3219 1704 3293 filium
1742 3222 1830 3294 ad
1871 3249 2060 3294 mare
2099 3222 2418 3324 duxeris:
2458 3221 2680 3310 dicat,

584 3364 835 3415 Francius
857 3359 1203 3431 conjiciebat,
1229 3362 1404 3412 omina
1429 3375 1589 3415 statu·
1743 3386 1790 3421 2.
1819 3367 1921 3418 Per
1942 3387 2006 3420 se.
2035 3367 2117 3418 Al.
2141 3386 2238 3438 pro
2265 3385 2348 3420 se.-
2376 3385 2542 3438 marg.
2567 3367 2680 3418 ΕΓ.

587 3462 656 3496 roe
678 3441 830 3494 levia.
858 3442 1050 3494 Omnia
1068 3451 1287 3494 statuere
1307 3441 1457 3495 levia.
1481 3445 1586 3496 AEr.
1667 3477 1738 3485 --
1784 3443 2012 3498 colludit
2053 3446 2238 3518 inquit.
2291 3445 2482 3516 Inquit
2528 3443 2684 3498 deest

588 3524 678 3591 qui
713 3523 767 3572 in
806 3521 1037 3591 margine
1072 3521 1230 3592 legit,
1268 3521 1375 3572 hoec
1410 3521 1590 3574 omnia
1671 3525 1904 3578 AErodio.

587 3601 791 3653 statuite
816 3598 965 3652 levia.
1737 3603 1791 3674 ί3.
1817 3603 2165 3675 Sper-averunt
2186 3601 2434 3676 effectum
2459 3602 2684 3654 nenda-

666 3697 683 3731 ι
700 3719 711 3730 .
738 3681 882 3732 Fides
897 3697 961 3730 ex
976 3681 1181 3752 magnis
1200 3680 1355 3733 venit.
1370 3679 1594 3733 Videtur
1669 3680 1752 3732 cii.
1774 3683 1942 3752 Lege:
1969 3681 2298 3755 speraverint.
2319 3683 2392 3734 Sit
2413 3683 2513 3748 ita,
2541 3699 2686 3734 con·

586 3763 765 3834 potius
794 3758 1105 3828 legendum,
1132 3777 1197 3810 ex
1222 3761 1415 3831 parvis.
1441 3765 1590 3816 Ριτιι.
1670 3759 1840 3828 cedo,
1874 3763 2110 3833 potuerit
2145 3760 2248 3814 inis
2285 3761 2396 3813 hac
2432 3779 2556 3832 spes
2597 3763 2682 3814 in-

586 3841 670 3892 Ex
690 3839 943 3912 indiqm's,
969 3837 1099 3890 Obr.
1123 3839 1208 3890 Ex
1230 3857 1337 3892 non
1359 3844 1588 3916 magnis,
1669 3843 1832 3894 nasei.
1857 3843 2092 3894 Gnouov.

588 3919 768 3972 AErod.
810 3933 861 3970 et
900 3917 1101 3972 Schult.
1137 3949 1209 3958 ——-
1246 3918 1388 3970 Nihil
1423 3933 1592 3973 muta·
1741 3921 1790 3988 4.
1830 3921 2160 3994 Deprehendi
2193 3941 2302 3973 non
2339 3923 2538 3974 omnia.
2571 3921 2682 3974 De-

590 4017 731 4064 mus,
759 3997 940 4051 addito
966 4013 1141 4052 tamen
1166 4001 1590 4072 interrogationis
1664 4000 1956 4070 prehendi?
1983 4019 2122 4052 non.-
2160 4001 2340 4052 omnia
2371 4001 2524 4073 siqua
2553 4017 2678 4052 coa·

588 4078 755 4148 signo.
779 4080 873 4130 Eo.
893 4109 963 4119 —
980 4080 1111 4132 Sum
1135 4079 1310 4131 etiam.
1338 4083 1588 4134 Francius
1657 4079 1784 4150 fusa
1812 4091 1958 4144 sunt,
1989 4079 2116 4134 Obr.
2147 4079 2270 4132 Non
2297 4098 2348 4133 ο.
2373 4080 2528 4153 εἱφια
2553 4099 2678 4133 oon·

586 4157 931 4226 conjiciebat,
950 4171 1071 4212 sunt
1092 4161 1233 4212 enim
1256 4162 1385 4213 etin
1411 4159 1505 4214 his.
1657 4161 1800 4233 fessa
1822 4163 1974 4216 sunt?
1997 4160 2197 4215 Schult.
