2855 4871
612 357 1450 511 DECLAMArloNcs.
1499 401 1808 475 chlx.
2169 409 2252 482 65

178 559 375 606 mum
396 552 525 606 est:
554 556 796 632 rapere
816 532 1035 606 voluit
1052 543 1097 604 ¹:
1122 532 1327 627 (huic
1346 533 1538 606 enim
1564 553 1743 608 certe
1767 534 2044 610 crimini
2065 537 2262 637 igno⁴

180 650 387 746 scitis)
437 649 607 721 inde
652 648 1037 738 tumultuS,
1089 650 1253 723 inde
1298 675 1499 722 voces
1545 653 2037 751 repugnantis,
2090 655 2258 729 inde

178 767 447 838 fortasse
486 763 701 837 etiam
740 763 967 836 nimia
1008 763 1257 863 puellae
1295 763 1615 862 querela,
1665 766 1854 862 quod
1895 769 2258 843 audaciam

184 909 297 980 pro
328 880 584 982 injuria
615 880 819 970 tulit3
849 879 1039 980 quod
1073 907 1143 953 se
1182 901 1485 980 raptam,
1515 882 1852 981 quoniam
1883 883 1998 957 ille
2025 912 2261 986 rapere

182 995 526 1086 voluisset,
562 995 1035 1096 proclamavit.
1082 997 1226 1068 Nec
1271 996 1326 1066 is
1368 1022 1534 1068 sane
1575 997 1984 1096 negandum
2024 1000 2264 1073 existi-‘-

186 1111 410 1184 mavit:
450 1133 558 1202 et,
604 1139 1043 1213 quamquam
1076 1113 1253 1185 nihil
1286 1113 1634 1187 acciderat
1661 1115 1796 1187 tale
1833 1115 2075 1188 animo
2103 1143 2263 1208 suo,

183 1229 522 1300 confessus
552 1249 681 1300 est.
727 1226 914 1301 Illud
950 1246 1131 1300 certe
1160 1229 1614 1301 manifestum
1649 1249 1782 1304 est:
1818 1250 2012 1329 pater
2046 1230 2264 1304 filiam

183 1341 429 1442 putavit
456 1343 659 1416 irasci
686 1369 703 1414 :
735 1342 969 1443 itaque
1000 1342 1289 1416 sollicite
1314 1370 1629 1444 quoque,
1659 1371 1787 1418 nec
1818 1373 1944 1446 pro
1968 1346 2267 1447 imperio

185 1478 442 1530 tantum
468 1459 727 1558 patris,
756 1459 877 1530 sed
907 1459 1112 1531 etiam
1139 1485 1269 1558 pro
1300 1460 1732 1553 auctoritate,
1769 1488 1894 1561 pro
1923 1463 2270 1536 sententia

186 1573 577 1673 deprecatus
614 1595 733 1646 est.
783 1576 974 1648 Tum
1008 1574 1378 1648 admonuit
1404 1574 1598 1649 illam
1629 1605 1644 1648 ε
1687 1577 2050 1650 Memento
2077 1576 2270 1650 hunc

188 1713 347 1779 esse,
386 1691 501 1762 cui
531 1690 753 1764 vitam
797 1689 1092 1762 debeas:
1138 1688 1329 1760 hunc
1364 1715 1542 1780 esse,
1585 1691 1706 1789 qui
1737 1711 1805 1762 te
1837 1716 1918 1763 ex
1945 1691 2271 1791 periculis

188 1806 529 1878 servaverit
558 1805 793 1876 maris·
838 1805 1125 1896 Quanta
1158 1804 1277 1876 illa
1308 1804 1716 1902 gratulatio?
1761 1826 2024 1904 quanta
2058 1806 2272 1904 patris

190 1919 321 1992 laus
346 1920 526 1993 fuit?
570 1946 785 2018 quam
819 1921 981 1993 felix
1019 1917 1315 1993 domus?
1358 1920 1539 1992 nihil
1570 1921 1804 1994 deerat
1829 1920 2271 2020 gratulationi

191 2055 453 2125 nostrae,
496 2035 561 2107 si
618 2057 850 2134 raptor
898 2036 1157 2108 fuisset.
1204 2036 1333 2108 His
1382 2036 1696 2108 moribus
1738 2036 1917 2126 suis»,
1961 2063 2040 2107 ac
2083 2055 2274 2108 tanta

192 2150 475 2224 bonitate
530 2151 861 2225 meruisse
908 2152 1093 2223 visus
1138 2172 1237 2223 est
1273 2161 1502 2251 pater,
1551 2151 1850 2251 quinon
1900 2151 2272 2225 falleretur.

196 2267 671 2341 lndicaverunt
715 2266 1221 2365 integritatem:
1268 2291 1411 2365 quo
1445 2285 1890 2364 speraverunt
1917 2267 2274 2356 futurum,

196 2400 263 2454 ut
286 2383 507 2484 magis
542 2400 979 2473 amarentur,
1017 2380 1342 2454 incidunt
1377 2381 1447 2453 in
1489 2381 1858 2454 offensam.
1906 2380 2052 2453 Nisi
2099 2382 2276 2453 forte

200 2498 471 2573 invicem
499 2499 853 2589 ludimur,
887 2518 961 2571 et·
979 2525 1107 2572 nos
1134 2518 1331 2600 pater
1352 2508 1608 2571 'mutuo
1631 2497 2000 2569 mendacio
2028 2516 2274 2569 tentat:

201 2640 389 2711 quare
419 2642 572 2690 non
607 2615 847 2688 omnia
882 2614 1109 2686 statim
1146 2613 1553 2712 simpliciter
1586 2612 2000 2700 dixerimus,
2037 2611 2276 2681 mina-

200 2750 313 2803 tur.
340 2733 469 2805 Dii
516 2733 777 2804 faciant
799 2788 817 2819 ,
852 2752 933 2803 ut
978 2732 1100 2803 iste
1134 2731 1224 2802 sit
1260 2751 1576 2819 eventus»,
1611 2729 1732 2828 qui
1767 2726 2001 2799 adhuc
2037 2726 2112 2797 in
2149 2726 2280 2799 hac

200 2846 389 2921 domo
416 2850 748 2923 omnium
781 2847 1249 2947 periculorum
1273 2848 1429 2919 fuit.
1475 2849 1719 2920 Nostra
1753 2868 1988 2916 tamen
2029 2863 2280 2943 quate·-

202 2990 317 3037 nns
348 2966 581 3039 forma
608 2965 853 3067 judicii
888 2962 1299 3065 proponitur
1321 3019 1339 3051 ,
1378 2961 1608 3059 agitur
1640 2959 2079 3033 defendentis
2111 2960 2280 3031 imi-

202 3081 367 3154 tatio.
418 3083 605 3153 Nam
659 3080 717 3152 si
758 3101 823 3152 te
870 3106 1149 3180 prorsus
1196 3077 1391 3150 irasci
1452 3075 1967 3164 existimarem,
2016 3072 2280 3172 optime

202 3214 402 3292 pater,
451 3194 571 3267 illa
611 3194 957 3283 dicerem,
1001 3192 1220 3263 filiam
1254 3189 1573 3262 abdicas:
1619 3188 1940 3301 nondum
1975 3186 2280 3259 defendo

202 3310 481 3404 factum,
530 3311 707 3383 nihil
741 3311 826 3383 de
869 3310 993 3383 isto
1029 3306 1320 3381 crimine
1356 3306 1642 3403 loquor.
1681 3304 1836 3377 satis
1869 3322 2100 3374 tutum
2137 3328 2280 3375 esse

202 3446 405 3523 potest
430 3427 619 3526 apud
649 3424 941 3525 judices,
978 3422 1279 3493 Fulmen
1316 3419 1500 3490 istud
1532 3438 1806 3517 patrum
1835 3416 2160 3487 adversus
2184 3416 2282 3485 fe-

206 3542 445 3616 ruciam
500 3540 970 3615 adolescentiae
1016 3537 1257 3611 datum
1315 3554 1464 3606 est:
1517 3532 1838 3604 adversus
1887 3530 2064 3602 filios
2091 3586 2110 3619 ,
2158 3529 2285 3628 qui

272 3696 313 3730 ι
338 3680 537 3753 Rapere
562 3676 745 3730 voluit
780 3678 897 3728 Hoc
930 3672 999 3727 ad
1028 3672 1189 3725 filiam
1274 3681 1415 3721 certe
1433 3667 1638 3719 crimini
1652 3666 1942 3736 ignoscitis,
1959 3664 2149 3734 inquit:
2168 3680 2287 3733 rap-

210 3758 388 3827 refero,
406 3778 523 3833 qna.-
544 3759 713 3811 voluit
730 3774 1018 3830 pauperem
1039 3772 1193 3825 rape·
1271 3763 1358 3803 tus
1396 3752 1552 3801 etiam
1587 3766 1698 3799 non
1727 3747 2078 3799 committitur
2109 3744 2164 3793 in
2191 3758 2288 3792 vo·-

210 3855 287 3907 η,
304 3841 358 3895 id
378 3857 457 3896 est
469 3884 487 3907 ,
508 3854 571 3895 nt
592 3858 809 3914 pauper·
824 3857 941 3893 eam
964 3842 1189 3908 raperet}
1272 3830 1490 3897 lentem,
1501 3831 1600 3883 etti
1613 3828 1800 3881 demus
1815 3840 2038 3898 raptam.
2027 3826 2130 3875 λιιι
2143 3824 2290 3873 enim

206 3920 357 3990 Igitur
376 3939 431 3976 se
452 3934 659 3995 raptam
684 3918 1061 3993 proclamavit.
1048 3938 1061 3952 ·
1090 3934 1191 3968 nec
1272 3926 1600 3985 usurpatum·
1614 3924 1720 3975 oet,
1743 3924 1806 3961 ut
1827 3927 1892 3959 ex
1913 3907 2016 3959 hoc
2039 3902 2164 3955 loco
2188 3920 2286 3993 ap-

208 3995 287 4050 hic
309 4018 425 4054 tane
446 3999 751 4072 negandum
776 3998 1115 4060 existimavit,
1140 4008 1203 4047 et·
1274 4010 1454 4067 paret,
1479 4008 1534 4047 et
1557 4012 1618 4045 ex
1643 3991 1736 4043 lib.
1761 3993 1784 4041 1
1807 3988 1872 4039 de
1895 3988 2050 4056 Rapt.
2075 3984 2204 4052 virg.
2227 3982 2288 4035 in

208 4074 300 4145 (ιιι
316 4080 501 4153 Supra)
524 4093 799 4151 tamquam
822 4094 931 4129 non
955 4074 1194 4127 intellec·
1274 4078 1333 4129 C.
1349 4073 1558 4129 Theod.
1581 4090 1674 4127 seu
1693 4083 1880 4144 postea
1897 4067 2086 4119 merito
2107 4081 2296 4117 ernen-

214 4170 317 4211 tnm
334 4180 435 4215 nou
458 4161 691 4236 perdidit
706 4157 1037 4213 beneficium.
1059 4156 1197 4209 Huic
1278 4152 1480 4207 datum.
1507 4155 1700 4207 AEnon:

401 4252 447 4305 6.
1973 4232 2004 4285 5
