2855 4871
645 409 766 473 ηδ
1138 406 1230 469 M.
1278 406 1525 468 FABu
1570 404 2197 485 QUINTILIANI

636 532 958 605 medium
991 528 1262 628 profero
1297 528 1618 616 affectus;
1650 539 1777 597 nec
1806 525 1979 597 mihi
2014 527 2088 597 in
2122 527 2521 625 cogitatione
2546 551 2676 601 tum

637 648 747 733 lex
774 646 935 735 fuit;
962 670 1086 717 nec
1101 645 1266 745 jura
1296 644 1589 741 respexi:
1616 640 1733 715 sed
1759 668 1915 741 quae
1942 642 2255 741 proxima
2278 644 2677 717 vindicandae

640 761 936 835 infelicis
961 759 1116 835 filiae
1141 761 1250 831 via
1273 758 1605 849 occurrit,
1636 758 1817 837 hanc
1847 759 2111 831 intendi
2128 816 2149 850 ,
2178 758 2359 831 hanc
2382 782 2679 859 sequutus

637 906 836 952 sum:
883 880 1061 951 bene
1101 876 1330 964 cessit,
1371 874 1559 974 quod
1599 895 1666 946 et
1696 874 1909 947 licuit.
1945 878 2128 974 Age,
2162 876 2218 947 si
2250 902 2394 947 non
2422 868 2679 949 habuis-⁴

637 1020 824 1083 sem,
869 1018 1084 1100 quam
1129 989 1493 1061 educerem
1538 989 1625 1062 ad
1667 990 2134 1087 magistratus,
2176 990 2375 1091 cujus
2412 992 2551 1063 vice
2586 1018 2680 1063 me

637 1107 1022 1196 ulciscerer,
1049 1105 1288 1177 nonin
1317 1104 1637 1203 publico,
1667 1131 1808 1177 non
1836 1106 1909 1177 in
1935 1107 2083 1178 foro
2111 1105 2219 1177 his
2242 1132 2356 1177 me
2384 1106 2683 1178 senilibus

638 1222 966 1295 manibus
994 1218 1491 1292 vindicassem?
1517 1241 1591 1293 tu
1610 1277 1629 1310 ,
1662 1220 1979 1311 fortuna,
2013 1220 2221 1292 facies
2253 1220 2444 1318 quod
2472 1247 2684 1292 occur·

638 1337 835 1426 rerit-3
863 1336 1013 1437 jam
1048 1361 1191 1407 non
1225 1357 1416 1434 potes
1440 1336 1745 1426 efficere,
1781 1357 1864 1408 ut
1893 1336 2241 1436 poeniteat.
2278 1336 2524 1410 Filiam
2550 1364 2685 1437 per·-

638 1454 787 1526 didi
811 1480 826 1523 :
857 1452 998 1525 scio
1024 1452 1158 1525 hoc
1183 1451 1565 1526 minimum
1588 1478 1731 1524 esse
1750 1452 2101 1525 malorum
2120 1480 2441 1525 meorum
2468 1482 2483 1525 :
2513 1474 2683 1541 sunt,

638 1567 761 1664 qui
788 1566 1061 1666 gravius
1085 1593 1226 1638 esse
1254 1592 1479 1637 unum
1505 1566 1591 1637 de
1620 1565 1775 1637 filiis
1801 1566 2118 1665 perdere,
2147 1594 2362 1667 quam
2388 1568 2685 1656 unicum3

636 1702 836 1771 sunt,
877 1682 1001 1781 qui
1041 1682 1523 1780 gravissimum
1567 1681 1959 1755 existimant
1997 1682 2235 1754 unicos
2277 1682 2595 1781 perdere:
2632 1702 2689 1751 et

638 1798 902 1895 quoties
923 1825 1064 1869 non
1089 1797 1390 1869 habeant
1411 1797 1735 1869 solatium
1754 1856 1773 1887 ,
1793 1798 1882 1870 ad
1902 1798 2091 1897 quod
2114 1798 2483 1897 respiciant
2498 1854 2516 1887 ,
2542 1797 2689 1868 cala-

637 1912 894 1985 mitatis
929 1912 1201 1984 videtur
1229 1910 1384 1983 sine
1429 1911 1775 1983 medicina
1817 1911 2055 1983 dolor:
2096 1910 2229 1984 hoc
2271 1913 2539 2011 gravius
2577 1931 2686 1999 est,

625 2025 899 2127 judices
923 2083 942 2116 ,
985 2025 1287 2124 'perd-ere
1333 2024 1627 2097 alteram
1674 2052 1711 2097 e
1762 2025 2061 2124 geminis
2110 2051 2125 2093 :
2184 2025 2495 2123 quotidie
2538 2023 2691 2097 mihi

635 2140 927 2213 occurrit
972 2140 1202 2237 imago
1253 2139 1521 2214 funeris
1570 2140 1708 2210 mei
1756 2166 1770 2209 :
1825 2165 1967 2238 quo
2014 2139 2239 2237 magis
2288 2140 2515 2238 placet
2560 2139 2690 2209 filiae

633 2256 1090 2345 verecundia,
1125 2282 1267 2353 quo
1301 2256 1519 2355 magis
1555 2253 1891 2354 probitaS,
1928 2254 2059 2327 hoc
2090 2254 2381 2327 validius
2419 2254 2693 2327 subeunt

635 2369 1074 2468 cogitationes
1103 2396 1118 2442 :
1151 2369 1362 2442 talem
1394 2369 1602 2442 miser
1627 2367 1917 2468 perdidi.
1952 2368 2025 2442 Si
2048 2390 2283 2442 tamen
2311 2371 2448 2444 hoc
2470 2371 2691 2444 vulnus
2805 2457 2806 2464 ἵ

637 2484 980 2558 intulisset
1005 2485 1320 2571 fortuna,
1353 2484 1408 2554 si
1439 2511 1671 2588 casus,
1701 2487 2061 2556 communi
2092 2485 2523 2558 mortalitatis
2552 2511 2695 2557 con-

635 2601 897 2674 ditione
931 2600 1188 2672 solarer
1221 2627 1376 2672 me:
1425 2628 1617 2672 nunc
1658 2601 1868 2672 miser
1902 2599 2125 2672 filiam
2168 2601 2527 2700 quomodo
2556 2627 2693 2701 per·
2804 2619 2806 2674 ξ

636 2716 826 2800 didi?
867 2737 1025 2790 ante
1067 2714 1309 2788 omnia
1351 2741 1480 2786 nec
1518 2715 1891 2813 virginem,
1942 2742 2070 2788 nec
2109 2737 2431 2815 nuptam.
2462 2715 2693 2807 Quales
2805 2761 2806 2774 η

637 2857 764 2927 ego
787 2831 1028 2902 infelix
1045 2828 1273 2901 vultus
1291 2885 1310 2918 ,
1332 2854 1533 2901 caesos
1554 2828 1819 2927 alioqui
1839 2829 2306 2926 laceratosque
2324 2889 2344 2924 ,
2370 2857 2452 2902 ac
2476 2829 2693 2928 laqueo
2805 2863 2806 2870 ¹

640 2963 1022 3034 tumentes,
1066 2967 1256 3042 pater
1294 2943 1469 3018 vidi!
1522 2943 1643 3042 qui
1686 2969 1802 3014 me
1844 2964 2104 3033 metuS,
2147 2944 2269 3041 qui
2304 2943 2491 3017 intus
2522 2963 2695 3016 aestus

640 3056 940 3154 agitant?
973 3083 1122 3153 quae
1151 3057 1285 3129 fuit
1311 3047 1724 3129 verecundia
1751 3055 1870 3128 illa
1888 3113 1906 3144 ,
1936 3083 2089 3155 quae
2120 3056 2463 3129 ultionem
2490 3081 2697 3155 exspe-
2805 3113 2806 3160 3

641 3191 819 3242 ctare
865 3195 1006 3242 non
1049 3169 1314 3268 potuit?
1359 3171 1588 3242 horret
1626 3170 1904 3243 animus
1946 3171 2321 3264 recordari,
2368 3171 2700 3270 refugiunt
2805 3195 2806 3250 3

643 3283 1106 3382 cogitationes.
1147 3283 1401 3355 Misera
1438 3284 1610 3381 quid
1641 3311 1838 3384 passa
1875 3285 2006 3370 est!
2049 3312 2177 3358 nec
2214 3312 2380 3358 sane
2418 3287 2489 3358 in
2518 3309 2701 3358 causa
2805 3315 2806 3376 j

645 3419 921 3496 raptus,
965 3425 1160 3470 amor
1199 3399 1376 3487 fuit;
1418 3427 1563 3471 non
1604 3401 2039 3500 propositum
2072 3403 2540 3492 matrimonii,
2571 3424 2697 3471 non
2805 3487 2806 3500 χ

647 3515 990 3618 cupiditas
1007 3515 1453 3616 nuptiarum':
1477 3516 1657 3589 nihil
1679 3518 1931 3590 horum
1952 3517 2271 3616 cogitavit
2287 3575 2306 3608 ,
2330 3518 2452 3616 qui
2470 3515 2697 3616 nescit,
2805 3529 2806 3616 j

647 3654 861 3727 quam
886 3631 1239 3728 rapuisset.
