2855 4871
614 419 1451 486 DECLAMATIONES.
1499 419 1826 486 ccmn.
2179 427 2254 506 41

194 545 311 617 ibo
354 544 829 646 qualecunque
878 545 1315 646 periculum?
1362 547 1498 618 Sed
1545 572 1690 619 non
1739 545 1968 620 solum
2021 547 2264 647 reipu-

194 661 409 753 blicae,
450 691 695 736 verum
739 664 950 738 etiam
990 691 1149 737 mea
1191 664 1469 736 interest
1501 663 1685 736 hanc
1719 663 1928 766 recipi
1963 665 2264 764 rogatio-

194 802 345 848 nem
380 806 394 850 :
444 804 657 877 quem
697 778 902 851 vultis
948 779 1141 851 enim
1179 779 1419 879 ponite
1463 797 1784 851 eventum
1817 806 1832 850 ε
1873 778 2264 878 periculum

196 890 360 962 mihi
396 893 643 965 mortis
685 914 801 965 est.
847 891 1087 982 Quid?
1134 919 1259 991 ego
1295 881 1439 964 non
1474 892 1630 976 satis
1671 891 1848 964 vixi?
1887 918 2032 964 non
2074 892 2266 965 enim

196 1033 527 1081 annorum
550 1037 871 1099 numero,
894 1036 1021 1082 nec
1035 1010 1253 1108 spatio
1280 1009 1488 1082 aetatis
1508 1008 1864 1093 terminari
1884 1031 2147 1082 certum
2170 1029 2270 1082 est

194 1123 461 1196 fortium
486 1125 795 1198 virorum
812 1125 1052 1213 vitam,
1084 1124 1202 1198 sed
1236 1124 1444 1197 laude
1471 1144 1537 1197 et
1564 1126 1756 1196 fama
1774 1182 1793 1215 ,
1828 1145 1896 1196 et
1917 1146 2266 1224 perpetuae

194 1242 589 1340 posteritatis
631 1241 1163 1315 immortalitate.
1215 1244 1319 1314 Ita
1351 1241 1452 1314 dii
1481 1241 1777 1332 faciant,
1809 1262 1889 1313 ut
1927 1268 2268 1340 magnum

197 1358 585 1455 exemplum
631 1356 1008 1457 posteritati
1055 1358 1266 1430 etiam
1314 1384 1520 1456 poena
1565 1357 1726 1429 dare
1772 1357 2070 1457 possim:
2109 1357 2270 1428 satis

194 1469 525 1548 videbitur
542 1471 718 1544 mihi
743 1473 985 1546 omnia
1003 1474 1229 1546 facere
1252 1487 1267 1516 ¹
1305 1473 1608 1563 fortuna,
1629 1492 1708 1544 ut
1725 1469 2272 1570 tyrannicidium

194 1611 421 1661 meum
444 1589 674 1690 majus
701 1589 811 1662 sit.
843 1589 976 1662 Sed
1008 1589 1187 1660 illud
1215 1588 1497 1661 interim
1524 1615 1788 1678 vereor,
1825 1614 1913 1660 ne
1935 1606 2270 1685 tyrannus

198 1727 267 1772 ex
301 1729 409 1776 me
441 1727 635 1802 petat
672 1706 941 1778 famam
971 1703 1309 1776 lenitatis}
1348 1703 1561 1775 habet
1601 1703 1792 1774 enim
1827 1702 2016 1802 apud
2053 1702 2271 1774 malos

199 1844 459 1916 quoque
494 1821 803 1894 multum
832 1820 1253 1894 auctoritatis
1280 1820 1534 1892 virtus:
1578 1839 1642 1890 et
1670 1819 1953 1891 forsitan
1985 1819 2116 1891 hoc
2154 1815 2271 1890 ille

198 1935 541 2010 ambitiose
586 1939 823 2029 faciet,
874 1959 950 2010 ut
986 1958 1319 2038 potestate
1360 1957 1721 2009 contentus
1748 1935 1854 2009 sit.
1899 1934 2272 2036 Quidquid

200 2070 325 2140 est,
358 2053 589 2126 videat
620 2080 733 2126 me
765 2074 831 2126 et
862 2053 982 2126 illa
1015 2054 1250 2125 civitas
1286 2051 1518 2125 vicina
1546 2080 1561 2124 :
1607 2050 1915 2124 multum
1953 2051 2087 2123 illis
2127 2078 2274 2123 ser-

197 2166 531 2240 vientibus
564 2170 857 2268 prodero
882 2197 896 2242 ε
922 2169 1205 2242 videant
1227 2197 1367 2269 quo
1388 2169 1590 2242 vultu
1610 2190 1988 2267 tyrannum
2012 2169 2232 2238 feram
2251 2225 2270 2258 ,
2377 2179 2388 2188 ”

201 2307 391 2377 quam
418 2285 767 2360 interritus
786 2286 1117 2360 tribunali
1142 2286 1452 2360 assistam
1467 2291 1518 2378 ⁵,
1545 2313 1760 2386 quam
1788 2311 1902 2356 me
1933 2282 2114 2358 nihil
2138 2285 2239 2358 mi
2259 2327 2276 2338 ·

202 2425 325 2490 nae,
356 2401 533 2473 nihil
555 2402 897 2503 supplicia
920 2403 1068 2505 ipsa
1089 2424 1451 2477 moveant:
1483 2424 1706 2504 potest
1732 2401 1911 2492 fieri,
1945 2423 2022 2475 ut
2041 2399 2274 2473 exhor-

201 2534 360 2587 tetur
408 2517 563 2591 illos
605 2519 720 2591 hic
760 2520 1041 2593 animus
1083 2546 1303 2592 meus.
1341 2518 1562 2591 Vobis
1599 2518 1885 2619 quidem
1928 2515 2271 2590 custodire

202 2655 421 2726 pacem
440 2690 459 2724 ‚
505 2633 791 2708 reddere
822 2636 1127 2733 quietem
1154 2636 1379 2739 majus
1409 2635 1557 2733 ipso
1585 2629 2045 2733 tyrannicidio
2069 2651 2268 2729 puto:

202 2772 349 2820 nam
380 2750 437 2820 si
470 2749 738 2823 bellum
774 2752 1131 2843 imminet,
1174 2752 1229 2825 si
1263 2752 1653 2851 periculum
1687 2747 2010 2821 universa
2037 2746 2272 2819 civitas

200 2858 424 2956 habet,
468 2868 659 2967 quod
693 2867 928 2961 illum,
967 2869 1167 2970 cujus
1198 2869 1488 2941 nomine
1527 2866 1705 2939 mihi
1748 2863 1993 2965 gratias
2031 2863 2269 2963 agitiS‚

202 2978 440 3071 occidi,
470 2982 847 3055 maximam
880 2984 1076 3059 vobis
1108 2984 1442 3087 injuriam
1471 2982 1626 3055 feci.

272 3182 311 3217 1.
337 3168 523 3221 Omnia
533 3170 734 3241 facere.
765 3172 993 3227 Omnino
1006 3174 1188 3245 facere
1266 3185 1458 3225 nostrae
1483 3188 1612 3241 quas
1635 3168 1956 3223 contulimus
1977 3163 2032 3219 ero*
2056 3169 2162 3239 ty'us
2184 3184 2272 3217 ne-

194 3244 401 3315 forttma
422 3288 439 3313 ‚
470 3264 523 3304 et
559 3254 969 3323 manicatum
1011 3274 1184 3307 meum
1266 3253 1434 3305 sciunt
1445 3291 1464 3318 ,
1481 3266 1540 3303 ut
1557 3250 1832 3303 credamus
1851 3252 2106 3302 intrusum
2127 3246 2272 3297 men-

204 3326 473 3400 majusfiet.
501 3332 723 3385 Senum.
1263 3333 1333 3384 do
1358 3351 1474 3385 esse
1503 3350 1815 3404 operarum,
1840 3329 1980 3381 velut
2004 3329 2138 3380 infra
2168 3328 2269 3379 De-

270 3424 313 3457 2.
336 3408 603 3463 Tribunali
625 3411 873 3465 assistam.
897 3413 1037 3465 Edit.
1066 3414 1178 3487 Rip.
1264 3414 1579 3467 clamatione
1597 3413 1813 3475 GGLIV,
1832 3431 1886 3483 p.
1905 3410 1974 3477 45
1993 3407 2082 3460 fin.
2107 3406 2274 3461 horni-

206 3482 397 3537 exhibet
414 3490 664 3543 tribunali
682 3494 790 3562 qus
805 3494 1065 3557 assistam,
1092 3512 1185 3545 ne-
1262 3514 1393 3547 num
1421 3494 1543 3547 loco
1573 3494 1658 3545 τοῦ
1697 3492 1958 3547 hominem
1987 3491 2272 3543 oscitantes

206 3565 307 3615 ecio
320 3584 417 3637 qua
428 3572 747 3623 auctoritate
759 3608 775 3637 ,
794 3591 985 3645 nempe
1000 3591 1184 3627 omnes
1269 3577 1562 3649 usurpavit.
1587 3576 1680 3628 En.
