2855 4871
1146 408 1684 473 CALPURNII
1729 406 2073 473 FLACCI

564 552 663 603 est
700 532 1023 604 stimulus
1054 520 1432 605 industriae.
1473 537 1632 605 Non
1665 534 1945 606 interest
1971 532 2319 622 orbitatis»,
2355 558 2498 603 uno
2535 558 2640 602 me

564 648 847 719 vulnere
869 648 1189 737 feriant¹‚
1214 676 1305 720 an
1328 650 1670 747 pluribus,
1691 649 1962 721 Dedisti
1991 650 2165 721 mihi
2193 648 2475 736 liberos,
2503 649 2642 718 for-

565 782 773 849 tuna;
806 762 1125 859 rapuisti:
1158 762 1471 835 concedit
1502 763 1671 836 alios
1703 763 2120 861 respublica:
2143 790 2270 835 nec
2293 762 2422 835 hos
2447 760 2641 832 relin-

563 875 774 974 ques?
806 876 989 968 Quis
1022 903 1135 948 me
1163 878 1365 949 feriet
1392 878 1690 949 carnifex
1725 877 2217 949 innocentem?
2249 904 2338 947 an
2365 875 2643 948 commi-

558 990 683 1063 lito
718 992 1145 1064 laureatum?
1176 993 1299 1065 ubi
1334 992 1684 1091 denique?
1715 992 1866 1083 hic,
1899 992 2084 1064 inter
2112 1019 2261 1063 aras
2291 1013 2362 1063 et
2387 990 2639 1077 altaria,

562 1107 685 1179 ubi
712 1108 996 1205 publica
1016 1128 1171 1179 vota
1193 1108 1507 1206 suscepi?
1533 1136 1624 1179 an
1653 1108 1726 1180 in
1753 1134 1999 1205 campo
2017 1164 2036 1196 ,
2065 1108 2185 1178 ubi
2209 1132 2438 1203 nuper
2459 1104 2644 1203 aqui-

563 1219 665 1292 las
704 1240 771 1291 et
804 1220 1003 1319 signa
1037 1221 1345 1319 protexi?
1384 1226 1564 1310 Vm,
1601 1221 1740 1293 duo
1775 1221 2013 1309 liberi,
2056 1220 2390 1291 omnibus
2421 1220 2496 1289 in
2523 1218 2644 1287 vita

562 1335 796 1408 liberis
812 1350 863 1427 ²,
895 1335 1085 1408 hunc
1116 1358 1182 1407 et
1210 1337 1341 1436 ipsi
1370 1338 1520 1409 vitae
1549 1363 1720 1409 meae
1751 1338 2070 1436 praefero:
2099 1338 2318 1408 factus
2353 1356 2452 1409 est
2479 1332 2639 1405 mihi

562 1478 690 1524 suo
739 1452 1048 1550 periculo
1096 1453 1346 1543 carior,
1398 1454 1518 1526 sed
1567 1474 1634 1525 et
1683 1480 1842 1525 meo
1871 1482 1886 1523 :
1930 1479 2051 1524 vos
2091 1451 2268 1523 mihi
2317 1452 2640 1522 honorem

482 448 495 461 κ
568 410 695 495 572

564 1568 920 1666 praestatis,
952 1568 1063 1641 hic
1096 1571 1471 1669 sanguine:
1505 1570 1562 1642 si
1597 1570 1776 1641 mihi
1813 1596 1957 1641 non
1985 1568 2144 1643 licet
2171 1595 2298 1665 pro
2331 1567 2508 1657 filio,
2539 1592 2640 1665 pe-

565 1681 719 1753 ribo
748 1710 913 1754 cum
946 1684 1112 1757 filio.

562 1870 831 1941 vulgatum
849 1890 1085 1945 expono,
1108 1875 1377 1927 stimulum
1393 1874 1573 1929 indus·

563 1952 672 2002 triae
689 1968 802 2003 esse
820 1950 1003 2005 datum
1018 1955 1320 2008 facinoroso
1337 1956 1541 2007 veniam
1553 1994 1571 2021 ,

563 2029 689 2082 dum
736 2028 823 2083 ille
866 2052 920 2085 se
960 2032 1103 2085 videt
1146 2034 1375 2087 dedecus
1418 2054 1572 2089 suum

567 2108 781 2163 abolere
806 2125 857 2163 et
882 2115 1095 2183 expiere
1120 2134 1227 2165 non
1254 2133 1445 2187 posse,
1473 2117 1572 2168 nisi

560 2206 736 2240 rerum
782 2191 1029 2261 praeclare
1074 2208 1337 2262 gestarum
1379 2194 1567 2266 gloria.

562 2268 782 2319 Senum.

640 2363 684 2398 ι.
726 2346 841 2399 Uno
872 2366 954 2399 me
982 2349 1193 2403 vulnere
1212 2352 1434 2423 feriant.
1466 2357 1572 2407 Po-

562 2423 665 2476 tius
673 2424 857 2497 feriat.
896 2427 1060 2482 Gnou.
1093 2424 1166 2470 -’-
1204 2430 1399 2484 Dedt'sti
1436 2432 1571 2485 mihi

562 2503 771 2571 liberos,
791 2507 1044 2578 fortuna,
1080 2511 1320 2582 rapuisti,
1352 2525 1453 2570 ete.
1487 2513 1570 2563 Fi-

560 2583 671 2636 lum
697 2588 948 2640 orationis
973 2587 1147 2652 ducit,
1172 2603 1231 2641 ut
1254 2589 1467 2642 credam
1491 2611 1569 2644 re·

562 2664 897 2718 scribendum
922 2707 935 2730 ‚
980 2667 1175 2720 Dedisti
1216 2669 1350 2721 mihi
1393 2669 1572 2724 liberos

552 2744 805 2820 somena,-
835 2747 1037 2818 rapies?
1066 2745 1127 2798 ld
1161 2763 1335 2800 autem
1364 2750 1569 2802 factura

562 2842 645 2888 es,
669 2826 712 2876 si
734 2823 875 2877 bunc
898 2845 1063 2878 unum
1084 2825 1378 2880 subducere
1399 2846 1568 2898 poenae

562 2921 671 2954 non
704 2907 932 2973 possim:
964 2924 1061 2976 pro
1088 2924 1196 2978 quo
1226 2909 1270 2958 si
1298 2910 1429 2959 mori
1457 2927 1566 2959 non

563 2980 769 3048 licebit,
787 2997 837 3034 et
854 2985 1021 3050 abiis,
1041 2986 1231 3058 quibus
1248 2985 1369 3040 data
1386 2990 1534 3040 venia
1549 3025 1565 3054 ,

566 3073 734 3111 morte
760 3061 1049 3114 voluntaria
1077 3063 1311 3117 divellar.
1334 3067 1492 3118 Venit
1515 3081 1568 3118 et

564 3141 616 3192 in
644 3153 899 3206 mentem,
927 3142 1239 3211 Reddidisti,
1268 3164 1377 3200 uon
1405 3147 1570 3198 truci-

564 3218 713 3270 datos
752 3219 818 3269 ab
861 3219 1030 3272 hoste.
1074 3221 1363 3274 Labor-anto
1388 3239 1443 3276 et
1487 3245 1568 3276 se·

564 3301 808 3369 quentia:
835 3299 1027 3372 quihus
1052 3319 1145 3352 sua
1170 3302 1332 3370 magis
1356 3316 1568 3354 consta-

566 3376 643 3429 bit
678 3379 905 3444 sanitas,
940 3380 985 3430 si
1016 3379 1113 3444 sit,
1146 3378 1376 3430 concedis
1406 3377 1566 3444 alios,

564 3457 868 3530 respublica5
884 3477 977 3510 nec
992 3457 1131 3510 hunc
1148 3458 1438 3530 relinques?
1457 3459 1568 3508 Nisi

566 3537 696 3587 duos
722 3555 820 3607 pro
844 3535 995 3588 alios.
1020 3536 1174 3588 Mox:
1209 3537 1336 3602 Vos,
1368 3535 1468 3588 duo
1504 3535 1567 3587 li·

568 3616 700 3682 beri,
725 3616 961 3668 omnibus
987 3616 1041 3667 in
1068 3617 1173 3668 vita
1202 3616 1397 3682 liberis,
1426 3615 1568 3668 hune

566 3705 618 3745 et
637 3695 734 3766 ipsi
753 3695 870 3746 vitoe
888 3713 1014 3746 meoe
1028 3695 1268 3767 proefem.
1291 3696 1509 3748 Senum.

641 3791 689 3826 2.
707 3776 950 3830 Omnibus
962 3779 1019 3828 in
1036 3778 1143 3828 vita
1158 3775 1344 3830 liberis.
1360 3775 1566 3828 Scribe:

1653 1893 1740 1927 vos
1757 1912 1773 1939 ,
1813 1876 1916 1927 duo
1953 1873 2102 1926 liberi
2119 1910 2134 1937 ‚
2178 1872 2418 1924 omnibus
2457 1872 2508 1921 in
2547 1869 2643 1921 nita

1651 1954 1809 2018 caris,
1834 1954 1974 2005 hunc
1993 1963 2044 2003 et
2061 1952 2158 2022 ipsi
2183 1951 2300 2002 vitoe
2323 1967 2449 2002 meoe
2464 1948 2642 2021 prefe-

1653 2050 1725 2084 ro.
1743 2033 1979 2085 Gnouov.
1996 2030 2148 2083 Delet
2161 2029 2215 2081 τὸ
2240 2029 2282 2081 11·
2285 2031 2410 2081 beris
2421 2026 2643 2080 Obrech-

1654 2124 1753 2164 ωε.
1787 2113 1904 2177 An,
1937 2108 2174 2162 omnibus
2206 2108 2262 2161 in
2295 2108 2404 2161 vita
2433 2106 2642 2171 deliciis,

1649 2191 1733 2244 vel
1745 2230 1760 2257 ‚
1783 2188 2005 2243 laetitiis?
2025 2191 2192 2240 Burm-
2209 2186 2398 2239 -Sed
2411 2186 2488 2238 et·
2507 2202 2640 2235 meo:

1653 2288 1738 2323 vos
1757 2269 1891 2321 mihi
1909 2268 2172 2320 honorem.
2183 2264 2338 2317 Tolle
2355 2265 2640 2315 asteriscum

1651 2363 1703 2400 et
1729 2348 1930 2401 scribe:
1955 2347 2138 2397 Factus
2159 2354 2235 2397 est
2255 2342 2393 2395 mihi
2413 2362 2504 2395 suo
2523 2342 2641 2411 peri-

1650 2426 1768 2481 culo
1797 2427 1995 2480 carior:
2027 2425 2112 2480 sed
2143 2435 2196 2477 et
2223 2444 2358 2476 meo.
2399 2424 2500 2478 Vos
2529 2420 2642 2474 mihi

1653 2508 1822 2559 honor
1853 2515 2102 2579 pra-stat,
2147 2503 2292 2555 hunc
2332 2503 2556 2575 sanquis.
2593 2501 2642 2554 Si

1649 2587 1782 2640 mihi
1803 2605 1908 2638 non
1931 2586 2052 2639 licet
2064 2581 2326 2656 prosilio,
2347 2585 2524 2654 peribo
2539 2601 2640 2634 cum

1635 2665 1780 2740 filio.
1813 2667 1983 2718 Gnou.
2018 2662 2414 2735 Expungeudus
2451 2665 2641 2714 asteris-

1649 2765 1761 2798 cus.
1780 2747 2005 2798 Senum.
2023 2773 2093 2782 -—
2109 2743 2214 2796 Vos
2227 2743 2363 2794 mihi
2381 2741 2640 2804 honorem,

1649 2837 1748 2876 etc.
1779 2825 1972 2875 Manca
1999 2821 2111 2874 haec
2141 2835 2192 2873 et
2219 2821 2405 2872 mutila
2429 2842 2442 2870 :
2467 2819 2640 2870 vocula

1647 2923 1754 2956 uua
1801 2907 1998 2956 inserta
2041 2903 2212 2954 oratio
2253 2903 2354 2952 erit
2395 2899 2640 2971 expedita.

1651 2984 1754 3037 Vos
1771 2981 1905 3034 mihi
1925 2982 2168 3036 honorem
2187 2979 2515 3052 ρπεςῑαὸίεἰς,
2537 2978 2640 3028 lauh

1645 3083 1738 3140 eqo
1769 3064 2098 3137 sanquinem.
2135 3060 2362 3113 Grandis
2395 3061 2525 3124 erit,
2555 3077 2640 3110 nec

1647 3141 1926 3196 commoda
1953 3143 2154 3202 minus,
2177 3141 2222 3191 si
2245 3139 2527 3202 emendes,
2555 3136 2642 3189 Vos

1649 3240 1756 3274 non
1797 3221 1933 3271 mihi
1973 3219 2221 3272 honorem
2263 3227 2530 3288 praestate,
2569 3213 2643 3266 sed

1649 3304 1772 3354 huic
1793 3301 2049 3377 sanquim'.
2075 3300 2219 3364 Filiis
2241 3298 2325 3350 his
2349 3299 2479 3349 meis
2501 3313 2642 3348 sme-

1649 3383 1857 3435 tissimis
1874 3417 1890 3445 ‚
1916 3397 2047 3450 quos
2069 3380 2124 3430 in
2149 3379 2278 3449 ipsis
2307 3379 2469 3428 saeris
2498 3374 2642 3426 deun

1650 3473 1701 3512 et
1733 3458 1985 3512 altaribus
2019 3457 2259 3510 educavi.
2283 3455 2418 3507 Vide
2449 3456 2642 3506 initium

1646 3539 1877 3590 Declam.
1893 3539 2038 3608 Virss.
2065 3560 2088 3584 α
2105 3537 2312 3606 ProJice
2339 3534 2443 3586 tela
2469 3551 2640 3594 manu,

1655 3642 1677 3666 κ
1699 3619 1910 3687 sanguis
1943 3633 2111 3667 meus.
2133 3638 2156 3660 ιι
2190 3615 2412 3666 Senum.
2453 3611 2548 3662 Vos
2573 3629 2637 3660 m.

1650 3697 1894 3749 honorem
1910 3695 2162 3767 prematis
2175 3731 2192 3758 ,
2215 3693 2302 3745 hic
2319 3691 2640 3765 sanquinem,

1650 3771 1901 3830 Obrecht.
