2855 4871
432 458 526 521 M.
576 460 649 523 F.
692 458 1025 541 QUINT.
1072 458 1344 523 DECL.
1391 458 2058 528 CCCLXXXVIII.

2167 460 2290 547 5¹7

215 602 495 654 cruenta
536 608 820 682 possum
851 639 867 672 ,
918 582 1106 682 quod
1154 583 1305 657 avia
1352 582 1656 656 secunda
1705 583 1903 657 heres
1953 560 2294 657 nonfuit.

212 697 432 772 Multa
470 721 668 790 sunt,
722 726 873 797 quae
919 702 1244 772 animum
1295 721 1501 771 tuum
1543 700 1955 773 sollicitent:
1998 702 2296 800 ingentis

210 812 601 909 patrimonii
628 812 997 905 heredium,
1025 835 1094 887 et
1117 812 1389 913 gravior
1417 814 1885 912 possessionis,
1910 842 2123 915 quam
2148 816 2298 913 spei

201 924 467 1025 jactura
494 950 636 1000 est:
674 949 739 1000 et
770 927 891 999 diu
916 942 932 973 ¹
965 955 1127 1000 cum
1156 954 1235 999 ea
1262 927 1414 999 fuit.
1447 928 1578 1000 llla
1599 948 1873 1019 tecum,
1907 927 2131 1001 haheo
2162 955 2300 999 cer-

146 1055 151 1063 '
210 1060 391 1131 tum,
428 1043 717 1142 cogitas:
760 1043 817 1115 si
855 1044 1141 1143 recipio,
1175 1044 1379 1115 ducet
1414 1070 1737 1133 uxorem,
1771 1070 1985 1140 quam
2013 1044 2298 1116 fortasse

212 1158 538 1231 cariorem
564 1160 847 1251 habeat,
878 1187 1095 1259 quam
1120 1180 1421 1233 matrem
1451 1188 1464 1232 :
1495 1187 1655 1259 ergo
1679 1160 1826 1233 sola
1851 1161 2073 1233 obstat
2095 1159 2300 1259 patri-

212 1276 427 1347 monii
464 1278 805 1377 cogitatio.
844 1278 906 1349 A
942 1277 1181 1377 piratis
1224 1277 1593 1349 dimissum
1618 1336 1636 1368 ,
1679 1305 1722 1349 a
1757 1276 2069 1367 fortuna,
2112 1305 2153 1349 o
2197 1298 2298 1368 te,

211 1390 487 1486 liberte,
522 1392 1031 1467 inofficiosum!
1072 1394 1435 1483 reduxisti,
1474 1422 1616 1467 non
1647 1394 1734 1465 ad
1765 1394 2140 1492 imagines,
2178 1392 2299 1466 sed

210 1525 284 1578 ut
312 1508 601 1608 propius
635 1511 959 1582 amissam
1000 1509 1409 1607 dignitatem
1444 1510 1851 1609 adspiceret.
1891 1510 2155 1598 Etiam,
2197 1509 2301 1579 in-

207 1621 394 1721 quit,
439 1623 795 1695 fortunam
838 1650 1069 1697 meam
1114 1650 1448 1697 noveram
1483 1652 1497 1695 :
1543 1652 1686 1697 non
1731 1646 1831 1697 est
1869 1651 2068 1723 puer,
2112 1624 2302 1721 quod

210 1762 373 1808 cum
412 1736 655 1812 liberto
694 1738 1001 1839 queraris
1040 1766 1054 1811 :
1106 1737 1348 1811 omnia
1389 1737 1516 1811 tibi
1560 1739 1825 1830 reddit,
1866 1759 2111 1839 praeter
2151 1764 2304 1809 ma-

210 1870 415 1925 trem.

251 2002 509 2075 HABET
534 2022 919 2091 nucQSQuE
949 2006 1554 2079 Conrnovl-:nsus
1581 2000 1936 2075 mimano*
1957 2002 2263 2073 CXLul.

286 2190 331 2224 1.
352 2174 427 2224 Et
442 2172 549 2226 diu.
568 2173 809 2241 Iactura,
830 2174 973 2247 quod
987 2175 1078 2227 diu
1096 2192 1213 2227 cum

210 2268 269 2301 ea
282 2250 457 2321 fitisti.
484 2249 703 2304 Senum.

280 2330 301 2354 ⁶
318 2332 497 2383 Ham·
512 2342 612 2384 noc
628 2348 788 2397 usqua
801 2334 1215 2387 Con-rnonnsus

210 2425 426 2464 numano
447 2410 669 2464 CXLlll.
698 2412 782 2466 Sic
805 2413 1213 2465 vetustissimum
1256 2420 1264 2427 '

210 2505 262 2544 et
283 2494 542 2564 optimum
561 2493 827 2565 exemplar
844 2495 895 2546 S.
911 2496 972 2546 T.
990 2496 1053 2545 R.
1070 2493 1216 2563 quod

208 2569 421 2622 Claudii
450 2569 650 2622 Falceti
679 2573 744 2623 V.
778 2574 836 2624 C.
872 2569 1085 2626 doctis&
1118 2571 1217 2622 be-

206 2652 401 2704 neficio
420 2652 717 2704 habuimus.
744 2653 1111 2724 Sequebantur
1126 2671 1215 2704 ve-

206 2753 271 2786 ro
310 2735 367 2784 in
403 2731 593 2784 eodem
626 2733 911 2804 exemplari
942 2733 1217 2786 Declama-

206 2813 419 2864 tionum
438 2811 619 2862 Annaei
638 2811 845 2862 Senem!
866 2809 983 2862 libri
1006 2809 1217 2872 decem,

206 2889 439 2942 breviati
466 2888 541 2940 illi
564 2887 807 2960 quidem,
832 2901 889 2940 ut
914 2887 1040 2940 alias
1064 2906 1219 2959 sepa-

206 2970 369 3021 ratim
392 2966 520 3020 editi
544 2979 692 3032 sunt,
716 2966 807 3020 sed
836 2965 1109 3038 aliquanto
1138 2980 1219 3017 ta-

208 3069 337 3104 men
380 3047 621 3102 meliores
661 3049 887 3120 vulgatis
902 3087 919 3114 ,
956 3067 1079 3101 cum
1116 3046 1219 3100 hac

210 3133 593 3202 inscriptione,
614 3133 809 3183 lacum
830 3129 1028 3182 satem
1051 3145 1221 3182 nacta

210 3229 277 3265 nn
284 3226 493 3263 tronum
508 3228 520 3257 ε
534 3227 690 3281 quem
700 3210 855 3262 etiam
864 3210 921 3261 in
932 3208 1047 3261 aliis
1056 3227 1223 3261 exem-

209 3287 451 3360 plaribus
481 3285 693 3338 titulum
720 3286 885 3339 fuisse
906 3285 990 3338 vel
1016 3284 1107 3337 illa
1132 3287 1217 3338 Jo.

212 3365 612 3421 Sarisberiensis
650 3383 713 3418 ex
748 3363 841 3417 lib.
869 3365 987 3417 VIII
1014 3363 1217 3437 Polycr.

212 3460 465 3518 arguunt.
487 3447 799 3516 «legantur,
814 3445 1012 3519 inquit,
1032 3459 1085 3497 et
1097 3443 1221 3496 libri

218 3549 241 3574 a
260 3527 369 3592 illi,
386 3545 519 3598 quos
533 3527 729 3580 Seneca
748 3525 933 3579 decem
951 3541 1220 3579 oratorum

220 3627 243 3652 a
263 3606 564 3670 sententiis,
582 3603 684 3655 sub
702 3605 927 3674 imagine
945 3603 1221 3656 Declama-

222 3705 245 3730 ο
264 3687 473 3738 tionum
499 3681 847 3750 scholarium,
876 3681 1170 3737 illustravit.
1192 3705 1215 3730 ο

217 3767 345 3820 Esse
360 3777 537 3817 autern
552 3763 667 3816 illas
676 3761 1098 3817 Declamationes
1112 3782 1223 3816 non

217 3846 275 3897 L.
292 3847 478 3899 Annaei
491 3845 701 3898 Seneca
711 3881 729 3912 ,
744 3861 900 3915 quem
916 3845 1059 3896 Nero
1074 3847 1226 3916 quin·

1295 2174 1512 2245 quennii
1533 2172 1838 2240 magistrum
1859 2170 2072 2235 habuit,
2097 2169 2190 2221 sed
2210 2189 2302 2241 pa·

1295 2254 1389 2303 tris
1416 2252 1584 2320 ipsius
1599 2286 1617 2316 ‚
1643 2268 1798 2321 quem
1822 2252 2062 2301 Marcum
2087 2247 2304 2321 quidam

1294 2334 1708 2402 praenominant,
1734 2346 1786 2382 et
1811 2331 1964 2383 nobis
1990 2344 2112 2381 ante
2137 2333 2306 2383 visum

1294 2396 1423 2481 fuii,
1447 2428 1496 2467 et
1518 2412 1585 2466 ab
1607 2412 1994 2484 elegantissimo
2017 2412 2304 2484 diligentis-

1294 2497 1538 2565 simeque
1571 2496 1898 2565 antiquitatis
1927 2496 2103 2565 Lipsio
2135 2512 2306 2564 nuper

1295 2577 1349 2627 in
1374 2575 1566 2628 Electia
1593 2587 1834 2626 notatum
1857 2592 1950 2627 est.
1976 2577 2096 2626 Post
2113 2573 2210 2626 has
2231 2575 2308 2624 in·

1294 2655 1592 2725 cipiebant,
1621 2655 1697 2704 Ex
1721 2655 2018 2706 Carnunto
2042 2657 2188 2704 Fun.
2215 2669 2308 2704 81-

1295 2751 1493 2788 ctntvrss
1515 2735 1564 2786 X
1591 2749 1870 2786 antrorum
1896 2749 2167 2785 immnuta:
2194 2751 2314 2804 quo-

1296 2812 1488 2865 ordine
1517 2814 1762 2884 superior
1789 2827 1968 2865 nostra
1998 2814 2306 2882 conjectura

1297 2895 1364 2947 de
1396 2893 1498 2945 hac
1533 2894 1872 2965 inscriptione
1905 2892 2151 2945 nonnihil
2183 2911 2311 2946 cou-

1296 2973 1554 3025 firmatur.
1581 2971 1683 3024 Sed
1707 2991 1806 3024 nec
1826 2970 1958 3026 illud
1977 2970 2310 3026 dissimulare

1294 3051 1576 3116 volumus,
1609 3053 1664 3104 in
1693 3052 1784 3104 illo
1815 3053 2017 3123 optimo
2045 3065 2099 3103 et
2127 3063 2310 3106 vetus-

1300 3133 1502 3184 tissimo
1529 3129 1725 3183 Codice
1745 3129 2016 3201 Calpurnii
2033 3130 2208 3182 Flacci
2227 3133 2314 3184 vix

1302 3213 1624 3284 superfuisse
1654 3227 1898 3283 quartam
1925 3226 2161 3284 partem:
2189 3212 2316 3264 reli-

1302 3313 1405 3367 qua
1436 3313 1534 3346 nos
1561 3293 1808 3348 habuisse
1839 3313 1900 3346 ex
1927 3293 2101 3346 italico
2137 3311 2314 3346 exem-

1298 3372 1467 3444 plari,
1497 3391 1606 3424 non
1635 3370 1770 3426 adeo
1798 3385 2026 3424 vetusto.
2055 3371 2188 3439 Quis
2215 3391 2282 3424 au

1300 3465 1407 3504 tem
1429 3449 1517 3503 hic
1541 3450 1858 3523 Calpurnius
1881 3449 2066 3514 fuerit,
2089 3448 2178 3500 alii
2201 3449 2310 3500 for-

1301 3542 1440 3582 tasse
1480 3529 1674 3580 dicturi
1714 3539 1838 3580 sunt
1859 3550 1872 3578 ε
1921 3527 2050 3579 mihi
2090 3525 2308 3600 quidem

1298 3607 1540 3661 nondum
1561 3607 1694 3659 scire
1707 3605 1945 3676 contigit.
1961 3605 2304 3658 lam—vid.

1302 3707 1415 3761 quse
1439 3691 1490 3740 in
1511 3700 1696 3740 nostra
1715 3687 2024 3758 praefatione
2041 3705 2070 3737 a
2083 3685 2308 3737 Fabricii

1300 3764 1550 3820 Biblioth.
1573 3763 1663 3818 lat.
1691 3777 1936 3836 excerpta
1959 3776 2110 3829 sunt,
2129 3761 2306 3818 ubido

1300 3844 1387 3898 his
1410 3844 1718 3916 explicatius
1743 3846 1933 3914 agitur.
1959 3844 2052 3896 En.

514 4075 723 4130 15⁸1le
756 4075 1454 4131 DECLAMATIONUM
1487 4072 2014 4143 QUINTILIANI.
