2855 4871
469 427 1306 500 DECLAMATIONES.
1354 429 1876 497 CCCXLVIII.
2086 435 2215 517 433

125 561 502 634 curitate”si
537 558 890 660 perierunt
924 557 1173 654 aliqui,
1213 578 1296 627 ut
1331 556 1729 653 parcissime
1758 557 2022 651 dicam,
2069 587 2213 635 non

125 677 551 774 ignoscerem
581 671 647 742 ¹?
687 671 1038 769 Equidem
1084 667 1431 767 intellige,
1478 669 1655 741 hanc
1695 697 1839 742 esse
1873 673 2217 746 conditio-

123 815 292 860 nem
321 785 677 876 omnium,
705 784 829 883 qui
857 783 1536 856 administrationem
1562 782 1959 883 reipublicae
1986 813 2219 886 aggre-

125 902 438 990 diuntur,
465 921 543 970 ut
567 925 678 987 ea,
705 925 860 998 quse
885 898 1185 969 maxime
1215 895 1567 995 pertinent
1594 898 1683 968 ad
1712 897 2006 972 salutem
2036 928 2219 974 com-

126 1040 461 1101 munem,
505 1039 670 1084 cum
719 1011 1024 1109 quadam
1069 1037 1196 1082 sua
1241 1010 1509 1082 invidia
1553 1011 1824 1084 efficere
1866 1038 2216 1112 cogantur.

127 1130 416 1220 Quanta
431 1128 498 1198 vi
524 1126 845 1199 adversus
869 1153 983 1196 me
1008 1124 1274 1196 inimici
1307 1126 1925 1219 consurrexissent,
1956 1130 2011 1202 si
2040 1130 2221 1204 istud

129 1245 286 1317 sine
326 1267 528 1314 causa
561 1239 926 1312 fecissem?
963 1239 1174 1337 quid,
1213 1239 1271 1310 si
1301 1239 1683 1336 proditores
1714 1240 1957 1332 fuisse,
1988 1247 2223 1317 mani-

127 1361 390 1432 festum
418 1355 564 1428 est?
605 1357 939 1426 Putemus
978 1379 1122 1424 esse
1150 1353 1555 1454 judicium?
1595 1376 1662 1425 et
1692 1375 2035 1452 quatenus
2066 1387 2223 1433 ma-

127 1473 336 1547 vultis
371 1472 523 1543 illos
553 1469 996 1542 indemnatos
1025 1468 1284 1556 dicere,
1315 1493 1529 1565 quam
1561 1468 1998 1563 innocentes,
2029 1500 2229 1547 excu-

128 1591 252 1664 tite
295 1613 598 1662 causam.
638 1588 818 1657 Sane
849 1610 996 1656 non
1032 1585 1620 1656 consummaverit
1647 1586 1960 1685 primum
1996 1592 2227 1690 suspi-

129 1705 235 1778 cio
253 1719 310 1794 2,
343 1723 412 1774 at
439 1722 616 1774 certe
649 1701 1018 1798 transfugae
1052 1698 1184 1770 hoc
1215 1698 1602 1771 mentiendi
1643 1727 1843 1773 causa
1872 1731 2023 1800 quae
2052 1707 2231 1778 fuit?

131 1823 386 1910 homo,
418 1817 657 1891 relicto
686 1815 978 1887 exercitu
1007 1841 1169 1904 suc,
1205 1815 1280 1884 in
1305 1815 1645 1887 civitatem
1675 1839 1979 1890 nostram
2010 1841 2231 1895 trans-

133 1957 404 2034 gressus
421 1987 441 2020 ,
469 1955 693 2028 quum
720 1955 866 1999 rem
891 1927 1543 2026 periculosissimam
1576 1930 1838 2004 fecisset
1856 1988 1875 2021 ,
1906 1937 2234 2008 mentire-

129 2046 294 2122 tur?
324 2071 550 2146 quum
589 2043 678 2115 ad
711 2041 1200 2143 probationem
1239 2041 1336 2113 rei
1376 2060 1587 2141 caput
1621 2070 1828 2115 suum
1858 2045 2231 2146 obligaret,

135 2160 386 2232 eadem
434 2156 636 2230 nobis
680 2177 880 2228 nocte
923 2155 1321 2228 denunciat.
1358 2157 1816 2230 Manifestum
1856 2183 1955 2234 est
1992 2184 2231 2236 autem

135 2275 352 2347 fuisse
391 2271 704 2344 hostibus
746 2269 1180 2370 propositum
1200 2328 1220 2361 ,
1255 2271 1543 2342 civitatis
1571 2294 1815 2346 nostrae
1844 2303 1968 2374 per
1995 2279 2261 2378 prodi-x

137 2390 406 2465 tionem
452 2385 827 2488 capiendae.
872 2386 1020 2478 Qui
1070 2386 1448 2487 proditores
1494 2388 1795 2478 fuerint,
1848 2393 2235 2469 recedendo

141 2504 440 2580 confessi
477 2524 641 2575 suut
673 2530 689 2574 :
738 2503 910 2602 quid
954 2504 1144 2575 enim
1188 2525 1289 2576 est
1327 2530 1583 2595 causae,
1626 2533 1749 2577 cur
1782 2508 1904 2605 qui
1936 2511 2023 2580 ad
2059 2509 2239 2583 illud

143 2646 368 2719 usque
401 2639 678 2717 tempus
707 2616 1042 2689 civitatis3
1071 2638 1626 2717 permanserant,
1652 2640 1808 2718 post
1830 2620 2239 2696 incendium

141 2732 466 2823 carceris,
497 2752 652 2831 post
679 2751 979 2804 mortem
1009 2754 1485 2833 suspectorum
1519 2733 1721 2805 nobis
1755 2734 2011 2807 civium
2030 2792 2051 2826 ,
2082 2764 2242 2810 con-

143 2850 346 2921 tinuo
385 2846 860 2919 discesserint?
899 2847 1036 2917 Hic
1069 2848 1244 2919 ratio
1282 2846 1401 2918 illa
1439 2874 1720 2943 quoque
1756 2870 1890 2940 est,
1925 2852 2115 2948 quod
2146 2854 2241 2926 sic

69 3016 76 3022 -
147 2964 343 3063 exegi
371 2962 797 3063 supplicium
831 2962 918 3035 ab
947 2961 1123 3053 illis;
1157 2961 1214 3035 si
1249 2962 1463 3034 modo
1497 2962 1629 3034 hoc
1663 2984 1763 3035 est
1790 2963 2054 3064 exigere
2086 2997 2244 3070 sup-

227 3202 266 3237 1.
293 3184 353 3237 Si
373 3184 642 3255 perierunt
660 3185 857 3257 aliqui,
882 3196 940 3236 ut
963 3186 1158 3255 parcis·
1234 3184 1407 3255 prima
1439 3184 1674 3257 suspicio.
1710 3186 1929 3240 Senum.
1962 3190 2087 3243 Non
2120 3212 2246 3244 con·

149 3266 278 3316 sime
293 3262 501 3329 dicam,
521 3280 626 3314 non
649 3265 972 3337 iquoscerem.
995 3266 1156 3336 Lege:
1236 3266 1571 3317 summaverit
1600 3265 1795 3317 crimen
1834 3268 2048 3338 suspicio
2064 3307 2081 3333 ,
2114 3270 2245 3322 Obr.

151 3360 258 3394 non
297 3341 602 3415 ignoscetis?
625 3344 804 3395 AEnon.
835 3343 958 3395 Non
989 3344 1161 3417 iquos·-
1236 3344 1566 3396 —Exercitu
1585 3364 1697 3398 suo.
1728 3346 1906 3398 AErod.
1940 3367 2037 3419 pro
2060 3348 2141 3399 his
2166 3352 2248 3401 in·

151 3420 376 3473 cendum
394 3442 410 3470 .·
430 3421 536 3487 vel,
557 3440 664 3473 non
685 3424 1022 3495 iquosceretis.
1045 3425 1162 3476 Seu.
1243 3425 1370 3475 serit
1387 3423 1567 3475 relicto
1584 3425 1890 3495 imperatore
1907 3444 1999 3476 suo
2013 3448 2027 3475 .·
2052 3441 2104 3479 at
2120 3427 2245 3480 edit.

153 3503 278 3554 Non
301 3500 560 3575 iquoscere
577 3518 660 3552 me
678 3500 906 3572 quidem.
1243 3506 1453 3574 Bipont.
1480 3518 1765 3575 utrumque
1790 3504 2035 3569 exhibet,
2070 3509 2248 3561 relicto

228 3598 277 3632 2.
313 3580 442 3631 Non
475 3580 904 3632 consummaverit
929 3578 1163 3650 primum
1243 3583 1465 3634 exercitu
1483 3601 1593 3647 suo,
1618 3583 1795 3635 relicto
1816 3585 2120 3657 imperatore
2136 3606 2249 3653 suo,

153 3659 392 3731 suspicio.
425 3658 592 3727 Lege:
622 3659 762 3711 Sane
789 3675 894 3711 non
927 3674 1166 3709 consum-
1247 3659 1649 3712 adversantibus
1676 3660 1839 3712 Hack.
1873 3675 1925 3713 et
1949 3664 2123 3714 Burm.
2152 3666 2248 3715 En.

155 3740 422 3792 moverint
450 3737 796 3811 proditionem
841 3749 1120 3809 susceptam
1148 3756 1166 3785 .-
1246 3766 1318 3778 —-
1343 3739 1544 3790 Eadem
1580 3740 1738 3791 nobis.
1773 3740 2071 3792 condictam
2109 3742 2253 3793 nobis

156 3830 292 3871 certe
323 3817 640 3890 transfuyoe,
663 3830 763 3869 etc.
791 3817 970 3869 AEnon.
998 3817 1167 3868 Inno—
1249 3828 1451 3870 noctem
1488 3818 1783 3871 denunciat.
1819 3822 1889 3871 Ut
1932 3844 1955 3867 ιι
1975 3820 2253 3873 condictus

156 3910 330 3951 centes
341 3896 586 3950 excutite.
607 3898 821 3948 Causam
836 3914 960 3949 sane
979 3913 1033 3945 n.
1049 3912 1173 3947 con·
1259 3918 1280 3942 α
1301 3896 1444 3964 dies,
1460 3921 1482 3944 ιι
1508 3897 1672 3950 Plaut.
1696 3898 1849 3949 Cure.
1876 3900 1927 3961 1,
1954 3915 1999 3962 ι,
2022 3898 2071 3949 5.
2098 3900 2217 3950 Sca.

159 3976 525 4040 summano-it,
537 3976 768 4049 primum
783 3974 1031 4045 suscipiat
1042 3984 1175 4027 certe
1326 3976 1374 4027 3.
1400 3977 1487 4027 Ad
1510 3976 1647 4028 illud
1670 3995 1827 4049 usque
1856 3986 2052 4049 tempus
2078 3980 2257 4031 civita-

165 4058 468 4131 transfuqoe.
507 4057 656 4125 Hoc,
695 4075 855 4127 marg.
894 4056 1033 4107 Sane
1069 4074 1176 4107 non
1257 4056 1336 4107 tis.
1363 4056 1635 4106 AErodius:
1664 4056 1718 4105 iu
1744 4054 1999 4106 obsidione
2024 4058 2256 4111 civitatis.

165 4147 556 4205 consummata,
567 4136 650 4191 vel
663 4135 970 4209 confirmata
979 4172 999 4201 ,
1020 4135 1184 4204 fuerit
1257 4136 1425 4205 Lege,
1447 4135 1501 4186 in
1519 4136 1727 4188 civitate
1738 4151 2142 4207 permanserant.
2162 4140 2259 4191 Gn.
