2855 4871
597 376 716 442 190
1092 352 1186 415 M.
1235 350 1487 415 FABII
1532 350 2175 433 QUINTILIANI

588 616 1417 641 ”mmm

1359 816 1906 894 CCXCVII.

986 1050 1320 1121 Meretrix
1351 1043 1439 1117 ab
1473 1062 1779 1117 amatore
1784 1046 1970 1143 sorti
2002 1062 2273 1119 coecata.

587 1260 712 1337 Qm
745 1274 1176 1317 uxcsscavnmr
1209 1254 1520 1328 amonem,
1550 1274 1673 1313 Aur
1700 1273 2014 1313 'numum
2048 1264 2395 1328 runnuv,
2423 1274 2551 1314 Am·
2582 1274 2697 1314 nx-

666 1374 894 1415 cncui
914 1372 1038 1413 nux
1057 1371 1168 1410 srr.
1189 1351 1527 1411 Meretricis
1546 1363 1790 1410 amator
1804 1348 2049 1409 fortiter
2062 1348 2235 1410 fecit:
2260 1364 2695 1411 occurrentem

667 1453 786 1513 sibi
811 1450 1195 1511 meretricem
1221 1449 1576 1507 excaeca-vit:
1601 1448 1757 1529 petit
1780 1446 1887 1507 illa
1900 1491 1917 1521 ‚
1944 1460 2013 1507 ut
2034 1446 2251 1509 eodem
2272 1446 2429 1509 duce
2450 1462 2695 1523 utatur,

665 1551 930 1611 Recusat
952 1547 1056 1607 ille
1071 1591 1090 1622 ‚
1117 1560 1177 1607 et
1199 1545 1388 1606 offert
1409 1545 1735 1605 talionem.

1284 1736 1986 1805 DECLAMATIO.

687 1899 758 1973 Si
783 1900 970 1999 quiS,
988 1898 1286 2001 judices,
1309 1897 1465 1995 lege
1484 1896 1805 1969 adversus
1826 1923 1973 1985 eos,
1999 1895 2120 1995 qui
2148 1916 2695 1985 excaecaverunt,

589 2016 692 2089 ita
723 2016 1134 2114 composita,
1168 2034 1244 2086 ut
1273 2032 1394 2085 aut
1430 2012 1759 2083 talionem
1798 2012 2171 2110 patiantur,
2206 2032 2325 2084 aut
2350 2010 2698 2110 aliquate—

589 2158 726 2203 nus
747 2130 1074 2203 solatium
1099 2129 1372 2228 injuriae
1401 2149 1758 2227 praestent,
1788 2127 1979 2200 litem
2008 2154 2150 2201 esse
2175 2127 2447 2219 audiat,
2472 2128 2697 2202 altera

592 2268 783 2345 parte
817 2247 1124 2318 similem
1156 2246 1511 2317 fortunam
1536 2244 1883 2342 exigente,
1914 2243 2124 2316 altera
2146 2243 2491 2317 mitiorem
2522 2274 2696 2345 par-

590 2380 734 2433 tem
770 2359 937 2460 legis
970 2360 1463 2461 amplectente,
1499 2360 1806 2458 profecto
1836 2358 2178 2431 existimet
2210 2360 2391 2431 hanc
2428 2360 2699 2435 mulie-

593 2503 743 2550 rem
777 2477 850 2549 id
875 2476 1220 2577 postulare
1238 2534 1256 2562 ‚
1287 2497 1366 2548 ut
1387 2497 1755 2550 excaecetur
1777 2477 1832 2548 is
1850 2534 1869 2568 ,
1904 2475 2025 2576 qui
2051 2475 2185 2549 sibi
2210 2477 2443 2550 oculos
2467 2478 2657 2552 eruit
2672 2509 2693 2568 ;

593 2591 797 2665 illum
823 2613 1058 2666 autem
1079 2593 1306 2666 virum
1328 2595 1581 2665 fortem
1606 2591 1861 2665 fiducia
1886 2591 2296 2664 meritorum
2321 2618 2487 2691 erga
2506 2619 2697 2664 rem-

593 2706 949 2805 publicam
995 2733 1303 2806 sperare,
1357 2731 1553 2804 posse
1604 2705 1794 2797 fieri,
1858 2725 1935 2778 ut
1978 2725 2216 2778 contra
2260 2706 2695 2780 voluntatem

593 2849 874 2921 quoque
908 2822 1092 2922 ejuS,
1127 2847 1278 2919 quae
1307 2820 1723 2910 vindicatur,
1756 2820 1992 2892 oculos
2018 2819 2381 2892 defendat:
2420 2849 2593 2894 nam
2628 2843 2697 2895 et

592 2933 706 3005 hic
727 2935 928 3007 dolor
950 2934 1352 3032 gravissima
1377 2961 1585 3033 passae
1606 2933 2067 3006 convenisset:
2094 2955 2161 3006 et
2176 2933 2352 3006 illud
2371 2937 2693 3008 naturale

595 3069 729 3138 est,
762 3069 841 3121 ut
871 3049 1058 3120 bona
1087 3049 1451 3122 oculorum
1484 3050 1880 3149 intelligant
1912 3049 2123 3121 etiam
2143 3104 2162 3139 ,
2188 3049 2309 3147 qui
2336 3071 2693 3123 eruerunt.

594 3166 677 3236 Id
727 3191 938 3236 omne
989 3165 1334 3239 diversum
1389 3187 1487 3239 est
1528 3196 1543 3238 :
1598 3168 1746 3240 haec
1796 3193 1951 3266 quae
2002 3187 2328 3240 excaecata
2376 3189 2479 3240 est
2502 3225 2521 3260 ,
2576 3169 2696 3242 cui

597 3302 832 3381 erepta
864 3279 982 3354 lux
1011 3302 1149 3372 est,
1187 3283 1296 3354 cui
1331 3284 1562 3356 omnis
1586 3285 1723 3356 vita
1751 3283 1825 3354 in
1860 3282 2221 3356 tormentis
2249 3283 2521 3382 agenda
2552 3305 2694 3375 est,

597 3397 960 3468 miseretur
993 3397 1355 3494 quondam
1384 3400 1717 3472 amatoris
1740 3398 1859 3470 -sui
1891 3425 1905 3470 ε
1946 3397 2099 3488 ille,
2137 3397 2260 3495 qui
2294 3399 2693 3489 excaecavit,

594 3512 743 3582 vult
774 3512 967 3584 istam
1007 3510 1308 3584 nimium
1332 3513 1662 3586 vindicari
1696 3542 1710 3584 :
1748 3511 1961 3610 idque
1996 3513 2051 3585 si
2080 3513 2335 3585 faceret
2361 3514 2697 3613 poeniten-

597 3625 729 3716 tia,
759 3647 1112 3725 utcunque
1141 3630 1599 3701 consolandus
1632 3627 1833 3702 nobis
1866 3649 2081 3702 esset:
2116 3655 2287 3700 nam
2320 3649 2392 3701 et
2422 3649 2695 3727 potera-

597 3767 757 3814 mus
793 3742 1125 3842 supicari‚
1167 3745 1348 3817 hanc
1387 3745 1578 3818 istius
1617 3745 2094 3843 postulationis
2127 3771 2271 3818 esse
2307 3745 2693 3836 rationem,

599 3884 826 3957 quum
845 3861 1276 3934 excaecaverit
1297 3859 1729 3936 meretricem
1742 3918 1763 3952 ‚
1784 3887 1999 3960 quam
2018 3861 2299 3952 amavit,
2320 3887 2517 3934 nune
2537 3888 2698 3936 ocu·

678 4078 722 4117 ι.
747 4062 1020 4118 Talionem
1037 4065 1277 4136 probeat.
1303 4065 1489 4133 Forte,
1510 4065 1705 4120 debeat.
1726 4064 1845 4122 vicl.
1870 4063 1939 4119 nd
1962 4064 2115 4120 Ovid.
2139 4067 2239 4140 Ep.
2258 4065 2378 4133 vn,
2406 4082 2425 4116 ι
2438 4081 2527 4138 77.
