2855 4871
559 423 639 488 72
1058 397 1150 460 M.
1198 394 1451 460 FABII
1493 391 2135 476 QmNTtLlAm

557 522 760 594 detur
812 518 1319 620 patrimonium
1368 543 1616 590 meum
1645 573 1664 608 ,
1724 517 2008 615 pulsant
2054 516 2356 588 frontem
2409 541 2632 588 meam

558 634 1007 734 caeduntque,
1056 633 1268 707 etiam
1310 633 1365 705 si
1410 653 1714 720 taceant,
1767 631 1916 732 ipso
1969 631 2251 722 habitu,
2301 632 2452 732 ipsa
2496 629 2633 703 tris-

558 749 743 840 titia,
774 749 923 850 ipso
961 748 1279 822 silentio:
1308 747 1433 820 sed
1468 749 1554 822 ''et
1597 766 1874 846 rogant,
1914 767 1983 818 et
2018 746 2524 846 provolvuntur
2557 744 2638 816 ad

560 891 830 964 genua:
873 891 1001 936 nec
1044 861 1223 936 mihi
1272 862 1427 952 ila,
1471 862 1716 935 saltem
1749 860 2112 951 simulata,
2155 883 2234 933 ut
2265 861 2638 961 plerisque,

560 978 900 1052 excusatio
948 998 1293 1078 superest,
1344 998 1424 1050 ut
1465 965 1694 1050 dicam
1719 1033 1739 1067 ‚
1785 977 1944 1049 Non
1988 1001 2294 1076 possum.
2329 979 2444 1048 Tu
2489 1003 2640 1048 vero

562 1112 755 1166 tanto
774 1149 795 1184 ‚
846 1090 1277 1182 adolescens,
1337 1090 1615 1182 fortior,
1671 1112 1882 1191 atque
1935 1091 2133 1163 omni
2190 1091 2399 1164 laude
2427 1147 2446 1181 ,
2505 1117 2644 1162 non

562 1209 635 1290 in
676 1229 908 1280 nostra
954 1208 1165 1281 modo
1212 1228 1560 1306 tempora,
1600 1206 1723 1282 sed
1771 1205 1978 1280 etiam
2024 1207 2098 1279 in
2145 1207 2380 1279 futura
2411 1205 2646 1278 omnia

524 1383 529 1390 .
562 1315 796 1388 secula
825 1314 1133 1415 dignior,
1169 1313 1357 1388 solus
1388 1314 1567 1387 mihi
1595 1313 1995 1388 mortalium
2019 1313 2270 1386 videris
2303 1339 2516 1386 usum
2542 1339 2648 1411 pe-

563 1429 791 1504 cuniae
832 1428 1263 1502 intellexisse.
1312 1432 1590 1502 Frustra
1620 1426 1748 1500 tibi
1782 1427 2015 1526 aliqua
2059 1427 2338 1500 fortuna
2379 1447 2648 1504 tantum

560 1543 1070 1643 patrimonium
1118 1543 1344 1634 dedit,
1389 1561 1460 1616 et
1491 1542 1567 1616 in
1601 1543 1806 1615 breve
1839 1541 2135 1614 humani
2176 1562 2454 1642 tempus
2493 1541 2649 1630 aevi,

562 1659 777 1733 veluti
826 1660 1087 1760 grande
1136 1661 1415 1760 pondus
1457 1657 1829 1758 imposuit:
1871 1656 2414 1755 relinquendum
2439 1671 2474 1706 ¹-
2517 1677 2654 1728 erat

568 1774 783 1866 istud,
818 1796 886 1849 et
916 1802 1021 1848 res
1049 1775 1400 1848 transisset
1422 1775 1513 1848 ad
1539 1773 1744 1863 alios;
1779 1773 2205 1872 quandoque
2240 1771 2650 1873 locupletem

567 1892 836 1977 fecisset
887 1894 1115 1968 nescio
1168 1921 1383 1992 quem
1432 1917 1618 1964 mors
1663 1891 1992 1964 liberalis.
2049 1889 2259 1963 Libet
2301 1889 2650 1962 vobiscum

568 2007 764 2106 loqui
794 2030 1031 2082 nostro
1062 2009 1387 2098 nomine,
1429 2007 1611 2082 avari
1645 2007 2014 2106 parcique,
2056 2005 2180 2103 qui
2221 2002 2491 2102 aliquid
2519 2029 2656 2076 non

567 2123 806 2195 fecisse
834 2124 1108 2197 sordide
1128 2181 1151 2215 ,
1186 2125 1339 2224 jam
1374 2123 1584 2202 etiam
1615 2121 1837 2194 scelus
1867 2119 2285 2192 existimatis.
2310 2122 2470 2192 Non
2499 2139 2662 2191 sunt

544 2237 697 2309 ‘ista
740 2239 1038 2322 ferenda¹
1072 2238 1440 2315 nobiscum
1473 2266 1489 2310 :
1547 2264 1779 2336 neque
1815 2236 1904 2308 ad
1939 2237 2198 2310 inferos
2237 2255 2500 2308 servata
2543 2261 2662 2334 per

573 2351 787 2424 vitam
816 2352 1094 2439 fortuna
1121 2351 1582 2453 persequitur.
1619 2350 1821 2424 Tolle
1853 2377 2094 2443 usum,
2129 2350 2300 2451 quid
2329 2371 2430 2422 est
2459 2376 2664 2449 pecu-

575 2466 736 2538 nia?
776 2468 935 2567 quis
980 2466 1193 2567 igitur
1230 2494 1395 2541 usus
1443 2466 1836 2541 honestior?
1869 2466 2144 2539 nullus:
2180 2494 2311 2539 nec
2357 2466 2474 2538 hic
2518 2466 2661 2565 lege

572 2582 789 2682 possit
830 2583 979 2656 fieri
1017 2610 1203 2674 reuS,
1234 2584 1295 2661 si
1342 2584 1526 2657 hanc
1559 2583 1781 2682 ipsam
1833 2581 2244 2682 pecuniam,
2289 2608 2506 2679 quam
2551 2608 2666 2681 per

572 2718 671 2771 tot
711 2698 1053 2771 beneficia
1086 2698 1350 2788 divisit,
1394 2725 1520 2799 per
1551 2698 1790 2797 gulam
1824 2718 2276 2795 ventremque
2318 2696 2668 2769 transmit-

574 2835 785 2899 teret:
840 2814 1037 2895 nihil,
1068 2817 1303 2889 obesse
1369 2814 1768 2913 reipublicae
1813 2813 2188 2901 videretur,
2239 2813 2296 2885 si
2341 2812 2666 2885 vitiorum

579 2927 918 3002 institores
966 2928 1096 3003 hos
1144 2930 1423 3003 eosdem
1473 2950 1794 3029 sumptus
1835 2928 2242 3002 divisissent.
2311 2930 2462 3026 Ego
2511 2952 2668 3002 vero

574 3044 743 3129 huic
794 3072 1191 3145 comparare
1231 3073 1321 3118 ne
1354 3045 1510 3118 illos
1553 3044 1842 3145 quidem
1881 3043 2129 3135 timeo,
2173 3042 2296 3142 qui
2327 3041 2572 3141 aliqua
2601 3042 2670 3112 in

578 3185 729 3231 rem
770 3158 1132 3259 publicam
1178 3187 1389 3261 opera
1420 3181 1842 3260 posuerunt:
1892 3160 2038 3231 haec
2085 3157 2276 3231 enim
2321 3178 2564 3247 muta,
2611 3178 2676 3228 et

578 3275 913 3362 humanis
926 3295 1161 3349 tamen
1186 3297 1579 3349 constructa
1599 3276 1928 3349 manibus
1945 3288 1998 3367 ²,
2019 3296 2087 3349 et
2103 3274 2404 3374 speciem
2425 3272 2672 3361 modo,

576 3411 645 3463 et
670 3391 955 3465 brevem
984 3392 1369 3491 quemdam
1404 3390 2117 3491 usum-voluptatibus
2145 3389 2391 3463 nostris
2419 3390 2674 3461 attule-

575 3528 762 3581 runt.
814 3514 908 3581 At
960 3509 1245 3583 hercule
1299 3510 1682 3583 referamus
1724 3508 1814 3589 ad
1849 3508 2088 3597 illam,
2143 3507 2232 3579 de
2277 3533 2418 3605 qua
2465 3504 2674 3579 modo

577 3623 855 3696 locutus
884 3650 1043 3695 sum
1064 3680 1083 3715 ,
1116 3626 1460 3726 speciem:
1494 3642 1756 3725 quanto
1787 3622 2148 3722 pulchrius
2169 3621 2527 3721 integrum
2562 3646 2676 3720 po·

654 3820 697 3856 1.
724 3802 1160 3879 Relinquendum.
1187 3806 1371 3859 Horat.
1394 3807 1472 3871 11,
1497 3804 1584 3859 od.
1667 3803 1982 3857 muneribus.
2004 3804 2084 3857 De
2101 3801 2430 3873 gladiatoriis
2447 3802 2678 3855 nuneri-

584 3887 675 3953 ι4,
698 3906 769 3939 vs.
802 3904 861 3941 αι
883 3910 895 3939 =
935 3909 956 3934 ι
976 3886 1295 3959 Linquenda
1317 3886 1506 3953 tellus,
1537 3898 1590 3938 et
1665 3884 1772 3939 bns
1791 3886 2046 3958 loquitur,
2073 3897 2124 3937 et
2143 3902 2258 3955 quae
2279 3883 2365 3937 his
2383 3882 2546 3951 flunt,
2569 3901 2680 3937 aaa·

584 3992 609 4015 κ
626 3968 844 4034 domus,
868 3984 923 4023 et
943 3971 1161 4041 placens
1186 3970 1351 4033 Uxor,
1374 3981 1478 4021 etc.
1499 3992 1523 4017 ο
1665 3966 1998 4041 phitheatri&
2038 3964 2240 4018 Eodem
2287 3966 2518 4037 pertinet
2533 4001 2549 4030 ‚
2595 3960 2682 4036 qui

660 4066 707 4100 α.
720 4049 982 4103 Humanis
990 4060 1163 4101 umen
1176 4058 1467 4102 constructa
1479 4066 1590 4101 ma-
1669 4052 1900 4122 inqentes
1915 4050 2194 4099 noxiorum
2197 4046 2448 4119 familias
2463 4040 2682 4101 occisuri

580 4118 744 4175 nibus.
758 4120 963 4178 Habent
978 4122 1181 4194 priores
1198 4118 1321 4175 edit.
1342 4120 1588 4178 humanis
1671 4138 1844 4181 tamen
1864 4136 2100 4198 pascunt.
2125 4125 2362 4180 GitonoV.
