2855 4871
599 385 724 466 430
1094 386 1190 452 M.
1237 387 1493 454 FABII
1536 386 2178 471 QUINTILIANI

1308 839 1981 922 CCCXLVIII„

1001 1067 1177 1142 Cum
1198 1070 1665 1171 proditoribus
1684 1099 1919 1151 carcer
1938 1081 2270 1154 incensus.

591 1275 945 1338 Iuvenum
983 1297 1052 1336 m
1090 1297 1279 1337 1³an
1315 1299 1585 1341 sumum
1616 1299 1860 1342 unu-1·
1894 1303 2306 1345 ports-tntu.
2350 1285 2675 1370 Imperator

669 1369 1045 1459 proditionis
1087 1391 1400 1459 suspectos
1446 1379 1512 1440 in
1559 1401 1861 1442 carcerem
1906 1384 2201 1466 conjecit:
2250 1406 2327 1446 ex
2372 1387 2677 1468 transfiiga

669 1475 970 1557 comperit
1013 1474 1226 1535 eadem
1271 1487 1455 1537 nocte
1500 1477 1757 1540 finitum
1799 1479 1877 1540 iri
1920 1479 2363 1564 proditionem.
2412 1484 2678 1545 Incendit

667 1591 1008 1634 carcerem:
1033 1573 1354 1653 perierunt
1383 1573 1509 1650 illi,
1538 1577 1649 1657 qni
1674 1590 1850 1637 erant
1871 1576 1939 1637 in
1960 1599 2235 1639 carcere:
2264 1577 2479 1641 hostes
2505 1599 2679 1640 reoes·

667 1681 896 1730 serunt.
909 1669 1265 1748 Accusatur,
1277 1670 1449 1752 quod
1463 1670 1541 1732 de
1555 1672 1930 1734 indemnatis
1944 1677 2275 1758 sumpserit
2288 1675 2677 1759 supplicium.

1276 1861 1983 1933 DECLAMATIO.

683 2026 758 2103 Si
788 2029 1052 2103 ratione
1082 2028 1366 2102 defendi
1399 2055 1547 2102 non
1582 2055 1893 2128 possem,
1915 2029 2073 2130 jure
2102 2027 2547 2100 defenderer.
2570 2028 2680 2097 lu·

589 2163 916 2218 PERATOR
963 2167 1041 2218 ΙΝ
1087 2164 1318 2217 BELLO
1360 2163 1683 2216 SUMMAM
1729 2165 2009 2217 HABEAT
2053 2162 2566 2217 POTESTATEM.
2610 2139 2679 2212 ld

589 2263 779 2363 quod
814 2261 1148 2365 objicitis,
1169 2283 1266 2333 ·ut
1297 2261 1625 2333 nondum
1659 2260 1993 2364 objiciam
2014 2277 2061 2354 ¹,
2106 2280 2385 2360 propter
2416 2259 2676 2331 bellum

586 2377 848 2451 factum
879 2397 1014 2469 est,
1055 2377 1129 2448 in
1162 2375 1348 2448 bello
1381 2377 1647 2449 factum
1678 2398 1775 2450 est
1804 2405 1819 2449 ε
1859 2403 2020 2449 usus
2052 2403 2210 2450 sum
2248 2375 2465 2475 igitur
2502 2373 2676 2473 lege3

587 2494 1006 2586 viderimuS,
1031 2520 1246 2593 quam
1278 2492 1545 2566 utiliter
1574 2494 1976 2585 constituta,
2012 2514 2078 2566 et
2104 2492 2489 2567 necessaria
2522 2517 2681 2591 quo—

585 2638 750 2711 que.
764 2612 1194 2684 IMPERATOR
1207 2630 1282 2681 IN
1299 2629 1531 2681 BELLO
1546 2629 1867 2682 SUMMAM
1880 2630 2161 2685 HABEAT
2178 2628 2677 2683 POTESTATEM.

585 2729 766 2799 Ante
797 2727 1040 2800 omnia
1075 2752 1220 2798 non
1257 2724 1332 2796 id
1359 2744 1672 2825 tempus,
1710 2750 1852 2825 quo
1880 2723 2151 2825 judicia
2180 2723 2473 2798 exercen'
2497 2782 2521 2815 ‚
2554 2748 2679 2821 quo

586 2840 772 2941 leges
811 2844 1102 2917 retinere
1135 2843 1277 2913 vim
1319 2868 1521 2913 suam
1558 2842 1865 2939 possint:
1908 2840 2037 2913 ista
2072 2868 2203 2941 pax
2240 2861 2506 2939 spectat
2528 2854 2581 2931 ²,
2620 2858 2681 2909 et

585 2957 1100 3057 diligentiorem
1122 2985 1356 3031 rerum
1377 2955 1911 3057 inquisitionem
1928 2957 2253 3029 securitas
2271 2955 2521 3027 habet:
2546 2980 2677 3027 non

581 3092 780 3145 vacat
812 3075 886 3145 in
916 3074 1102 3146 bello
1131 3100 1368 3145 curam
1399 3098 1604 3171 agere
1636 3073 2105 3171 singulorum.
2132 3073 2242 3145 Ad
2265 3072 2455 3143 hanc
2485 3071 2680 3145 ratio·

587 3213 754 3259 nem
787 3188 1049 3261 accedit
1081 3187 1259 3259 illud
1292 3215 1613 3287 quoque,
1650 3188 1840 3287 quod
1874 3187 2360 3259 administrare
2390 3212 2541 3257 non
2569 3209 2677 3281 po·

583 3322 713 3374 test
743 3301 1012 3374 bellum
1033 3360 1053 3392 ,
1087 3301 1220 3373 nisi
1250 3322 1515 3373 tantam
1550 3322 1954 3401 potestatem
1988 3300 2345 3389 habuerit,
2379 3296 2677 3397 impera-

588 3437 694 3490 tor
729 3446 742 3488 :
787 3440 889 3491 tot
921 3417 1143 3489 millia
1181 3417 1741 3515 conscriptorum
1784 3416 2097 3489 militum
2138 3414 2213 3485 in
2249 3414 2473 3485 aciem
2508 3412 2675 3484 edu·-

587 3558 777 3623 cere‚
810 3533 1162 3632 assignare
1188 3533 1340 3605 loca
1372 3532 1653 3604 interim
1686 3532 2107 3633 periculosa,
2142 3528 2441 3603 tuendos
2474 3528 2675 3615 εἰπε,

591 3649 1060 3749 expugnanda
1099 3648 1406 3720 hostium
1458 3647 1774 3752 castella,
1824 3672 1971 3718 non
2017 3664 2239 3746 potest
2282 3641 2426 3716 sola
2470 3642 2673 3727 ratim

667 3826 710 3859 1.
765 3808 836 3860 Ut
868 3809 1102 3860 nondum
1147 3810 1402 3880 oiy'iciam.
1444 3808 1599 3859 AEro-
1679 3808 1805 3860 dum
1826 3808 2111 3879 objectum,
2130 3804 2332 3859 Schult.
2358 3802 2585 3876 objicitis
2600 3800 2679 3871 (κέ

590 3888 734 3955 dius,
757 3900 818 3941 ut
841 3889 1072 3941 nondum
1091 3888 1446 3960 proditionem
1472 3886 1599 3958 obji-
1679 3888 1917 3939 nondum
1958 3886 2205 3958 afficiam
2244 3894 2457 3958 propter
2492 3880 2677 3933 bellna

591 3966 745 4017 ciam.
772 3967 972 4020 Malim.
1005 3968 1074 4019 Id
1095 3966 1237 4039 quod
1265 3966 1512 4037 objicitis,
1540 3974 1603 4015 ut
1668 3968 1879 4041 factum
1902 3968 2035 4040 esse)
2062 3968 2121 4019 ἰη
2144 3964 2278 4019 bello
2290 3966 2341 4038 f.
2364 3982 2407 4016 e.
2430 3960 2675 4017 Obrecht·

593 4047 826 4098 nondum
871 4048 1068 4101 diluam
1087 4088 1106 4116 ,
1151 4058 1365 4121 propter
1401 4045 1599 4099 bellum
1755 4066 1802 4099 2.
1842 4048 1949 4100 Ista
1982 4064 2091 4119 pax
2121 4054 2332 4118 spectat.
2368 4044 2467 4097 Ista
2498 4056 2677 4113 pacat·

581 4126 793 4196 sactum
811 4131 1074 4183 est.Gnon.
1093 4130 1327 4200 Oly‘t‘cn‘tis
1339 4127 1461 4181 duci
1474 4146 1601 4181 non·
1680 4136 1929 4199 spectant.
1956 4124 2174 4178 &numu
