2855 4871
672 400 795 465 258
1171 395 1267 457 M.
1312 394 1562 457 FABII
1607 394 2242 475 QUINTILIANI

670 521 881 619 igitur
916 542 1230 605 causam,
1269 540 1481 613 quare
1515 513 1827 611 petierit,
1867 514 1921 585 si
1950 542 2096 587 non
2126 516 2566 616 deposuerat?
2591 522 2716 591 Ha-

668 640 828 709 bere
863 633 1234 736 pecuniam
1263 633 1516 732 potuit,
1551 633 2006 705 manifestum
2037 656 2170 707 est:
2203 657 2276 708 et
2303 637 2450 736 ipse
2479 637 2716 737 reliquit

664 752 983 838 heredes,
1020 770 1087 820 et
1118 748 1210 835 is,
1246 746 1367 845 qui
1404 746 1717 846 ejusdem
1749 747 2015 819 ordinis
2040 751 2179 820 fuit
2207 778 2224 820 ε
2257 751 2510 825 multas
2539 752 2714 852 depo-

662 868 905 941 nendae
932 864 1244 964 pecuniae
1272 862 1686 933 intervenire
1711 862 2004 935 rationes
2032 864 2214 937 inter
2242 866 2501 938 milites
2527 867 2712 939 mani-

660 986 918 1056 festum
946 1000 1085 1051 est:
1128 977 1421 1075 longum
1459 977 1588 1049 iter
1615 977 1895 1066 incidit,
1930 979 2325 1078 periculosa
2359 980 2709 1080 expeditio:

658 1099 713 1169 si
764 1092 1179 1195 deponenda
1223 1091 1353 1179 sit,
1410 1092 1534 1163 ubi
1591 1092 1994 1165 credibilius
2040 1115 2141 1165 est
2186 1095 2482 1195 deponi,
2527 1122 2706 1193 quam

655 1214 845 1313 apud
873 1208 1242 1282 hominem
1274 1205 1590 1306 ejusdem
1615 1208 1916 1280 ordinis?
1943 1236 2108 1280 nam
2133 1231 2387 1309 praeter
2417 1209 2520 1302 id,
2551 1208 2706 1307 quod

652 1328 925 1402 facilior
972 1346 1284 1423 speratur
1330 1322 1504 1395 fides
1553 1351 1631 1396 ex
1676 1326 1862 1423 pari,
1917 1346 2018 1398 est
2058 1326 2388 1425 quaedam
2431 1326 2704 1428 ejusdem

652 1442 917 1513 ordinis
947 1438 1347 1538 conjunctio
1378 1466 1392 1508 :
1431 1465 1562 1510 nec
1588 1440 1776 1537 apud
1807 1440 2214 1513 inferiorem
2247 1442 2504 1544 deponi
2533 1440 2701 1527 solet,

650 1585 873 1655 quum
905 1555 1059 1626 ideo
1091 1555 1502 1653 deponatur,
1537 1576 1615 1627 ut
1643 1555 2056 1654 recipiatur:
2086 1557 2426 1631 credibile
2455 1578 2550 1630 est
2571 1580 2702 1653 ergo

646 1671 836 1769 apud
892 1670 1261 1742 hominem
1310 1669 1624 1771 ejusdem
1677 1670 1938 1743 ordinis
1991 1672 2409 1773 deposuisse.
2455 1676 2540 1745 At
2579 1671 2700 1742 sine

646 1808 814 1859 teste
855 1814 868 1855 ε
922 1786 1007 1857 de
1056 1784 1387 1857 omnibus
1435 1784 1761 1883 depositis
1807 1784 2056 1884 loquar
2099 1814 2112 1858 :
2163 1789 2419 1861 misera
2461 1782 2698 1857 hercule

643 1900 951 1974 conditio
985 1899 1450 1990 mortalitatis,
1492 1898 1775 1998 quando
1810 1900 2140 1973 omnibus
2163 1901 2363 2002 jam,
2397 1926 2540 2001 quae
2573 1896 2696 1994 agi-

641 2042 835 2106 mus,
878 2015 1148 2087 videtur
1180 2042 1355 2112 opus
1395 2040 1535 2085 esse
1571 2034 1734 2087 teste
1767 2042 1784 2087 :
1828 2014 1924 2086 ita
1960 2042 2218 2113 parum
2247 2016 2415 2089 facit
2449 2013 2692 2099 veritas,

640 2132 735 2205 ita
774 2130 1060 2203 nullum
1103 2157 1365 2203 nomen
1410 2150 1510 2202 est
1553 2130 1718 2200 fidei
1751 2144 1768 2173 ¹
1806 2157 1820 2200 :
1871 2158 2016 2203 non
2057 2132 2224 2204 satis
2264 2131 2480 2204 videri
2514 2146 2696 2227 potest

634 2245 1049 2343 probatum,
1080 2244 1271 2341 quod
1296 2242 1436 2316 duo
1461 2244 1722 2315 sciunt:
1744 2245 2136 2318 Veniamus
2157 2266 2398 2319 tamen
2414 2302 2434 2335 ,
2457 2264 2530 2315 ut
2549 2240 2689 2328 dixi,

638 2360 728 2430 ad
760 2358 1268 2460 probationem.
1306 2357 1588 2430 Occidit
1615 2386 1819 2452 eum,
1855 2388 1898 2431 a
1929 2388 2070 2458 quo
2104 2362 2406 2462 pecunia
2435 2356 2692 2456 negaba·

636 2495 748 2546 tur
785 2503 799 2544 :
852 2475 1107 2547 iterum
1155 2501 1425 2573 quaero,
1471 2502 1612 2573 qua
1655 2475 1956 2564 ratione,
2011 2502 2150 2573 qua
2193 2474 2443 2550 causa?
2485 2471 2688 2544 odium

632 2589 807 2662 fuit:
845 2587 1077 2661 unde?
1109 2615 1237 2686 ego
1268 2616 1480 2688 quare
1508 2588 1821 2662 occidere
1847 2588 2205 2682 debuerit,
2238 2591 2432 2663 dico:
2461 2582 2687 2658 inficia-

632 2705 873 2777 batur:
911 2726 987 2777 tu
1020 2725 1097 2776 ut
1124 2704 1306 2777 hanc
1340 2731 1626 2778 causam
1665 2703 2027 2784 occidendi
2069 2706 2428 2796 excludaS,
2469 2695 2685 2774 substi-

630 2840 783 2892 tuas
813 2821 1021 2892 aliam
1058 2847 1335 2893 necesse
1370 2840 1494 2891 est.
1525 2819 1702 2892 Satis
1727 2820 2124 2916 argumenti
2153 2841 2331 2910 erat,
2359 2818 2414 2893 si
2445 2809 2683 2888 occidis-

633 2956 735 3006 set
772 2936 991 3024 clam,
1036 2937 1093 3007 si
1142 2963 1223 3008 ex
1264 2937 1573 3026 insidiis,
1618 2934 1676 3006 si
1709 2955 2076 3035 tamquam
2111 2958 2503 3036 negaturus.
2536 2929 2682 3016 Quae

630 3075 834 3122 causa
868 3050 1233 3122 hominem
1268 3051 1341 3122 in
1372 3051 1594 3124 scelus
1624 3049 1803 3148 egit?
1836 3051 2011 3150 quid
2037 3051 2208 3142 fuit,
2241 3049 2430 3150 quod
2459 3061 2683 3120 tantam

630 3163 898 3235 rabiem
928 3164 1329 3254 concitaret,
1365 3167 1502 3237 nisi
1537 3164 1748 3255 illud,
1785 3164 1974 3262 quod
2003 3165 2267 3240 sciebat
2304 3191 2376 3236 se
2413 3145 2681 3232 dedisse?

628 3307 851 3380 quum
892 3281 1181 3371 dicenti,
1217 3282 1426 3381 Apud
1465 3305 1529 3354 te
1562 3280 1937 3381 pecuniam
1973 3281 2307 3381 deposui,
2347 3265 2680 3386 responde?

626 3395 855 3484 batur,
890 3397 1068 3486 Quis
1110 3396 1295 3470 testis
1336 3397 1482 3470 est?
1516 3424 1669 3496 quae
1703 3395 2018 3496 probatio
2045 3397 2184 3472 est?
2220 3391 2458 3497 quanti
2491 3381 2676 3458 anim1

628 3533 829 3584 aestus
863 3513 1287 3612 agebantur?
1323 3541 1468 3588 non
1503 3514 1692 3587 vobis
1721 3511 2152 3600 videbatur²‚
2193 3535 2416 3612 quum
2447 3500 2674 3578 feriret,

706 3665 749 3697 ι.
794 3648 1092 3702 credibilius
1128 3663 1201 3702 est
1234 3651 1443 3722 deponi.
1487 3651 1629 3704 Cred.
1715 3646 1894 3699 nullus
1926 3647 2184 3700 confundi
2213 3647 2432 3700 vidimus
2462 3634 2526 3691 ad
2549 3623 2672 3686 Ded·

624 3725 819 3796 deponi
833 3739 1026 3798 potest,
1048 3747 1233 3800 quam,
1257 3731 1634 3782 AErod.—No·
1717 3727 1807 3792 Vl,
1827 3715 2572 3801 12.Bunu.-ququare·ffip·
2587 3721 2672 3759 ¹²⁰⁸

622 3822 743 3855 men
754 3804 973 3876 estfidei.
988 3807 1239 3860 Francius
1250 3809 1478 3860 malebat
1475 3806 1632 3880 fides,-
1713 3805 1876 3858 habet
1895 3826 2033 3879 erqo.
2061 3809 2153 3859 En.
2591 3869 2601 3882 α

620 3898 681 3936 ut
712 3887 865 3938 Ovid.
898 3909 919 3932 ιι
940 3907 1133 3940 nomen
1163 3891 1317 3941 inane
1340 3889 1498 3951 fides;
1517 3913 1538 3934 ι
1578 3905 1630 3940 et
1783 3905 1830 3938 2.
1857 3889 2004 3940 Num
2029 3889 2170 3941 vobis
2191 3889 2464 3944 videbatur.
2493 3869 2669 3928 Malim,

620 3966 741 4017 infr.
764 3967 909 4019 Decl.
932 3969 1212 4034 CCCXXL
1233 3982 1287 4021 et
1302 3971 1500 4041 Passim
1520 3969 1628 4018 Ho-
1707 3967 1951 4020 videatur.
1984 3967 2147 4022 Gaon.
2183 3968 2430 4022 Francius
2460 3949 2665 4024 “Remu

618 4047 781 4098 ratius
814 4060 866 4106 et
901 4047 1021 4100 alii:
1058 4046 1149 4100 sed
1190 4049 1327 4099 forte
1364 4051 1624 4116 scripserit
1705 4067 1830 4100 num
1851 4052 1987 4104 vobis
2007 4051 2224 4116 videtur,
2244 4071 2294 4124 q.
2311 4049 2362 4122 f.
2387 4041 2478 4096 illa
2489 4033 2662 4090 ‹151352‘5

618 4125 817 4176 nudum
846 4124 1210 4196 nomen-fidem
1235 4145 1357 4178 nam
1382 4125 1550 4176 nudus
1573 4139 1624 4177 et
1703 4129 1812 4181 ita?
1835 4147 1939 4180 non
1965 4131 2187 4202 depostu'.
