2855 4871
638 404 767 484 384
816 469 823 482 ,
1144 401 1237 463 Μ.
1286 400 1536 462 FABII
1585 398 2224 481 QUINTILIANI

636 543 737 590 est
770 524 849 589 lis
890 523 1044 588 huic
1080 523 1343 586 mulieri
1380 520 1586 586 hodie
1625 543 1778 586 cum
1817 522 2054 586 marito
2092 544 2254 588 suo:
2293 546 2516 613 neque
2555 528 2704 590 enim

624 630 953 720 judicium
978 629 1291 694 constitui
1320 642 1540 714 potest
1579 628 1750 691 inter
1787 649 1978 707 eum,
2015 629 2130 715 qui
2167 627 2378 709 cedit,
2417 653 2704 720 eamque,

636 758 785 824 quae
810 736 935 799 sibi
956 737 1209 800 asserit.
1228 731 1632 797 Adolescens
1654 733 1967 798 asseritur
1987 756 2024 796 a
2049 757 2344 823 paupere
2369 753 2556 824 patre
2579 762 2592 800 ε
2618 737 2706 802 ille

633 843 873 906 cedit¹:
900 858 1112 908 mater
1138 863 1275 906 non
1300 839 1496 904 cedit.

1326 1047 2034 1113 DECLAMATIO.

728 1208 1019 1281 Etiamsi
1054 1207 1136 1278 lis
1172 1207 1338 1278 huic
1379 1207 1698 1298 mulieri,
1746 1208 1858 1279 cui
1891 1207 2176 1294 adsum,
2207 1207 2523 1308 judices,
2567 1229 2702 1278 esset

630 1347 871 1396 contra
914 1351 1300 1423 pauperem
1348 1323 1601 1414 istum,
1650 1324 1934 1395 infirmo
1979 1323 2135 1395 loco
2184 1351 2340 1422 pars
2389 1343 2618 1395 nostra
2653 1343 2704 1392 et

630 1441 906 1536 dignior
946 1439 1201 1512 auxilio
1230 1439 1616 1528 videretur3
1654 1440 1821 1538 quia
1859 1461 1924 1510 et
1967 1466 2088 1539 per
2125 1466 2197 1511 se
2235 1438 2592 1510 imbecilla
2625 1465 2702 1508 res

632 1577 732 1624 est
758 1555 1062 1642 femina,
1095 1575 1162 1626 et
1188 1555 1391 1626 affert
1424 1554 1814 1626 infirmitati
1855 1553 2154 1626 naturali
2189 1581 2334 1626 non
2365 1555 2517 1627 leve
2549 1580 2702 1652 pon-

631 1667 796 1756 dus,
828 1669 1020 1765 quod
1046 1669 1255 1741 vidua
1293 1691 1409 1741 est.
1445 1669 1630 1742 Huic
1664 1668 1871 1742 etiam
1905 1669 2270 1769 proprium
2313 1668 2496 1742 illud
2531 1695 2702 1742 acce-

630 1783 767 1874 dit,
800 1785 987 1882 quod
1015 1786 1089 1856 in
1120 1785 1576 1858 solitudinem
1596 1801 1621 1830 ²
1653 1813 1980 1858 conversa
2005 1807 2210 1872 sunt,
2233 1811 2388 1882 quae
2413 1784 2702 1884 praesidia

629 1904 911 1975 fuerunt
938 1931 953 1973 ε
994 1902 1137 1974 haec
1165 1903 1359 1974 enim
1388 1904 1705 2002 quamvis
1739 1904 2068 1974 maritum
2101 1902 2357 1974 habere
2389 1903 2700 1986 desiisset,

627 2038 833 2116 atque
860 2039 1031 2090 esset
1058 2045 1139 2090 ea
1164 2018 1409 2108 domo,
1445 2018 1518 2088 in
1544 2045 1686 2115 qua
1705 2019 1897 2116 virgo
1922 2039 2282 2118 nupserat,
2314 2017 2552 2117 pulsa,
2587 2043 2700 2088 non

625 2134 776 2205 sine
804 2134 1063 2206 auxilio
1092 2155 1327 2206 tamen
1355 2134 1574 2206 videri
1607 2155 1901 2234 poterat,
1933 2163 2157 2235 quum
2186 2134 2476 2207 haberet
2507 2134 2700 2206 filium

616 2247 978 2347 juvenem.
1009 2250 1257 2340 Quum
1282 2277 1441 2320 vero
1473 2249 1604 2321 hoc
1633 2251 1866 2348 ipsum
1897 2250 2278 2322 deducatur
2303 2249 2378 2319 in
2404 2249 2624 2336 litem,
2647 2267 2702 2317 et

626 2363 756 2434 hoc
792 2385 1105 2463 tempore
1142 2364 1317 2435 nihil
1355 2365 1564 2437 matri
1597 2386 1838 2465 praeter
1871 2365 2421 2439 sollicitudinem
2451 2365 2700 2449 affera13

624 2502 859 2553 tamen
894 2482 1024 2555 hoc
1059 2484 1415 2573 confiteor,
1453 2511 1598 2555 non
1634 2512 1788 2556 eam
1824 2512 1991 2556 cum
2030 2485 2218 2583 ipso,
2254 2510 2472 2581 quem
2511 2510 2588 2554 ex
2616 2480 2702 2551 di-

621 2597 825 2669 versis
865 2598 1109 2670 videtis
1152 2598 1535 2689 subselliis,
1583 2599 1852 2700 litigare
1891 2628 1907 2672 ε
1955 2600 2158 2671 altior
2188 2599 2414 2698 gratia
2451 2597 2698 2698 premit.

622 2712 813 2783 Esset
837 2715 1101 2813 quippe
1128 2714 1271 2785 haec
1304 2735 1524 2785 mater
1550 2714 1621 2785 in
1651 2713 1769 2786 lite
1799 2736 2158 2814 utcunque
2179 2714 2469 2805 felicior,
2501 2714 2559 2785 si
2583 2738 2700 2782 ma·

626 2826 794 2898 ritus
816 2828 963 2926 ejus
984 2850 1347 2901 contentus
1370 2848 1542 2900 esset
1564 2827 1708 2901 filio
1729 2829 2036 2901 cessisse:
2067 2855 2258 2898 nunc
2275 2827 2388 2927 adj
2398 2827 2534 2898 ecit
2548 2824 2702 2897 testi·

623 2942 861 3011 monio
882 2943 1356 3014 auctoritatem
1373 2943 1425 3035 3,
1450 2964 1516 3013 et
1536 2943 2085 3015 infelicissimam
2105 2944 2488 3033 nutricem,
2511 2968 2700 3040 quam

700 3108 742 3142 1.
781 3090 885 3142 me
914 3092 1064 3143 cedit.
1104 3094 1309 3165 Nempe
1346 3096 1441 3166 qui
1475 3108 1632 3166 pater
1707 3094 1970 3163 X11,‘135.
1993 3093 2704 3148 Btmu.—Proetersollieizu·

620 3167 913 3221 videbatur.
962 3172 1225 3223 AEnonms,
1280 3176 1332 3223 A
1377 3192 1626 3246 paupere.
1709 3176 1902 3228 dinem.
1929 3178 2132 3228 Proeter
2151 3176 2520 3239 solitudinem,
2541 3172 2700 3225 *En-od,

622 3250 782 3303 Pater
810 3250 909 3303 illo
941 3250 1092 3302 cedit.
1124 3252 1299 3304 Macci·
1332 3271 1440 3305 non
1477 3256 1627 3307 cedit.
1780 3256 1828 3307 3.
1856 3258 2014 3309 Nunc
2031 3257 2218 3327 adjecit
2239 3256 2536 3305 testimonio
2551 3262 2704 3303 aueto-

620 3330 1011 3383 Scnmxrmmm.
1711 3336 1933 3387 ritatem.
1961 3336 2044 3387 Sic
2069 3334 2319 3387 Pithoeus.
2345 3332 2640 3385 Thaddaeus
2661 3344 2702 3381 et

694 3429 739 3463 2.
767 3414 833 3463 In
858 3411 1207 3465 solitudinem.
1234 3413 1299 3463 In
1319 3411 1630 3467 sollicitudi—

619 3508 767 3556 nem,
794 3490 991 3543 Schult.
1030 3520 1084 3530 —-
1116 3492 1199 3542 Ea
1223 3490 1407 3556 domo,
1439 3493 1494 3542 in
1522 3512 1628 3565 qua

620 3574 763 3645 vir-qo
798 3584 1069 3643 nupserat,
1100 3572 1274 3646 pulsa.
1312 3572 1525 3625 Scribe:
1560 3578 1628 3627 In

617 3670 771 3724 quam
798 3653 939 3724 vir-qo
958 3663 1215 3723 nupserat.
1234 3652 1397 3704 Gnon.
1416 3653 1625 3705 Malim:

616 3732 683 3783 In
728 3752 887 3805 quum
948 3734 1091 3807 vir-90
1138 3732 1456 3803 irmupserat.
1507 3733 1624 3785 Vid.

618 3814 853 3865 'rui-neb.
890 3813 1021 3865 Adv.
1057 3809 1231 3877 XXX,
1259 3831 1341 3882 29.
1374 3815 1627 3881 Ovidius,

615 3893 741 3943 Met.
767 3895 887 3959 xss,
914 3892 1035 3962 196,
1057 3891 1213 3955 dixit,
1239 3914 1261 3937 ι
1282 3892 1553 3945 denubere
1569 3895 1626 3943 in

610 3994 645 4017 ··
666 3974 955 4035 thalamos,
992 3987 1043 4025 et
1068 3975 1318 4035 Tacitus,
1352 3976 1488 4024 Anu.
1518 3975 1586 4023 v1
1605 4012 1623 4039 ,

620 4070 683 4116 27
703 4074 715 4103 :
744 4076 765 4101 ι
788 4056 843 4105 ln
865 4055 1081 4105 domum
1102 4052 1392 4106 denubere.
1421 4074 1444 4097 ι
1460 4052 1624 4103 Pulsa

618 4129 769 4183 domo
793 4132 1163 4185 illustravimus
1186 4130 1256 4183 ad
1274 4131 1430 4185 Ovid.
1456 4133 1619 4202 Epist.

1707 3416 1982 3481 AErodius,
2013 3417 2296 3468 veritatem.
2329 3415 2512 3467 Scribo
2531 3436 2546 3464 :
2579 3429 2704 3464 nune

1707 3498 1892 3567 adjecit
1925 3495 2206 3551 testimonii
2231 3497 2614 3548 auctoritatem.
2637 3494 2704 3544 De

1709 3576 1972 3646 elegantia
2017 3577 2104 3627 τοῦ
2139 3575 2335 3649 adjecit
2379 3575 2604 3626 diximus
2647 3570 2704 3622 ad

1709 3654 1920 3707 Senecae
1949 3654 2186 3707 Troades
2225 3654 2365 3716 2063
2399 3668 2452 3705 et
2483 3654 2614 3703 Livii
2649 3650 2704 3699 li-

1707 3734 1861 3787 brum
1889 3734 2172 3787 decimum.
2202 3734 2440 3786 Declam.
2465 3732 2703 3785 eccm:

1714 3836 1735 3860 ιι
1757 3814 1844 3864 Pia
1879 3832 2024 3865 arma
2057 3816 2290 3884 cepisse,
2323 3815 2560 3883 privatas
2583 3828 2704 3881 quo-

1712 3918 1734 3941 ·
1755 3912 1860 3966 que
1885 3895 2140 3966 adjecisse
2158 3898 2310 3947 vires.
2333 3918 2356 3941 n
2381 3895 2552 3946 Giton.
2575 3890 2702 3945 Nihil

1704 3988 1932 4024 mutem:
1969 3992 2092 4025 nam
2127 3975 2266 4025 iufra
2299 3972 2402 4024 hac
2429 3973 2702 4025 Declama-

1703 4053 1848 4102 tione
1873 4053 2127 4123 sequitur,
2157 4074 2178 4097 ι
2198 4050 2321 4103 volo
2347 4050 2582 4122 adjicere
2605 4066 2702 4103 tor-

1709 4156 1731 4179 ·
1751 4136 1940 4186 mentis
1965 4135 2346 4185 auctoritatem.
2367 4156 2388 4179 a
