2855 4871
577 414 699 481 130
1075 406 1169 477 Μ.
1217 410 1467 475 mm
1512 406 2183 493 Qum‘rmum.

564 556 754 606 sunt:
791 556 938 605 utra
967 536 1194 604 utilior
1225 553 1294 603 et
1315 538 1523 627 magis
1546 538 1915 604 necessaria
1936 538 2183 605 civitati
2208 538 2323 619 sit,
2350 560 2670 630 quaeren-

563 646 728 713 dum
759 663 877 711 est.

1257 766 1958 838 DECLAMATIO.

657 927 994 1001 Nondum
1017 952 1166 997 rem
1195 950 1522 1023 comparo
1552 951 1567 994 ε
1596 924 1877 996 interim
1910 941 2143 995 utrum
2174 923 2397 1021 magis
2426 950 2669 997 neces·

561 1043 823 1115 sarium
857 1040 1114 1141 putatis
1147 1062 1289 1112 esse
1308 1096 1328 1129 ,
1361 1037 1613 1111 servari
1644 1064 1799 1109 eam
1828 1036 2056 1137 legem
2076 1095 2096 1129 ,
2123 1064 2277 1136 quae
2306 1037 2395 1109 ad
2422 1039 2667 1137 sepul-

563 1182 790 1233 turam
831 1156 1126 1257 alicujus
1159 1154 1540 1253 pertineat,
1574 1173 1665 1225 an
1700 1172 1895 1245 eam,
1924 1180 2078 1252 quae
2107 1152 2195 1227 ad
2228 1180 2505 1253 poenam
2538 1174 2663 1253 ty—

561 1272 807 1347 ranni?
832 1271 886 1343 si
920 1273 995 1342 in
1015 1290 1242 1343 totum
1267 1268 1374 1341 lex
1397 1268 1610 1341 altera
1632 1268 1938 1341 tollenda
1956 1268 2083 1359 sit,
2104 1268 2330 1355 necin
2354 1295 2663 1368 praesens

559 1389 776 1463 modo
819 1398 1134 1487 tempus,
1181 1385 1304 1459 sed
1344 1386 1420 1458 in
1462 1384 1865 1457 universum
1902 1413 1918 1457 ε
1966 1385 2118 1457 sine
2164 1406 2323 1469 utra
2365 1385 2661 1459 tandem

557 1504 832 1577 facilius
865 1501 1104 1574 civitas
1131 1500 1378 1574 stabit?
1410 1501 1538 1573 loti
1564 1500 1866 1573 fulmine
1896 1522 1975 1573 ut
2006 1500 2254 1573 eodem
2286 1500 2436 1574 loco
2458 1528 2667 1603 tepe-

555 1620 851 1710 liantur,
883 1645 1024 1717 quo
1058 1637 1224 1690 tunt
1255 1618 1598 1718 percussi,
1636 1606 1725 1689 ad
1766 1639 1983 1717 quam
2028 1616 2317 1712 tandem
2362 1618 2661 1693 civitatis

555 1734 852 1835 pertinet
893 1731 1306 1805 utilitatem?
1337 1748 1414 1805 at
1446 1732 1723 1805 hercule
1754 1752 1833 1803 ut
1866 1731 2253 1832 insepultus
2284 1728 2663 1834 abjiciatur

555 1874 932 1952 tyrannus,
963 1849 1054 1922 ad
1084 1850 1501 1941 vindictam,
1538 1849 1627 1921 ad
1660 1850 2095 1923 securitatem
2126 1851 2451 1951 pertinet.
2484 1854 2651 1925 Non

555 1968 719 2041 satis
739 1986 1156 2068 putaverunt
1179 1964 1511 2069 majores,
1534 1992 1646 2039 eas
1668 1992 1907 2066 poenas
1926 1965 2249 2041 adversus
2271 1986 2656 2065 tyrannum

554 2084 989 2172 constituere,
1019 2109 1192 2183 quae
1224 2082 1440 2183 possit
1462 2080 1804 2181 excipere
1835 2082 1913 2155 in
1935 2082 2107 2155 vita:
2141 2082 2399 2156 multos
2428 2080 2658 2182 magis

553 2198 773 2297 tangit
817 2196 1173 2297 sepultura
1211 2225 1226 2267 :
1274 2197 1362 2270 ad
1406 2196 1897 2296 cogitationem
1938 2219 2095 2298 post
2138 2224 2207 2271 se
2247 2199 2655 2271 futurorum

552 2311 865 2412 plerique
907 2311 1179 2411 gravius
1224 2334 1597 2385 moventur
1629 2340 1643 2383 :
1688 2314 1895 2385 vultis
1934 2312 2147 2387 scire?
2189 2334 2469 2413 propter
2512 2314 2657 2387 hoc

553 2427 864 2527 litigatur
891 2454 908 2498 ;
940 2445 1040 2500 est
1065 2453 1227 2526 ergo
1257 2427 1515 2500 utilior.
1546 2428 1745 2519 Quid
1784 2428 1839 2502 si
1871 2429 1958 2503 de
1988 2458 2069 2503 eo
2102 2430 2481 2530 quaerimus
2517 2429 2657 2504 ho-

557 2544 705 2635 die,
739 2543 826 2615 ad
861 2567 1076 2642 quem
1107 2541 1328 2641 leges»,
1363 2541 1502 2614 nisi
1546 2542 1623 2616 iu
1662 2570 1939 2642 poenam
1982 2544 2131 2645 ejus
2162 2545 2467 2646 scriptae,
2500 2573 2653 2621 non

555 2655 946 2759 pertinent?
992 2657 1178 2730 exuit
1219 2683 1291 2730 se
1333 2677 1674 2756 tyrannus
1699 2673 1751 2750 ²,
1799 2681 1865 2732 et
1906 2659 2104 2759 erigit
2144 2688 2159 2731 :
2206 2687 2415 2761 supra
2460 2662 2655 2761 leges

561 2775 923 2875 ponendo,
959 2796 1143 2847 extra
1173 2773 1322 2846 illas
1348 2801 1420 2846 se
1452 2775 1703 2876 posuit.
1734 2775 2125 2849 Hominem
2160 2777 2469 2850 occidere
2502 2805 2653 2851 non

551 2891 747 2981 licet,
783 2911 1166 2988 tyrannum
1198 2884 1394 2962 licet:
1443 2917 1837 2990 expugnare
1866 2887 2161 2964 domum
2194 2895 2297 2965 fas
2334 2920 2478 2966 non
2508 2915 2653 2984 est,

555 3025 786 3077 arcem
837 3003 1266 3104 expugnabit
1313 3005 1619 3104 optimus
1664 3007 1981 3106 quisque.
2042 3005 2417 3082 Insidiatus
2470 3009 2655 3097 civi,

553 3121 824 3192 etiamsi
857 3141 1003 3190 non
1031 3118 1344 3192 effecerit
1367 3120 1595 3193 melus
1613 3178 1632 3211 ,
1667 3148 1901 3220 poenas
1932 3143 2165 3194 tamen
2196 3120 2467 3220 legibus
2496 3122 2652 3196 eol-

555 3256 702 3310 vet:
731 3255 799 3306 at
826 3234 944 3332 qui
971 3233 1104 3306 hoc
1123 3234 1309 3307 idem
1335 3234 1661 3308 adversus
1679 3253 2057 3335 tyrannum
2080 3237 2349 3326 fecerit,
2376 3238 2649 3312 etiamsi

555 3350 1030 3451 deprehensus
1061 3353 1310 3444 fuerit,
1346 3351 1767 3425 laudabitur.
1810 3355 1953 3425 Lex
1993 3355 2335 3453 praecipue
2382 3353 2509 3426 ista
2554 3355 2647 3426 ad

555 3493 672 3540 eos
700 3466 1034 3566 pertinet,
1069 3466 1192 3564 qui
1225 3466 1485 3564 alioqui
1520 3462 1902 3566 sepeliendi
1930 3487 2096 3540 sunt
2124 3496 2138 3539 :
2177 3467 2390 3566 idque
2420 3467 2650 3541 verbis

549 3583 720 3682 legis
771 3582 934 3681 ipsis
977 3581 1429 3654 manifestum
1476 3603 1611 3672 est,
1658 3580 1835 3670 Quo
1872 3601 2045 3670 Quis
2084 3601 2283 3658 mco
2321 3603 2649 3658 rutum-r:

549 3711 760 3773 tems
782 3714 1069 3787 rnamr,
1093 3716 1189 3768 eo
1205 3717 1641 3770 summum
1664 3719 1988 3798 :appaoet
2004 3724 2151 3771 non
2172 3700 2260 3771 de
2278 3699 2647 3798 sepultura

549 3817 766 3918 qu'aeri
785 3873 804 3906 ,
827 3814 950 3887 sed
969 3813 1061 3886 de
1081 3813 1231 3885 loeo
1245 3811 1640 3911 sepultum.
1668 3814 1897 3912 Magis
1924 3813 2284 3913 aliquanto
2300 3840 2451 3888 esse
2474 3839 2649 3888 con·-

625 3986 952 4058 1.Excipere.
971 3983 1090 4035 vid.
1111 3983 1178 4034 ad
1195 3983 1345 4035 Decl.
1369 3983 1493 4036 330.
1626 4005 1779 4059 supra
1815 3985 1978 4060 leqes:
2008 4005 2163 4060 supra
2196 3985 2331 4060 leges
2359 4004 2412 4039 se
2432 4003 2643 4058 ponen-

618 4085 667 4118 2.
685 4067 850 4118 Emit
860 4083 911 4116 se
925 4075 1190 4136 &rannus
1207 4063 1422 4115 Eneere't
1438 4063 1549 4135 (vel
1629 4064 1724 4126 do,
1754 4080 1853 4118 etc.
1882 4067 2101 4118 Senum.
2130 4065 2305 4140 Erigit
2324 4084 2483 4137 supra
2508 4065 2642 4144 leqes

546 4143 826 4216 extulerit)
863 4161 916 4198 se
960 4153 1214 4214 tyrranum
1251 4149 1306 4196 ek
1339 4145 1557 4196 erexerit
1629 4143 2189 4220 seponendo,AE1-od.'
