2855 4871
631 422 1465 503 DECLAMATIONES.
1513 424 1933 495 cccxxu.
2196 430 2320 501 305

236 551 728 651 responderet¹
773 551 905 623 sibi
940 576 954 620 :
1003 576 1146 622 non
1191 571 1410 650 potest
1450 577 1612 649 ergo
1639 552 1853 637 videri
1888 556 2324 656 reipublicae,

231 668 454 766 gratia
483 667 762 757 fecisse,
791 666 902 739 cui
928 664 1087 764 plus
1115 665 1310 739 aliter
1334 668 1771 766 praestitisset.
1796 672 1999 744 Nunc
2026 674 2329 748 excutia-

231 807 428 869 mus,
459 808 605 881 qua
631 806 836 853 causa
864 780 1106 854 seceris
1133 807 1148 850 :
1185 802 1344 853 ante
1373 782 1613 853 omnia
1638 784 1889 882 gratias
1914 786 2331 885 magistrati-

227 898 360 971 bus
411 924 590 997 ago,
637 898 826 996 quod
873 923 1021 969 non
1072 896 1607 998 deprehendisse
1658 902 1959 975 contenti
2006 928 2123 993 ea,
2172 931 2327 1001 quae

229 1013 816 1103 ostendebantur,
864 1012 1136 1109 aliquid
1187 1034 1252 1085 et
1296 1013 1430 1113 ipsi
1476 1012 1792 1087 viderunt
1832 1044 1847 1087 :
1898 1017 2143 1115 gratias
2196 1046 2327 1117 ago

227 1131 442 1202 etiam
468 1130 917 1230 providentiae
945 1130 1238 1203 deorum
1264 1130 1790 1223 immortalium,
1809 1133 1931 1230 qui
1958 1160 2329 1233 nunquam

225 1248 320 1320 ita
357 1247 670 1347 opprimi
709 1247 1060 1319 veritatem
1101 1246 1509 1337 voluerunt,
1558 1268 1635 1321 ut
1680 1275 1825 1320 non
1866 1250 2139 1348 magnis
2183 1251 2327 1324 suis

221 1364 536 1461 vestigiis
558 1363 960 1435 emineret2.
979 1361 1379 1434 Recitentur
1399 1361 1506 1434 hae
1526 1362 1803 1452 tabu1ae3
1818 1366 2182 1439 AnnchBO
2198 1384 2323 1438 TE:

219 1505 372 1551 non
405 1480 564 1577 lego
593 1478 994 1576 sequentia:
1031 1504 1208 1576 nego
1240 1476 1418 1549 hane
1448 1504 1593 1549 esse
1626 1477 1957 1549 fiduciam
1986 1478 2172 1577 ejus,
2203 1478 2327 1575 qui

221 1592 312 1665 de
351 1593 746 1666 affectanda
777 1592 1148 1692 tyrannide
1187 1592 1523 1691 cogitavit.
1558 1594 1670 1664 An
1705 1593 1821 1664 ille
1861 1592 1937 1664 in
1974 1592 2325 1693 judicium

217 1734 470 1780 vocare
495 1735 706 1782 ausus
728 1709 992 1797 fuisset,
1019 1729 1085 1780 et
1109 1706 1501 1805 ignominia
1518 1709 1795 1781 afficere
1811 1708 2325 1781 adolescentem

219 1826 472 1897 omnia
497 1825 878 1897 scientem?
905 1851 1050 1898 non
1077 1824 1266 1896 enim
1294 1824 1609 1921 tyrannis
1633 1824 2109 1897 convincenda
2131 1824 2327 1897 vesti-

216 1940 356 2039 giis
375 1961 523 2012 erat
543 1970 562 2027 3
587 1966 818 2039 neque
843 1939 1271 2039 argumentis
1289 1940 1632 2012 eruenda:
1662 1940 1853 2011 domi
1874 1965 2065 2012 arma
2085 1996 2103 2029 ,
2126 1940 2319 2011 domi

214 2076 593 2155 apparatus
620 2083 636 2127 z
673 2077 744 2127 et
769 2056 827 2128 si
855 2056 1036 2127 hanc
1065 2080 1342 2127 causam
1369 2053 1743 2129 abdicandi
1772 2074 1838 2127 te
1862 2080 2007 2125 non
2038 2053 2317 2143 habuit,

216 2170 414 2243 dicas
447 2191 750 2269 oportet,
785 2197 998 2268 quam
1027 2168 1240 2247 aliam
1270 2167 1611 2241 habuerit.
1632 2172 1809 2248 ¹Non
1842 2167 2320 2241 consentiebas

214 2285 524 2359 consiliis
551 2286 702 2387 ejus
729 2313 744 2357 :
782 2284 914 2357 hoc
948 2284 1184 2357 minus
1210 2305 1278 2356 te
1312 2282 1611 2356 debebat
1638 2283 1997 2356 offendere
2026 2310 2041 2353 ε
2080 2282 2232 2372 ille,
2262 2283 2319 2355 si

211 2424 288 2476 te
323 2422 685 2501 tamquam
720 2401 1026 2474 indicem
1064 2400 1448 2492 timuisset,
1492 2400 1715 2500 potuit
1753 2399 2055 2473 occidere
2093 2425 2107 2470 :
2156 2398 2319 2470 satis

213 2547 386 2617 ergo
438 2519 731 2618 plenum
777 2520 884 2592 vel
936 2520 1068 2592 hoc
1120 2539 1266 2591 erat
1314 2539 1807 2615 argumentum
1854 2515 2315 2601 innocentiae,

207 2633 538 2706 severitas
563 2654 631 2705 et
655 2635 978 2707 vindicta.
1005 2633 1203 2724 Quid
1239 2655 1475 2705 tamen
1505 2632 1859 2733 adjectum
1891 2629 2028 2702 est?
2054 2617 2123 2700 ‘S1
2156 2649 2317 2700 RES-

213 2769 610 2840 Ponntms,
641 2771 908 2824 CAUSAS
949 2769 1335 2824 mchno:
1379 2749 1662 2849 quaerite
1692 2775 1884 2818 nunc
1920 2767 2071 2817 uter
2112 2743 2314 2816 malae

207 2865 314 2937 sit
331 2866 780 2938 conscientiae.
807 2865 932 2938 Ille
953 2865 1292 2937 minatur:
1322 2890 1445 2935 cur
1466 2863 1671 2936 taceri
1696 2861 1947 2934 voluit?
1972 2860 2313 2960 quoniam

205 3000 414 3079 pater
453 3003 631 3072 erat,
678 2981 1016 3080 quoniam
1059 3006 1433 3080 nunquam
1474 2980 1549 3050 hi
1588 2979 1877 3050 affectus
1920 2977 1992 3048 in
2042 2997 2313 3049 tantum

203 3095 593 3169 vincuntur
615 3098 808 3188 odio,
841 3118 917 3170 ut
947 3123 1088 3169 non
1123 3095 1211 3167 ad
1245 3116 1567 3166 naturam
1596 3121 1794 3166 suam
1829 3114 2064 3165 tamen
2096 3119 2317 3164 rever-

209 3231 476 3284 tantur.
511 3213 806 3303 Causas,
855 3239 1024 3310 quas
1059 3209 1176 3283 ille
1210 3237 1280 3282 se
1315 3209 1667 3282 dicturum
1714 3207 2017 3279 minatus
2060 3227 2191 3295 est,
2238 3227 2315 3277 tu

205 3328 578 3401 ostendisti
607 3357 622 3400 :
663 3328 808 3401 haec
845 3355 1040 3400 arma
1071 3327 1463 3400 detecturus
1494 3347 1673 3414 erat,
1708 3324 1765 3395 si
1803 3322 2265 3421 respondisses
2293 3347 2310 3392 ε

203 3443 346 3516 hos
374 3466 746 3544 apparatus
780 3465 1243 3544 protracturus
1281 3441 1356 3512 in
1385 3441 1724 3512 medium.
1766 3439 1941 3510 Satis
1982 3463 2313 3540 apparere

203 3559 550 3632 omnibus
577 3559 895 3651 arbitror,
931 3559 1328 3631 affectatam
1362 3555 1451 3626 ab
1480 3555 1611 3627 hoc
1645 3580 1785 3625 esse
1820 3551 2265 3650 tyrannidem
2292 3577 2307 3620 :

287 3772 338 3806 ι.
384 3757 547 3826 Quem
589 3757 954 3810 criminaturus
988 3766 1098 3808 erat
1112 3795 1129 3824 ,
1165 3764 1226 3808 ut
1303 3755 1599 3805 minaturus
1617 3763 1727 3802 erat
1745 3762 1867 3822 post
1882 3761 2123 3800 mortem.
2140 3745 2306 3797 Geor«.

195 3836 554 3904 responderet.
575 3835 823 3889 AErodius
844 3858 856 3888 ε
887 3837 1020 3888 Erat
1040 3835 1110 3886 ad
1121 3837 1224 3907 ju·
1301 3863 1374 3875 —
1391 3835 1519 3887 Non
1538 3843 1705 3904 potest
1723 3849 1861 3906 enyo.
1880 3831 2003 3883 Non
2026 3838 2171 3902 potes
2192 3845 2236 3876 e.
2258 3845 2305 3876 v.

192 3915 376 3967 dim
393 3914 676 3982 ‘adm’
695 3925 756 3966 Μ
775 3933 901 3985 ¹⁹85?-
927 3917 1039 3985 Ego
1058 3933 1216 3965 veroa
1299 3935 1340 3968 r.
1359 3935 1414 3990 9.
1434 3915 1487 3988 f.
1514 3934 1557 3968 c.
1579 3935 1635 3987 p.
1658 3913 1816 3966 aliter
1836 3911 2159 3982 proestirisses.
2185 3907 2306 3958 Seu.

197 3995 318 4068 Qui
331 3995 517 4048 occidit
529 4015 842 4071 eum‚quem
857 3997 1223 4048 criminaturus
1299 3997 1426 4051 Plus
1450 3996 1585 4048 alter
1600 3995 1939 4068 prestitisset,
1960 3989 2043 4042 ed.
2067 3987 2134 4040 al.

189 4083 352 4136 erat,
369 4093 436 4126 Μ
453 4076 776 4146 responderet
791 4076 904 4128 sibi.
929 4074 1056 4126 Ideo
1080 4077 1220 4127 enim
1373 4095 1422 4129 τι.
1467 4076 1537 4128 Ut
1576 4091 1684 4125 non
1720 4070 1924 4143 myrtis
1954 4067 2054 4119 suis
2088 4066 2309 4140 vestiqiis

191 4151 437 4220 occidit,
461 4171 530 4206 ne
551 4153 927 4230 responderet,
948 4173 1106 4228 quom
1127 4155 1224 4210 cri-
1299 4154 1564 4216 emineret.
1576 4153 1735 4224 Lege,
1750 4159 1807 4202 ut
1822 4166 1927 4202 non
1943 4148 2122 4218 maqis.
2140 4145 2304 4198 (ἕπου.

425 4242 477 4299 6.
1996 4251 2061 4288 20
