2855 4871
467 477 1308 544 DECLAMATIONES.
1355 478 1959 546 CCCXXXVIII.
2133 482 2259 569 389

127 604 300 677 haec
341 602 688 695 dicerem,
731 602 787 675 si
832 603 1013 675 istud
1056 603 1536 676 testimonium
1580 624 1751 677 esset
1792 604 2001 676 iliius.
2038 606 2262 677 Testis
2368 622 2375 629 ‘

131 742 316 792 tuus
359 719 532 819 quid
571 717 774 791 dicit?
805 718 975 790 scire
1008 744 1076 789 se
1111 718 1426 815 aliquid:
1466 719 1813 817 sequitur,
1840 740 1929 793 ut
1972 718 2263 792 interro-

131 863 364 935 gem,
394 834 630 907 unde?
657 860 738 905 ex
771 834 1040 906 nutrice
1075 833 1232 905 illa:
1271 834 1557 907 nutricis
1586 861 1748 933 ergo
1782 835 2262 907 testimonium

133 974 300 1041 est,
351 978 497 1023 non
543 950 772 1040 testis,
825 950 946 1046 qui
997 949 1234 1022 credit.
1280 949 1735 1023 Dimittamus
1778 950 1853 1021 in
1898 952 2261 1049 praesentia

135 1066 536 1155 maritum3
573 1065 980 1137 reducemus
1013 1064 1218 1137 illum
1244 1064 1394 1137 loco
1417 1093 1545 1137 suo
1566 1080 1583 1109 ¹
1614 1093 1628 1137 ε
1666 1065 1751 1137 de
1778 1066 2049 1137 nutrice
2076 1066 2263 1139 dica-

133 1208 344 1253 mus.
373 1180 446 1251 Si
471 1179 559 1251 ab
585 1178 786 1251 initio
810 1170 1104 1251 mentita
1131 1200 1306 1251 esset
1330 1177 1476 1275 (id,
1505 1178 1695 1277 quod
1722 1180 2049 1253 adversus
2072 1180 2263 1251 hunc

135 1298 392 1368 dicere
425 1294 690 1386 audeo,
729 1294 948 1393 magis
979 1293 1314 1366 auderem
1341 1294 1664 1368 adversus
1692 1295 2037 1367 nutricem
2068 1295 2263 1367 dice-

138 1440 218 1484 re
238 1413 314 1508 ‚)
343 1411 492 1483 sola
524 1432 641 1483 est.
675 1412 882 1481 Nunc
912 1409 1191 1482 diversae
1227 1410 1633 1507 quaestiones
1668 1410 1863 1483 duae:
1899 1411 2261 1483 videamus

138 1550 398 1599 utram
443 1552 685 1597 verum
729 1524 976 1597 dixisse
1017 1524 1407 1597 credibilius
1460 1525 1564 1597 sit.
1611 1527 1821 1597 Torta
1866 1545 2071 1596 tuum
2121 1551 2262 1597 esse

141 1644 398 1715 filium
423 1642 626 1713 dixit:
653 1641 807 1713 volo
833 1641 1127 1739 adjicere
1157 1640 1519 1713 tormentis
1542 1641 2053 1713 auctoritatem:
2086 1668 2265 1713 anus

139 1780 372 1833 torta:
405 1785 544 1831 una
568 1758 848 1856 quaestio
873 1758 1192 1831 adversus
1217 1758 1408 1830 hunc
1436 1785 1676 1830 sexum
1692 1815 1711 1847 ‚
1734 1758 2059 1830 adversus
2083 1758 2263 1835 hanc

139 1897 432 1949 aetatem
475 1902 621 1947 non
662 1874 938 1947 sufficit.
983 1874 1461 1947 sufficientes²
1486 1874 1639 1976 jam
1672 1902 1796 1975 per
1826 1900 1897 1947 se
1932 1874 2265 1947 distendis

143 2014 388 2081 artuS,
421 1990 816 2089 lacerasque
849 1984 1247 2063 verberibus
1271 1990 1422 2091 jam
1462 2018 1607 2064 non
1652 1990 2106 2063 cohaerentem
2136 2017 2265 2061 cu·-

147 2130 356 2179 tem:
413 2126 480 2177 et
527 2107 658 2179 hoc
703 2094 1303 2197 dicis3'Mentiris.
1350 2108 1662 2181 Tamdiu
1713 2128 1935 2206 potest
1978 2107 2267 2178 mentiri

146 2242 406 2296 contra
430 2242 626 2293 tuam
653 2222 1128 2294 voluntatem?
1152 2222 1362 2295 etiam
1387 2250 1613 2322 quum
1645 2220 2101 2295 robustissimi
2127 2242 2268 2292 tor-

148 2356 492 2438 quentur,
526 2337 738 2410 etiam
771 2365 996 2438 quum
1026 2338 1300 2411 animos
1337 2337 1755 2441 asperrimus
1786 2338 1983 2411 dolor
2008 2357 2225 2409 tentat
2245 2400 2264 2434 ‚

149 2453 558 2554 plurimum
596 2476 830 2527 tamen
873 2454 1188 2545 interest,
1225 2455 1396 2553 quid
1444 2454 1850 2555 responderi
1889 2454 2022 2526 sibi
2064 2452 2263 2540 velit,

149 2571 284 2669 qui
316 2591 617 2668 torquet.
648 2573 844 2642 Dura
859 2569 911 2658 3,
947 2598 1091 2644 non
1127 2571 1322 2661 dico,
1353 2592 1590 2644 contra
1622 2571 1861 2668 ignem
1882 2625 1901 2660 ‚
1938 2595 2082 2639 non
2109 2568 2265 2639 dico

149 2707 406 2762 contra
438 2685 708 2785 flagella
726 2745 744 2778 ‚
777 2708 1012 2761 contra
1043 2687 1376 2762 hactenus
1404 2687 1707 2759 veritatis
1735 2682 2095 2783 inquisitio
2125 2703 2226 2753 est
2244 2739 2294 2772 ‚‚

153 2829 304 2900 qua
333 2801 600 2874 victum
635 2821 700 2874 te
729 2801 1022 2901 ψει-354,
1049 2803 1106 2874 si
1131 2827 1373 2874 verum
1407 2799 1691 2873 dixerit:
1723 2823 1947 2898 quum
1975 2822 2135 2868 vero
2167 2823 2267 2867 re-

153 3011 400 3085 gendum
417 3027 495 3066 est
507 3053 524 3080 ,
537 3032 630 3069 cur
640 3026 879 3089 praestare
895 3037 948 3071 se
963 3017 1014 3070 ei
1033 3016 1174 3071 velit.

155 3093 244 3144 sic
287 3089 448 3145 Ovid.
486 3095 644 3147 Trist.
683 3097 730 3147 11
744 3133 761 3163 ‚
801 3113 928 3166 170:
975 3119 996 3142 ι
1017 3098 1175 3148 Nune

159 3193 184 3217 α
207 3190 504 3244 quoquese
518 3187 754 3244 μεθίει,
769 3187 1006 3244 nomque
1025 3173 1174 3245 signa

162 3272 187 3295 ι
205 3263 379 3322 petat.
402 3273 426 3296 n
469 3251 627 3322 Apud
663 3251 872 3323 Apulei.
913 3253 1040 3303 Met.
1069 3252 1174 3317 vl,

152 3333 308 3385 Juno
349 3333 521 3402 inquit
546 3355 558 3383 :
610 3355 632 3380 a
653 3336 898 3387 Praestare
939 3351 1024 3385 me
1065 3349 1175 3385 non

161 3435 186 3460 ι
207 3431 454 3485 possum.
477 3435 498 3460 ο
527 3415 605 3466 De
627 3413 782 3466 simili
805 3413 1103 3486 locoeione,
1125 3431 1178 3466 se

153 3495 388 3567 prebere
397 3531 417 3560 ,
436 3494 555 3547 vide
571 3494 642 3546 ad
662 3494 816 3548 Ovid.
837 3497 1018 3547 Amor.
1039 3497 1092 3562 1,
1111 3495 1175 3560 6,

157 3574 254 3640 41.
277 3574 452 3625 Eunu.

240 3673 290 3707 ι.
335 3655 660 3708 Redueamus
701 3653 858 3708 illum
904 3654 1018 3709 loco
1061 3673 1171 3708 sue.

155 3734 388 3804 Scripsit
421 3748 634 3802 auctor,
669 3736 980 3788 reducemus.
1009 3733 1173 3787 Giton.

157 3815 242 3866 lta
267 3826 323 3864 et
345 3811 548 3865 Schult.
575 3827 628 3865 et
651 3813 784 3866 Obr.

237 3908 290 3942 2.
303 3891 380 3944 Su
371 3889 655 3964 fficientes.
681 3894 817 3962 Lege
831 3931 847 3958 ‚
865 3887 1172 3964 deficientes.

159 3970 352 4022 AEnon.
397 3972 472 4022 Ita
513 3971 644 4023 Obr.
686 3985 736 4022 et
777 3969 1136 4041 Schultingius
1155 4008 1172 4032 ‚

161 4050 264 4119 qui
295 4051 456 4100 etiam
487 4049 798 4102 subsidentes
829 4048 1179 4119 conjiciebat,

159 4139 225 4180 ut
267 4127 414 4197 apud
447 4126 638 4180 Senee..
669 4125 884 4199 Thyest.
930 4148 952 4173 ι
974 4128 1177 4179 animus

170 4221 200 4254 a
216 4205 468 4260 subsidit.
491 4231 513 4255 ,ι

1327 3017 1380 3069 3.
1401 3013 1567 3066 Dura.
1598 3012 1845 3065 Duravit
1853 3027 1959 3063 non
1978 3008 2121 3076 dico,
2146 3025 2267 3062 con·

1257 3107 1336 3148 tra
1353 3096 1402 3167 iq
1410 3112 1551 3160 nem,
1572 3111 1680 3144 non
1699 3092 1815 3144 dico
1834 3086 2266 3166 contmflayella,

1253 3173 1338 3225 sed
1349 3171 1669 3225 contrariam
1688 3170 1936 3222 hactenus
1950 3167 2178 3220 veritatis
2192 3168 2270 3219 in-

1253 3252 1586 3324 qui-titionem
1618 3248 1761 3320 (vel,
1796 3260 1979 3302 contra
2010 3257 2087 3314 te,
2124 3249 2271 3319 cujus

1258 3331 1367 3384 hoec
1417 3329 1647 3383 veritatis
1695 3325 1964 3400 inquisitio
2006 3343 2113 3376 non
2160 3323 2273 3393 est)

1255 3409 1382 3482 quia
1415 3419 1465 3459 te
1496 3409 1759 3460 ficturum
1792 3423 1903 3457 non
1933 3421 2121 3474 speras.
2147 3401 2269 3455 Seu.

1254 3515 1328 3528 -··
1363 3487 1552 3540 Genera
1570 3482 1837 3562 flagella,
1870 3492 2067 3534 contra.
2100 3481 2271 3552 Lege,

1255 3561 1699 3642 contraflagella,
1714 3570 1896 3614 comm
1914 3560 2136 3616 uerbera.
2155 3561 2270 3610 AEn.

1254 3647 1364 3714 Qui
1385 3643 1583 3710 edidit,
1610 3638 2029 3717 contraflaqella
2042 3678 2061 3706 ,
2086 3651 2271 3693 contra

1257 3725 1466 3778 verbera
1488 3724 1635 3776 dura.
1666 3717 2126 3796 Contruflaqella‚
2147 3737 2276 3770 con-

1255 3819 1338 3858 tra
1364 3817 1570 3858 catenas
1598 3823 1645 3855 υ.
1679 3804 1713 3854 i.
1746 3813 1847 3869 est,
1870 3821 1976 3875 qua
2004 3799 2201 3852 victum
2226 3809 2275 3849 te

1245 3886 1422 3957 feras,
1438 3883 1479 3936 si
1488 3923 1505 3951 ‚
1527 3883 1657 3936 Obr.
1672 3885 1785 3949 An,
1804 3878 2187 3934 catomaPVide
2204 3875 2273 3930 ad

1255 3967 1469 4017 Petu-on.
1496 3983 1543 4016 c.
1570 3961 1826 4016 CXXXII.

1329 4045 1380 4110 4.
1408 4045 1521 4113 Qua
1540 4043 1729 4094 victum
1744 4051 1796 4091 te
1809 4055 1977 4110 speras
1994 4075 2009 4102 ,
2029 4039 2074 4090 si
2093 4055 2270 4089 verum

1258 4128 1460 4180 dixerit.
1487 4129 1598 4190 An,
1615 4140 1843 4196 sperare,
1870 4120 1955 4176 hic
1982 4133 2090 4186 est,
2116 4123 2272 4172 time-

1259 4209 1356 4258 re?
1377 4208 1565 4256 Forte:
1592 4221 1699 4274 qua
1728 4201 1918 4253 victum
1946 4211 1995 4252 te
2021 4211 2279 4272 apparet,
