2855 4871
609 454 733 521 550

1190 450 1726 517 CALPURNII
1773 452 2119 519 FLACCI

600 594 903 649 senserat
914 573 1412 671 obsequentem
1435 586 1482 665 ¹,
1501 573 1920 647 desertorem
1931 574 2162 647 videat
2173 578 2708 651 contumacem?

598 720 730 766 nec
760 691 1035 791 poenam
1065 714 1351 791 possum
1376 714 1691 761 recusare
1724 712 1882 790 post
1908 691 2190 791 culpam
2210 748 2230 782 ‚
2256 718 2386 763 nec
2413 693 2704 765 veniam

598 808 935 883 sustinere
977 828 1130 908 post
1171 806 1486 905 gloriam.
1531 805 1875 879 Miserum
1913 832 2064 897 me,
2105 805 2306 907 cujus
2345 834 2478 879 nec
2517 808 2706 879 infa-

534 964 537 969 ·
596 923 741 995 mia
779 942 1001 1021 potest
1035 920 1284 1012 latere,
1312 946 1441 991 nec
1479 918 1738 1019 gloria:
1775 946 1920 991 non
1953 942 2112 992 ante
2146 920 2698 1020 rempublicam,

594 1064 810 1139 quam
858 1065 971 1110 me
1019 1037 1166 1137 ipse
1212 1036 1523 1125 deserui3
1563 1035 1774 1108 armis
1817 1057 1886 1109 et
1929 1036 2080 1110 telis
2116 1036 2696 1110 ¹honestissimum

591 1180 841 1253 corpus
868 1153 1184 1242 oneravi3
1220 1172 1324 1243 et,
1364 1151 1556 1251 quod
1585 1177 1726 1223 non
1764 1150 1912 1223 sine
1943 1152 2218 1252 piaculo
2253 1153 2524 1224 factum
2559 1172 2694 1239 est,

593 1288 991 1347 consecrata,
1000 1267 1438 1369 jamdudum
1467 1292 1664 1339 arma
1685 1267 1976 1367 deposui
1993 1266 2046 1340 ³.
2073 1268 2187 1341 Sto
2207 1290 2278 1339 et
2298 1294 2546 1368 pugno
2570 1292 2692 1368 pro

668 1488 712 1523 1.
742 1470 1133 1543 Obsequentem,
1162 1472 1322 1544 Atqui
1351 1483 1600 1542 coegerat

590 1570 711 1603 eum
732 1548 798 1602 ad
816 1550 1044 1603 bellum:
1068 1570 1231 1622 quare
1250 1564 1383 1623 puto
1401 1549 1599 1604 adden·

586 1630 709 1683 dem
732 1634 1099 1702 negationem,
1122 1614 1345 1687 sssiserat
1374 1652 1480 1684 non
1509 1633 1600 1685 ob-

585 1726 879 1785 sequentem
897 1734 913 1763 .-
946 1714 1047 1765 nisi
1077 1713 1315 1766 dicamus
1354 1726 1600 1765 coactum

588 1790 805 1864 quidem
829 1792 1107 1859 militasse,
1132 1793 1227 1845 sed
1250 1793 1377 1844 dum
1404 1791 1600 1843 milita-

586 1885 693 1938 ret,
715 1870 1280 1943 obsequentem'fuisse
1293 1909 1310 1938 ,
1324 1871 1498 1923 donec
1512 1867 1600 1922 de-

589 1966 800 2004 sereret.
827 1954 997 2004 Burni.

660 2048 708 2082 α.
731 2028 842 2081 Nec
862 2030 1065 2082 veniam
1086 2032 1329 2082 sustinere
1347 2040 1466 2101 post
1483 2028 1599 2101 qlo-

588 2108 739 2161 rt'am.
758 2108 1051 2181 Tamquam
1070 2106 1137 2159 de
1157 2126 1316 2160 onere
1342 2106 1594 2179 loquitur.

581 2190 789 2258 Nempe
809 2186 889 2238 vel
916 2190 971 2237 in
994 2189 1350 2259 suspicionem
1374 2186 1498 2239 mali
1523 2187 1606 2262 fa·-

580 2267 776 2319 cinoris
818 2265 1045 2333 adduci,
1079 2286 1237 2337 grave
1275 2278 1356 2318 est
1390 2264 1591 2337 probis.

582 2344 737 2399 Unde
758 2359 811 2397 et
829 2345 974 2417 apud
992 2345 1161 2398 Plaut.
1190 2368 1211 2391 ι
1235 2348 1400 2419 stupri
1426 2349 1595 2417 suspi-

588 2449 611 2473 α
633 2426 840 2479 cionem
876 2428 1152 2480 sustinere.
1175 2449 1198 2474 n
1232 2420 1432 2479 Seneca
1459 2428 1594 2500 Hip-

584 2506 771 2580 polyto
802 2505 927 2558 126:
962 2529 983 2552 ι
1004 2505 1214 2557 Probi-is
1250 2520 1406 2558 omne
1437 2505 1594 2560 Phoe-

588 2585 791 2638 «beum
830 2602 1000 2657 genus
1043 2598 1230 2638 onerat
1276 2585 1536 2640 nefandis.
1564 2609 1588 2634 ι

586 2665 753 2719 Senex
795 2685 919 2718 vero
941 2703 957 2730 ,
1001 2668 1044 2719 si
1086 2666 1187 2719 sibi
1228 2669 1437 2718 veniam
1477 2665 1594 2720 dari

578 2758 877 2816 pateretur,
912 2749 1144 2798 criminis
1178 2745 1387 2819 culpam
1422 2765 1592 2818 agno-

582 2837 750 2876 sceret
766 2847 779 2874 :
808 2843 966 2895 quam
992 2844 1115 2877 cum
1136 2827 1282 2878 omni
1306 2826 1432 2878 fecti
1457 2827 1592 2877 invi—

581 2901 671 2954 dia
714 2915 1071 2958 transmovere
1117 2908 1173 2958 in
1220 2907 1592 2977 imperatorem

580 2979 783 3047 studet,
810 2985 900 3052 qui
924 2986 1096 3054 ipsum
1122 3005 1299 3038 senem
1329 2999 1380 3037 et
1404 2987 1593 3037 immu-

474 3060 489 3074 ‘
578 3075 701 3108 nem
726 3057 911 3110 militie
936 3059 1005 3110 ad
1028 3060 1227 3114 bellum
1251 3076 1305 3114 et
1324 3064 1595 3115 insui-›can-

580 3135 703 3187 dnm
724 3135 949 3205 gloriam
972 3153 1235 3208 coegerat.
1262 3141 1381 3193 Son.
1406 3142 1591 3208 Quint.

580 3212 729 3268 Ded.
754 3211 1089 3266 cccxxix:
1122 3237 1145 3262 ιι
1164 3217 1481 3270 Gravissima
1501 3217 1595 3271 illa

588 3319 611 3343 a
634 3309 905 3368 tempore,
931 3313 1043 3367 que
1076 3293 1166 3348 diu
1200 3299 1343 3368 pessi
1375 3315 1556 3352 sumus
1575 3335 1593 3367 ,

588 3399 611 3422 ιι
633 3376 1025 3427 sustineremus.
1048 3397 1072 3422 ιι
1104 3377 1185 3428 lte
1210 3375 1319 3429 Cic.
1350 3375 1420 3429 ed
1446 3379 1594 3432 Fam.

582 3457 680 3520 VI,
702 3457 767 3506 6:
799 3477 821 3502 σι
842 3458 981 3525 Quia
1016 3477 1125 3510 non
1157 3471 1313 3530 putat
1344 3475 1399 3512 se
1433 3463 1594 3513 susti-

590 3551 613 3580 «
634 3549 758 3584 nere
796 3552 983 3590 causes
1020 3555 1180 3607 posse
1218 3537 1540 3602 multomm;
1563 3563 1588 3588 n

584 3611 654 3664 ad
688 3613 837 3664 Ver-r.
876 3613 977 3681 111,
1018 3613 1083 3667 25
1106 3637 1119 3667 =
1166 3637 1189 3662 ιι
1206 3618 1371 3690 Cujus
1408 3621 1594 3673 mortis

588 3712 611 3737 α
630 3708 845 3742 causam
868 3691 1073 3764 fugitivi
1096 3697 1375 3749 sustinent.
1392 3721 1415 3746 ι
1439 3699 1590 3752 Vei-r.

582 3771 649 3834 V,
668 3769 769 3839 39:
798 3792 821 3818 ι
839 3771 1069 3823 Tantum
1092 3771 1197 3825 hoe
1220 3777 1419 3830 crimen
1445 3780 1596 3830 susti·

589 3868 611 3893 σι
630 3867 757 3902 nere
782 3865 839 3901 se
862 3849 1011 3902 nullo
1036 3851 1196 3904 modo
1222 3873 1432 3924 possem
1453 3855 1594 3910 Phae·

583 3927 740 3997 drus,
758 3932 854 3997 ln,
874 3931 906 3984 8
926 3953 938 3984 x
966 3955 989 3978 ι
1005 3933 1118 3985 Nec
1137 3933 1411 4005 gloriantis
1430 3940 1590 3992 susti-

590 4029 611 4053 ·
630 4023 723 4060 net
744 4011 917 4064 fratris
936 4013 1109 4082 jocos.
1132 4037 1156 4062 s
1184 4017 1353 4068 Eunu.

655 4087 705 4138 3.
750 4091 1051 4142 consecrem
1078 4093 1400 4164 jamdudum
1441 4113 1590 4150 arma

584 4161 813 4236 deposui.
851 4167 1132 4222 Manifeste
1168 4175 1381 4245 respicit
1416 4173 1486 4228 ad
1519 4179 1590 4228 ri-

1681 1484 1792 1524 tum
1808 1510 1825 1538 ,
1850 1490 1958 1543 quo
1983 1484 2106 1544 post
2127 1469 2351 1523 desitam
2377 1484 2472 1523 ant
2499 1486 2658 1523 artem
2675 1509 2690 1535 ,

1681 1563 1770 1602 aut
1805 1548 2071 1618 militiam,
2105 1568 2276 1613 arma,
2309 1552 2690 1613 instrumenta,

1679 1632 2080 1684 consecrabant.
2133 1633 2296 1701 Igitur
2339 1628 2592 1684 Horatius
2633 1650 2688 1683 se

1678 1712 1904 1762 emeritae
1931 1710 2126 1762 militiae
2151 1724 2443 1763 amatorem
2469 1710 2686 1762 demon-

1679 1802 1969 1854 straturus,
2001 1788 2094 1841 lib.
2127 1790 2230 1853 111,
2261 1788 2352 1839 od.
2393 1790 2494 1841 26:
2535 1814 2559 1834 ι
2581 1790 2686 1839 Vixi

1684 1888 1706 1912 s
1727 1864 1917 1937 puellis
1938 1885 2107 1939 nuper
2126 1864 2371 1919 idoneus.
2395 1868 2460 1919 Et
2477 1866 2684 1918 militavi

1683 1966 1706 1989 ι
1727 1962 1837 1995 non
1867 1947 1978 1997 sine
2004 1944 2202 2015 gloria:
2233 1944 2392 1997 Nunc
2421 1964 2570 1997 arma
2596 1944 2684 1995 de·

1683 2048 1706 2071 ι
1725 2026 2076 2097 functumque
2115 2025 2258 2077 bello
2303 2025 2562 2079 Barbiton
2607 2026 2682 2077 hic

1683 2130 1706 2153 a
1726 2108 1898 2178 paries
1939 2107 2188 2170 habehim
2229 2108 2443 2160 laevum
2479 2109 2682 2160 marina·

1681 2208 1704 2231 κ
1724 2189 1818 2259 qui
1850 2188 2070 2243 Veneris
2107 2186 2245 2239 latus
2285 2186 2526 2239 custodit
2547 2210 2560 2237 ε
2605 2187 2680 2238 hit

1681 2288 1702 2311 ι
1721 2265 1810 2318 hic
1826 2269 2012 2339 ponite
2031 2266 2206 2320 lucida
2225 2266 2449 2319 Funalia
2465 2308 2483 2335 ,
2503 2282 2558 2321 et
2570 2288 2680 2320 vec·

1681 2370 1702 2393 ι
1723 2362 1801 2401 tes
1812 2386 1831 2415 ,
1847 2362 1898 2401 et
1913 2368 2065 2401 arcus
2080 2351 2358 2421 Oppositis
2375 2350 2586 2404 foribus
2601 2353 2684 2402 rni-

1680 2451 1702 2473 ιι
1721 2445 1897 2480 naces.
1921 2452 1942 2475 ιι
1987 2426 2126 2498 virg.
2171 2413 2280 2480 ltel.
2317 2424 2418 2479 vn
2433 2469 2452 2494 ,
2493 2428 2598 2496 243
2635 2443 2682 2482 et

1671 2505 1810 2557 Pers.
1831 2501 1996 2558 Satira
2015 2506 2087 2573 11,
2110 2521 2205 2575 703
2235 2521 2289 2559 et
2307 2500 2385 2558 ibi
2411 2507 2680 2560 Casaubo-

1671 2603 1773 2640 nus
1799 2585 2104 2650 addendus;
2137 2599 2198 2640 ut
2225 2599 2278 2639 et
2304 2589 2549 2642 Tur-neb.
2577 2589 2678 2641 Ad-

1671 2681 1803 2718 vers.
1827 2667 1922 2732 vl,
1943 2683 1993 2737 9.
2019 2665 2122 2718 Sed
2145 2665 2270 2737 quid
2292 2667 2406 2718 vult
2431 2667 2536 2721 sibi
2559 2667 2680 2720 {und

1671 2747 1906 2818 deposuit
1915 2750 1941 2798 Ρ
1953 2747 2264 2818 Cogitabam
2278 2750 2520 2822 opposui.
2539 2749 2681 2802 Dein-

1671 2826 1738 2879 de
1758 2827 1970 2879 venitin
1993 2843 2219 2880 mentem
2233 2867 2250 2895 ,
2269 2829 2334 2880 de
2351 2843 2502 2902 poste
2519 2849 2680 2900 sump-

1670 2905 1732 2958 si.
1749 2905 1962 2960 Plautus
1979 2909 2215 2960 Trinum.
2235 2907 2285 2974 l,
2302 2926 2332 2959 a
2347 2947 2364 2972 ,
2385 2913 2502 2962 108:
2525 2907 2678 2961 «Mihi

1679 3007 1703 3031 α
1725 2985 1868 3058 quod
1893 2985 2205 3051 credideris,
2228 3007 2438 3052 sumes,
2465 2987 2556 3040 ubi
2581 3007 2676 3058 po-

1679 3071 1905 3121 «suerio.
1927 3092 1950 3115 ιι
1993 3067 2142 3120 Milit.
2181 3069 2262 3134 n,
2297 3087 2362 3136 a,
2397 3085 2494 3140 79,
2529 3070 2582 3120 in
2621 3088 2678 3120 re

1673 3145 1830 3198 simili
1850 3185 1868 3213 ‚
1916 3169 1940 3194 ι
1963 3145 2105 3199 salva
2152 3165 2330 3200 sumes
2375 3146 2619 3200 indidem.
2649 3173 2672 3196 ιι

1671 3227 1836 3276 Porro
1870 3243 2014 3276 uma
2047 3226 2269 3278 maxime
2299 3225 2538 3298 postibus
2563 3243 2680 3280 sus·

1671 3301 1976 3375 pendebant
1995 3303 2138 3376 apud
2159 3305 2380 3377 templa.
2399 3306 2676 3372 Horatius,

1673 3383 1834 3454 Epist.
1869 3382 1960 3435 lib.
1995 3384 2050 3448 1,
2091 3401 2148 3434 ιε
2187 3386 2488 3455 -Vejnnins
2523 3387 2676 3438 annis

1680 3486 1703 3509 ι
1720 3462 1986 3536 Herculis,
2003 3460 2072 3515 ad
2113 3477 2320 3536 postem
2363 3465 2512 3531 fixis,
2555 3465 2672 3518 latet

1679 3563 1701 3588 οι
1722 3539 1932 3594 abditus
1951 3559 2100 3612 egro.
2122 3565 2144 3587 ι
2165 3543 2310 3612 virg.
2331 3545 2451 3595 AEn.
2471 3545 2522 3606 1,
2543 3543 2638 3596 252
2657 3565 2672 3594 ι

1677 3639 1968 3694 «armaque
2005 3620 2114 3674 fixit
2146 3621 2323 3674 Troia.
2345 3647 2368 3670 ιι
2419 3621 2518 3674 Ubi
2553 3623 2672 3675 Sen-

1671 3703 1814 3754 viusx
1847 3727 1868 3750 ι
1891 3706 2041 3776 quasi
2073 3721 2180 3755 non
2215 3703 2506 3756 necessaria
2541 3721 2668 3756 con-

1677 3805 1702 3829 «
1719 3785 1957 3836 secrevit.
1985 3786 2168 3854 Figere
2196 3787 2337 3835 euim
2366 3801 2667 3836 consecrare

1678 3882 1699 3905 ι
1718 3859 1806 3913 hic
1824 3861 2078 3914 debemus
2100 3864 2372 3934 κοίρανος
2399 3875 2487 3928 nt,
2509 3864 2664 3915 Posti-

1675 3961 1700 3986 «
1717 3939 1819 3994 bus
1831 3938 2062 3994 adversis
2076 3941 2197 4013 figo.
2221 3964 2242 3988 a
2267 3943 2336 3994 Et
2358 3965 2382 3988 ι
2401 3943 2506 3996 hoc
2525 3945 2662 4014 sig-ni-

1675 4041 1698 4065 ·
1717 4018 1838 4071 fleat
1856 4055 1873 4086 ,
1915 4037 2132 4072 securus
2179 4034 2256 4074 est
2277 4059 2292 4085 ,
2337 4023 2463 4092 quis
2503 4023 2661 4074 solent

1675 4117 1698 4142 ιι
1715 4099 1862 4150 missi
1887 4097 2070 4149 militis
2097 4099 2205 4150 sive
2229 4097 2527 4170 gladiatura
2553 4103 2656 4172 qui-

1675 4201 1698 4225 «
1715 4177 1950 4232 buslibet
1973 4179 2184 4253 templis
2209 4200 2356 4235 erma
2381 4181 2655 4255 suspende-
