2855 4871
528 392 1359 487 DECLAMATION'ES.
1404 404 1865 487 ccx‘cvm.
2116 448 2234 515 ¹99

180 570 239 623 et
257 566 471 623 atauo
492 572 700 619 senex
722 543 1131 617 incumbam
1153 567 1170 616 ἐ
1191 564 1271 631 tu
1294 562 1568 617 tantum
1595 544 1859 644 impera
1883 572 1898 617 :
1933 572 2078 619 non
2105 548 2241 619 mi-

176 663 399 736 sereris
448 660 713 761 paterni
766 659 1062 757 avitique
1108 659 1357 749 fundi,
1402 660 1606 732 obsiti
1653 660 2012 733 sentibus?
2060 662 2242 737 circa

178 777 339 851 beati
386 778 667 849 fructus.
708 776 851 848 Nos
897 773 1163 849 desidia
1206 773 1391 846 male
1434 773 1806 848 audimus:
1851 795 2025 873 quot
2053 790 2070 821 ¹
2087 776 2236 877 jam

178 892 593 992 perdidimus
628 889 891 965 annos?
926 910 1003 961 tu
1028 889 1199 963 vivis
1232 888 1462 962 aliena
1493 889 1924 963 liberalitate.
1961 892 2056 964 At
2087 890 2143 965 si
2177 912 2242 963 te

180 1004 353 1077 nulla
386 1004 643 1077 horum
680 1002 1031 1078 miseratio
1064 1022 1287 1095 tenet,
1321 1002 1640 1101 ignoscas
1668 1004 1842 1077 mihi
1874 1030 1890 1075 τ
1920 1004 2245 1077 ducimus

181 1122 535 1222 quemdam
560 1121 883 1195 adversus
908 1121 1089 1220 ipsas
1112 1140 1327 1192 terras
1348 1119 1851 1192 consuetudine
1875 1120 2240 1193 affectum:

182 1264 305 1309 non
328 1237 581 1311 vendes
613 1258 688 1310 tu
722 1236 1029 1336 agellum
1066 1262 1307 1309 meum
1334 1261 1349 1307 ε
1380 1262 1524 1308 non
1553 1256 1876 1335 paternos
1896 1236 2244 1335 avitosque

182 1353 415 1427 cineres
432 1412 451 1446 ,
478 1376 545 1427 et
574 1382 726 1428 ossa
756 1353 968 1428 alicui
1001 1353 1218 1454 pretio
1244 1378 1446 1424 coenae
1473 1353 1684 1425 unius
1706 1350 2026 1449 addices?
2049 1352 2248 1443 Qua-

181 1490 355 1541 tenus
394 1470 763 1543 infeliciter
798 1471 1027 1543 filium
1064 1468 1345 1560 sustuli,
1384 1495 1695 1574 quaeram
1731 1468 2080 1571 aliquem,
2122 1466 2244 1567 qui

184 1584 359 1657 colat.

182 1842 1280 1865 mmm-‘mmmmm
1292 1842 2152 1865 mmmmmmm
2163 1842 2250 1861 νῑιὶ

954 2025 1457 2105 CCXCIX.

816 2258 974 2330 Ossa
1000 2272 1195 2328 eruta
1218 2254 1614 2357 parricidoe.

190 2455 513 2518 Pluinma
536 2473 861 2518 murum
886 2447 1312 2516 antemuran-
1338 2453 1636 2516 Semnum
1662 2471 1910 2514 vtomn
1933 2471 2030 2514 sn·
2055 2471 2253 2514 Aeno.

253 2557 545 2618 Det-edens
567 2567 749 2639 pater
760 2552 1083 2614 mandavit
1106 2552 1255 2614 filiae
1274 2549 1586 2613 ultionem
1599 2597 1616 2630 ,
1637 2551 1877 2627 dicens,
1902 2571 1964 2611 se
1982 2551 2255 2611 duorum

253 2650 509 2715 filiorum
532 2673 781 2714 veneno
806 2653 1024 2734 perire.
1054 2650 1267 2734 Puella
1298 2671 1437 2710 reos
1459 2650 1828 2733 postulavit:
1861 2652 2026 2710 inter
2051 2667 2258 2707 moras

254 2771 399 2814 unus
430 2775 491 2813 se
528 2749 797 2828 occidit,
832 2765 895 2812 et
930 2749 1205 2833 sepultus
1241 2765 1327 2810 est
1362 2751 1430 2807 in
1467 2747 1890 2810 monumentis
1925 2744 2256 2828 majorum.

254 2853 509 2914 Alterum
546 2873 749 2935 quum
785 2851 1168 2924 damnasset,
1205 2863 1267 2911 et
1304 2847 1684 2930 insepultum
1717 2845 2097 2930 projecisset,
2128 2839 2257 2924 ejus

254 2968 483 3032 quoque
504 2952 617 3032 qui
644 2947 917 3031 sepultus
940 2947 1171 3021 fuerat,
1196 2966 1335 3008 ossa
1357 2945 1520 3006 eruit
1534 2987 1554 3022 ,
1575 2957 1639 3006 et
1663 2941 1903 3026 abjecit.
1931 2942 2260 3004 Accusatur

254 3047 457 3108 violati
481 3045 773 3130 sepulcri.

1026 3191 1399 3260 SERMO.

265 3359 355 3420 An
391 3374 739 3446 utcunque
781 3354 1117 3443 sepultum
1159 3374 1394 3419 eruere
1437 3373 1575 3416 non
1613 3351 1848 3417 liceat:
1889 3367 1976 3414 an
2021 3347 2084 3412 ei
2123 3369 2260 3412 non

194 3457 455 3540 licuerit,
487 3485 641 3554 quae
670 3461 887 3552 potuit
921 3459 1311 3552 prohibere:
1350 3481 1435 3524 an
1471 3458 1670 3554 etiam
1701 3479 1839 3522 non
1867 3453 2020 3546 jure
2059 3451 2263 3520 fuerit

194 3567 484 3656 sepultus.
508 3570 687 3638 Hinc
710 3567 1027 3660 speciales
1050 3567 1478 3658 quaestioneS,
1503 3583 1728 3632 utrum
1749 3565 1858 3632 lex
1879 3559 2266 3628 damnatum
2299 3587 2304 3592 ·

198 3689 425 3742 tantum
460 3677 835 3766 parricidii,
872 3699 957 3741 an
992 3699 1224 3743 revera
1260 3673 1654 3765 parricidam
1687 3669 2038 3762 probibeat
2073 3689 2264 3756 sepe-

198 3815 487 3876 bmdltmt.
510 3825 603 3895 qui
622 3825 794 3876 sei-vat
810 3821 989 3874 etiam.
1006 3821 1169 3874 —Tu
1248 3832 1375 3896 quot
1380 3822 1524 3894 jam.
1544 3817 1715 3872 Thad.
1742 3830 1794 3870 et
1819 3812 1996 3870 AErod.
2029 3810 2266 3864 audimus

200 3909 379 3952 unnim
402 3905 619 3978 impera.
649 3904 730 3957 Tu
754 3914 929 3956 tamen
954 3903 1045 3956 t‘m.
1079 3902 1175 3954 mi·
1258 3899 1550 3974 quodjam.
1566 3895 1776 3952 Scribe:
1797 3896 1908 3948 Nos
1920 3889 2114 3944 desidia
2129 3886 2269 3940 male

198 3983 437 4050 ‘neberti-t,
468 3983 647 4038 AErod.
665 4013 735 4024 —
754 3986 899 4038 Circa
922 3983 1073 4036 beati.
1096 3984 1181 4038 Οἰ-
1244 3978 1516 4032 audimus.
1548 3976 1684 4048 Quot
1687 3975 1808 4048 jam
1828 3967 2148 4046 perdidimus
2168 3985 2270 4018 an-

202 4069 269 4110 tm
288 4061 449 4118 beatos
457 4064 689 4136 fnoetm,
703 4061 899 4116 Schult.
928 4077 982 4117 et
1000 4060 1178 4116 AErod.
1260 4058 1391 4111 nos?
1419 4057 1587 4108 (ἵκου.
1618 4054 1845 4108 -·Νοη
1885 4047 2088 4104 vendes.
2123 4045 2268 4101 Num

270 4153 309 4187 t.
346 4141 453 4194 Nos
491 4141 685 4196 desidia
718 4141 859 4196 male
892 4141 1185 4194 audivimus
1265 4135 1484 4190 vendes?
1507 4130 1686 4186 Στοὰ.
