2855 4871
512 425 600 494 60
1020 429 1116 494 M.
1164 429 1416 495 FABII
1461 430 2100 514 QUINTlLIANI

512 553 855 626 laetissimo
876 555 1140 654 alioqui
1163 554 1417 629 domus
1443 577 1689 628 nostrae
1709 579 2049 658 proventu
2070 615 2088 648 ,
2125 557 2608 658 gravissimum

474 673 729 743 'funus
762 693 833 745 et
859 674 1121 745 crimen
1160 672 1583 745 inurebatur.
1616 677 1775 747 Jam
1809 674 2000 747 vides
2035 702 2247 773 quare
2277 702 2425 748 non
2459 703 2612 748 ces-

516 787 715 860 seris:
749 788 879 860 hoc
901 789 1028 860 tibi
1056 790 1345 888 praemio
1380 790 2037 892 majusvidebatur,
2074 793 2415 866 committi
2449 821 2612 866 cum

515 925 739 1003 patre,
782 924 851 977 et
883 906 1334 1005 parricidium
1381 909 1608 981 facere
1647 909 1850 1011 jure:
1896 909 2028 982 hoc
2061 912 2370 1010 profecto
2401 909 2614 982 etiam

515 1021 589 1090 in
641 1019 789 1093 acie
844 1021 1069 1092 facere
1124 1023 1479 1122 cogitasti:
1531 1045 1598 1096 et
1629 1051 1855 1122 quum
1887 1025 2248 1098 imitareris
2284 1025 2612 1097 virtutem

516 1161 782 1224 meam,
832 1163 975 1207 non
1008 1136 1296 1235 optandi
1331 1138 1484 1237 jus,
1514 1139 1635 1211 sed
1666 1140 2030 1240 pugnandi
2062 1143 2368 1239 quierere
2413 1138 2618 1210 vide-

513 1250 723 1324 baris.
768 1255 952 1351 Ego,
997 1275 1343 1351 quantum
1388 1276 1489 1327 est
1527 1254 1600 1327 in
1633 1275 1737 1347 te,
1781 1256 1855 1328 in
1892 1256 2123 1328 medio
2153 1257 2342 1344 foro,
2381 1277 2449 1328 et
2472 1255 2623 1328 uni-

514 1394 711 1440 versa
738 1387 1090 1466 spectante
1124 1369 1389 1442 civitate
1409 1427 1427 1460 ,
1457 1369 1586 1442 filii
1609 1397 1829 1443 manu
1852 1371 2230 1443 trucidatus
2255 1398 2453 1444 sum:
2482 1371 2619 1460 vel,

515 1481 706 1582 quod
754 1506 857 1555 est
901 1484 1208 1583 gravius,
1257 1485 1480 1557 occidi
1505 1512 1524 1557 :-
1572 1508 1650 1559 tu
1702 1487 2176 1586 perseverasti,
2227 1513 2452 1586 quum
2499 1511 2620 1556 me

516 1624 769 1697 cupere
804 1599 901 1671 sic
938 1600 1224 1673 videres.
1271 1601 1684 1674 Etiamnum
1720 1602 2070 1702 interrogo
2097 1661 2115 1692 ,
2172 1617 2188 1648 ¹
2221 1622 2622 1674 staturusne

516 1735 755 1786 contra
792 1715 1008 1788 fueris
1042 1717 1446 1790 dicturum?
1479 1745 1645 1791 nam
1682 1718 1740 1790 si
1783 1719 1976 1791 fuisti
2024 1738 2622 1819 perseveraturuS,

520 1829 677 1904 vide
710 1857 801 1903 an
846 1833 1116 1930 gravius
1158 1833 1371 1906 etiam
1405 1835 1676 1907 crimen
1705 1835 1790 1906 sit
1810 1892 1829 1926 ,
1869 1834 2048 1934 patri
2077 1859 2398 1933 negasse,
2425 1832 2624 1931 quod

516 1966 833 2045 praestare
861 1968 1147 2046 poteras.
1177 1948 1382 2022 Habe
1406 1973 1570 2047 ergo
1599 1949 1974 2048 praemium
2001 1949 2219 2039 istud,
2248 1967 2628 2046 quantum-

518 2089 797 2163 cunque
832 2064 905 2136 in
934 2093 1016 2139 eo
1044 2064 1334 2156 honoris
1360 2087 1496 2138 est:
1534 2065 1654 2138 sed
1679 2087 2042 2138 contentus
2066 2085 2208 2137 esto
2242 2061 2626 2164 appellasse

518 2178 1029 2277 rempublicam
1045 2210 1063 2269 ;
1112 2181 1387 2254 discede
1437 2180 1523 2252 de
1566 2182 1780 2253 domo
1814 2193 2056 2252 mea22
2117 2206 2261 2251 non
2311 2177 2462 2279 jam
2509 2176 2630 2249 ul-

516 2293 727 2364 tionis
758 2296 976 2393 gratia
1008 2295 1221 2386 facio,
1250 2296 1371 2369 sed
1406 2296 1618 2368 etiam
1645 2295 2062 2369 securitatis:
2095 2295 2447 2368 insomnes
2471 2321 2630 2366 noc·

518 2429 618 2483 tes
644 2438 803 2511 ago,
830 2433 897 2485 et
915 2412 1005 2485 ad
1024 2439 1269 2486 omnes
1283 2434 1541 2487 terreor
1565 2413 1884 2514 strepitus
1909 2438 1923 2485 :
1952 2413 2151 2487 nulla
2171 2411 2349 2488 mihi
2374 2439 2628 2486 secura

518 2554 654 2600 nox
687 2549 819 2601 est:
867 2529 1095 2603 habeo
1122 2531 1195 2603 in
1218 2530 1721 2623 domo-filium,
1751 2531 1873 2629 qui
1894 2557 2008 2603 me
2029 2531 2262 2633 potuit
2283 2529 2622 2603 occidere.

516 2648 697 2717 Nam
746 2647 1017 2747 praemii
1069 2648 1358 2746 quidem
1401 2648 1620 2747 gratia
1663 2649 2042 2721 strinxisses
2074 2649 2338 2720 ferrum
2387 2666 2630 2719 contra

518 2782 785 2860 patrem
804 2820 823 2853 ,
852 2764 1017 2837 etin
1048 2787 1423 2867 conspectu
1449 2765 1737 2838 civitatis
1757 2765 2146 2867 populique
2167 2763 2628 2865 parricidium

518 2878 837 2969 fecisses;
886 2902 964 2954 ut
1013 2882 1213 2957 heres
1262 2883 1464 2956 citius
1513 2882 1676 2974 fias,
1721 2904 1800 2957 ut
1845 2884 2032 2957 bona
2077 2910 2236 2957 mea
2281 2907 2576 2982 occupes
2605 2938 2627 2971 ,

596 3066 615 3100 1
628 3086 641 3099 .
662 3050 972 3102 Etiamnum
990 3050 1267 3125 interroqo,
1282 3064 1530 3107 staturus·

519 3148 603 3181 ne.
628 3130 770 3183 Alias
798 3144 1093 3185 statumsne
1122 3146 1301 3187 contra
1324 3134 1534 3205 fiteris?

518 3228 591 3262 an
614 3222 794 3265 contra
806 3212 983 3283 fueris
1004 3214 1274 3267 dicturus?
1294 3216 1374 3267 vel
1390 3253 1406 3281 ‚
1429 3226 1532 3269 sta-

520 3288 745 3342 tuert‘sne
766 3302 813 3342 te
832 3292 967 3344 mihi
983 3292 1444 3345 contradicturum.
1463 3297 1535 3347 Ut

521 3386 579 3423 ut
626 3374 723 3439 sit,
767 3392 953 3426 sensus
1001 3388 1113 3427 est:
1158 3374 1375 3427 Etiamsi
1421 3393 1532 3426 non

520 3450 731 3517 duello,
756 3450 851 3505 sed
873 3455 929 3505 in
949 3452 1155 3524 judicio
1178 3456 1301 3525 juce
1322 3468 1375 3507 et
1399 3452 1532 3527 legi-

518 3532 622 3585 bus
646 3532 713 3587 de
738 3546 917 3587 nostra
940 3538 1133 3589 virtute
1158 3548 1211 3588 et
1233 3538 1446 3608 praemio
1472 3534 1535 3587 li-

522 3610 797 3685 tigandum
839 3627 1007 3681 esset,
1046 3632 1112 3667 au
1150 3630 1211 3668 tu
1250 3618 1373 3667 item
1390 3654 1405 3682 ,
1441 3616 1535 3687 qui

523 3690 775 3747 adversus
805 3712 889 3746 me
920 3696 975 3745 in
1007 3693 1213 3765 judicio
1252 3705 1389 3747 stare
1420 3712 1532 3745 non

521 3784 708 3843 potes,
742 3772 842 3825 nisi
870 3774 1023 3824 venia
1051 3790 1084 3825 a
1111 3786 1331 3844 praetore
1364 3775 1535 3845 impe-

523 3862 691 3918 trata,
716 3853 960 3903 statueris
985 3864 1037 3903 te
1062 3850 1189 3904 mihi
1210 3852 1408 3904 dicenti
1433 3872 1534 3923 op-

522 3948 723 4000 ponere
740 3968 757 3995 ,
782 3944 835 3982 et
858 3948 1037 3982 verum
1064 3948 1251 4003 parare
1280 3930 1534 3983 adversa-

524 4013 701 4064 rium?
738 4011 797 4064 id
837 4024 1047 4079 autem,
1080 4014 1285 4084 inquit,
1324 4013 1534 4082 gravius

526 4094 725 4145 crimen
756 4096 854 4161 sit,
883 4108 985 4147 etc.
1019 4095 1199 4147 AEnon.
1230 4095 1539 4147 Status-usne

526 4182 707 4223 contra
720 4172 919 4244 fiacus,-
940 4174 1027 4226 dic
1049 4174 1262 4225 utrum?
1278 4171 1532 4227 Obrecht.

1685 3074 1733 3107 2.
1755 3054 1968 3108 Discede
1985 3052 2049 3105 de
2066 3054 2222 3105 domo
2241 3070 2373 3103 mea.
2401 3051 2526 3101 Haec
2545 3064 2630 3102 est

1611 3152 1790 3205 graecae
1821 3131 2173 3185 abdicationis
2206 3128 2436 3183 formula
2451 3167 2469 3195 ,
2501 3147 2628 3179 mu-

1613 3227 1762 3265 tuata
1807 3232 1870 3266 ex
1915 3230 2136 3265 romana
2181 3208 2392 3281 repudii
2425 3230 2438 3259 t
2483 3208 2630 3259 infra

1613 3292 1848 3346 Declam.
1873 3292 2113 3346 CCLXH.
2141 3290 2239 3344 Cui
2267 3308 2372 3341 non
2403 3288 2627 3339 omnino

1614 3376 1866 3430 absimilis
1887 3388 1938 3427 et
1957 3374 2074 3437 illa,
2096 3362 2199 3446 iiim
2219 3372 2456 3423 amicitiae
2475 3388 2628 3421 more

1613 3457 1874 3526 majorum
1887 3451 2293 3518 dirimebantur,
2307 3460 2368 3501 ut
2381 3460 2462 3501 est
2479 3448 2632 3520 apud

1614 3536 1784 3586 Tacit.
1809 3532 1999 3585 Annal.
2027 3529 2118 3583 lib.
2140 3533 2210 3583 Vl
2225 3567 2242 3595 ‚
2269 3530 2422 3599 cujus
2445 3545 2632 3580 exem-

1613 3611 1702 3685 pla
1729 3614 1771 3665 si
1796 3614 1915 3684 quis
1939 3612 2204 3682 requirat,
2227 3608 2456 3680 reperiet
2479 3605 2632 3678 apud

1617 3692 1928 3745 Suetonium
1949 3692 2006 3741 in
2029 3693 2271 3759 Augusto
2289 3686 2390 3753 66,
2411 3686 2544 3739 Caio
2563 3685 2598 3738 3
2611 3723 2632 3753 ,

1617 3784 1669 3823 et
1693 3770 1760 3823 de
1782 3768 2082 3822 illustribus
2107 3769 2399 3821 Grammat.
2423 3767 2482 3817 in
2499 3766 2636 3818 Cur-

1617 3853 1718 3915 tio,
1739 3850 1888 3900 Nicia
1903 3886 1920 3915 ‚
1937 3847 2110 3899 valer.
2133 3848 2276 3898 Max.
2298 3844 2390 3897 lib.
2407 3844 2476 3908 V,
2495 3860 2544 3895 c.
2568 3846 2602 3898 8
2617 3883 2636 3911 ‚

1615 3928 1706 3981 ubi
1725 3926 1956 3980 formula
1979 3926 2116 3979 haec:
2145 3950 2168 3973 ο
2185 3926 2428 3977 Protinus
2447 3942 2478 3975 e
2499 3942 2636 3977 con-

1621 4036 1644 4057 ·
1667 4024 1852 4082 spectu
1867 4028 1988 4062 meo
2003 4008 2169 4061 filium
2183 4007 2328 4059 abire
2335 4004 2497 4076 jubes
2508 4030 2560 4071 ,ι
2583 4020 2638 4059 et

1617 4093 1748 4146 alios
1765 4104 2026 4155 auctores,
2043 4108 2268 4161 quorum
2283 4086 2370 4139 hic
2386 4087 2541 4139 locos
2559 4106 2642 4140 as·

1617 4170 1819 4224 cribet-e
1833 4169 1963 4223 nihil
1979 4188 2116 4242 opus
2131 4186 2248 4221 esse
2263 4168 2464 4239 putavi.
2483 4168 2638 4221 Prrm
