2855 4871
563 402 1398 471 DECLAMATIONES.
1448 404 1820 470 CCXCIV.
2120 404 2233 471 181

1219 671 1318 691 m

1612 670 2089 693 mmmm
2094 670 2237 693 m

953 872 1447 951 CCXCIV.

792 1106 988 1176 Dives
1014 1104 1424 1204 proditionis
1451 1129 1620 1176 reus.

165 1310 312 1369 Vino
337 1328 520 1369 ron-rt
551 1327 857 1368 vammum
877 1319 918 1366 ¹.
943 1306 1160 1381 Dives,
1201 1304 1583 1387 proditionis
1615 1318 1965 1384 accusatus,
2008 1308 2255 1371 fortiter

233 1406 406 1467 fecit:
454 1408 617 1491 petit
655 1405 896 1487 praemii
934 1406 1192 1465 nomine
1212 1405 1603 1465 accusatoris
1640 1421 1940 1467 mortem:
1983 1407 2085 1468 ille
2120 1430 2256 1469 non

233 1518 504 1579 recusat3
530 1502 636 1565 sed
659 1503 960 1587 postulat,
985 1516 1056 1563 ut
1078 1516 1218 1563 ante
1241 1516 1574 1585 peragatur
1592 1500 1921 1585 judicium.

1021 1687 1388 1755 SERMO.

247 1856 604 1919 Accusator
629 1851 720 1916 sic
737 1872 933 1939 agere
955 1848 1189 1932 debet,
1215 1867 1291 1915 ut
1315 1851 1741 1916 manifestum
1764 1849 1876 1931 sit,
1904 1850 2087 1916 illum
2112 1868 2254 1916 tan-

169 1976 296 2024 tum
329 1957 720 2047 reipublicae
763 1980 960 2023 causa
995 1957 1374 2045 postulare:
1419 1980 1556 2023 non
1596 1958 1750 2047 quia
1792 1980 1929 2022 non
1968 1960 2051 2023 sit
2088 1957 2255 2023 illud

171 2090 384 2132 verum
405 2117 424 2147 ‚
456 2084 534 2133 ut
557 2067 611 2131 si
637 2064 1081 2147 damnaverit,
1111 2068 1324 2131 vivat:
1353 2065 1473 2133 sed
1505 2066 1657 2157 quia
1684 2064 2019 2132 difficilius
2044 2068 2256 2155 impe-

172 2190 442 2239 traturus
469 2190 570 2239 est
587 2222 605 2253 ,
636 2174 688 2238 si
715 2173 1088 2239 intellectus
1113 2173 1313 2239 fuerit
1336 2174 1521 2239 nullo
1535 2174 1690 2267 jure
1712 2173 1820 2265 adj
1832 2174 2013 2241 uvari
2038 2196 2254 2265 posse.

852 2369 1555 2438 DECLAMATIO.

260 2527 324 2599 si
359 2549 428 2599 te
465 2525 888 2626 proditorem
922 2550 1156 2627 postea
1192 2528 1555 2620 dixissem,
1594 2556 1813 2629 quam
1848 2552 1926 2603 tu
1959 2551 2255 2602 mortem

175 2669 404 2715 meam
428 2664 753 2742 optasses,
777 2644 1048 2717 viderer
1077 2667 1315 2719 tamen
1346 2668 1414 2718 et
1438 2671 1585 2718 rem
1608 2646 1855 2718 utilem
1876 2644 2255 2744 postulare,

175 2777 240 2828 et
259 2784 400 2828 non
422 2779 652 2832 contra
671 2758 899 2857 legem
919 2779 1116 2833 tuam
1136 2760 1749 2852 desiderare.Quid
1764 2760 1959 2832 enim
1975 2757 2263 2860 optasti?

175 2895 461 2946 mortem
487 2876 926 2967 accusatoriS,
961 2876 1045 2949 de
1069 2905 1208 2978 qua
1237 2877 1320 2950 lis
1343 2904 1490 2949 non
1521 2897 1656 2951 est:
1695 2875 1870 2948 nihil
1896 2896 2033 2968 est,
2067 2875 2261 2976 quod

175 2990 250 3061 ad
277 2991 653 3090 praemium
677 2992 1073 3092 confugias:
1103 2994 1285 3066 nihil
1311 3013 1412 3066 est
1429 3051 1447 3083 ‚
1473 2992 1661 3090 quod
1694 2992 1903 3066 utaris
1928 2991 2101 3092 legis
2123 3011 2256 3062 tuae

175 3127 518 3204 potestate.
557 3107 716 3178 Non
759 3133 1033 3198 recuso,
1078 3135 1217 3206 quo
1253 3108 1493 3182 minus
1530 3106 1868 3208 accipiam,
1912 3104 2261 3206 quidquid

177 3221 408 3318 optasti
435 3249 450 3292 :
479 3220 658 3292 nihil
689 3220 937 3320 petiisti
965 3243 1206 3323 praeter
1231 3243 1526 3295 mortem
1551 3251 1565 3294 :
1594 3223 1649 3295 si
1682 3222 1895 3322 exigis
1912 3279 1931 3314 ‚
1959 3243 2039 3294 ut
2061 3247 2261 3294 accu-

177 3356 340 3407 sator
372 3335 614 3408 statim
649 3337 1020 3429 occidatur,
1055 3339 1346 3412 alterum
1384 3338 1749 3438 praemium
1779 3337 1975 3437 petis,
1999 3340 2092 3408 At
2115 3337 2260 3408 haec

177 3449 490 3522 voluntas
517 3449 651 3522 fuit
672 3472 804 3524 tuae
834 3453 1225 3552 petitionis:
1259 3452 1438 3524 nihil
1461 3453 1769 3542 interest,
1804 3451 1859 3523 si
1883 3450 2110 3542 illam,
2136 3451 2260 3549 qui

181 3563 430 3636 dabant
452 3568 857 3664 praemium,
886 3567 1408 3665 ignoraverunt:
1439 3587 1506 3639 et
1530 3566 1687 3639 ideo
1712 3565 1843 3637 tibi
1864 3593 2077 3638 nemo
2103 3592 2263 3638 con-

182 3681 480 3773 tradixit,
518 3683 708 3779 quod
730 3682 1095 3755 videbatur
1125 3711 1449 3784 purgasse
1483 3683 1987 3756 contumeliam
2020 3704 2214 3755 tuam
2241 3709 2257 3750 ε

177 3797 342 3870 nihil
373 3797 506 3871 tihi
541 3797 648 3871 lex
676 3799 1078 3898 profuisset,
1113 3802 1166 3873 si
1201 3801 1656 3874 abolitionem
1688 3799 2019 3899 petiisses,
2056 3800 2259 3870 Nunc

245 3985 283 4018 1-
329 3971 462 4023 Viro
491 3969 650 4042 forti.
696 3969 812 4025 Viri
841 3970 1000 4042 fortis
1035 3988 1174 4042 proe-
1253 3971 1467 4038 Pithoni,
1491 3971 1755 4043 Via-fortis
1772 3969 1936 4033 dives,
1954 3964 2267 4041 proditionis

178 4046 326 4100 mium
345 4087 366 4116 ,
393 4050 716 4106 Thaddaeus.
755 4050 1002 4105 AErodius
1037 4054 1175 4105 forte
1254 4063 1521 4105 accusatus
1539 4047 1943 4122 fortiter-''eciss
1974 4047 2063 4098 cui
2088 4057 2267 4117 potest

177 4134 360 4185 mnia·
375 4155 389 4184 :
419 4133 552 4190 Viro
563 4131 704 4204 soni
721 4133 1014 4207 praemium.
1039 4133 1177 4188 Nam
1255 4131 1467 4205 placore
1482 4135 1507 4184 ‘1'
1527 4133 1765 4184 θειοιιον.
