2855 4871
595 428 680 519 96
1097 428 1191 491 M.
1239 426 1491 491 FABu
1538 424 2177 512 QUINTILIANI
2258 420 2269 429 ‘

594 577 1026 625 remanerem
1048 606 1066 639 ‚
1103 571 1181 622 ut
1213 576 1431 623 essem
1459 548 1860 622 vobiscum:
1900 551 2021 623 sed
2054 572 2133 624 ut
2169 552 2537 651 probarem
2574 580 2687 625 me

591 671 1038 742 innocentem
1055 722 1074 755 ‚
1101 664 1278 736 nihil
1301 685 1540 737 contra
1563 666 1857 764 patriam
1890 694 2126 739 meam
2150 694 2293 740 esse
2319 668 2683 740 molitum:

505 838 518 845 ν
593 804 660 857 et
698 808 890 855 nunc
928 808 1073 853 non
1112 800 1212 853 est
1243 780 1440 871 satiS‚
1476 780 1531 851 si
1570 780 1749 853 mihi
1790 780 2186 880 ignovistis‚
2222 783 2279 854 si
2316 810 2431 854 me
2470 783 2687 855 civem

591 921 890 973 vestrum
939 896 1221 998 publica
1271 896 1639 968 necessitas
1682 896 1870 968 fecit.
1928 898 2077 995 Ego
2123 925 2281 970 vero
2332 898 2389 971 si
2443 897 2687 970 merito

593 1017 963 1089 damnatus
989 1040 1148 1087 sum
1171 1070 1190 1101 ‚
1225 1012 1280 1084 si
1309 1013 1480 1113 quid
1514 1013 1648 1086 tale
1668 1071 1687 1104 ‚
1724 1012 1929 1111 quale
1962 1035 2199 1087 contra
2229 1042 2343 1087 me
2372 1042 2691 1116 pronun-

591 1134 848 1206 ciatum
877 1150 1013 1220 est,
1048 1128 1220 1217 feci3
1262 1154 1408 1199 non
1449 1148 1607 1200 utor
1647 1128 1773 1199 isto
1807 1126 2196 1201 beneficio:
2242 1156 2388 1203 non
2428 1152 2535 1201 est
2565 1155 2687 1228 pro

595 1275 749 1336 me,
784 1244 903 1318 sed
935 1266 1038 1317 est
1063 1269 1189 1343 pro
1217 1242 1519 1315 civitate.
1554 1242 1939 1314 Homicidii
1974 1242 2381 1335 damnatus,
2416 1242 2687 1316 etiamsi

591 1366 839 1439 merito
879 1361 1264 1451 exsulabat,
1308 1360 1364 1433 si
1411 1380 1767 1434 revocatus
1805 1381 1947 1451 est,
1996 1382 2221 1460 potest
2260 1360 2347 1433 de
2390 1388 2475 1433 eo
2512 1360 2687 1443 dici,

593 1482 754 1555 satis
793 1478 987 1553 dedit
1021 1502 1386 1577 poenarum
1427 1505 1445 1548 :
1486 1476 1622 1549 alia
1647 1476 1903 1550 scelera
1930 1476 2147 1549 finem
2180 1475 2689 1576 suppliciorum

588 1594 1150 1695 acceperint.Vos
1164 1591 1591 1692 proditorem
1604 1590 1677 1663 in
1694 1591 1961 1665 civitate
1978 1590 2215 1663 sinetis
2228 1588 2410 1663 esse?
2438 1592 2689 1683 Quum

589 1714 788 1787 toties
813 1710 1002 1784 bella
1036 1708 1502 1781 interveniant
1538 1710 1709 1805 (non
1744 1708 1903 1781 dico
1937 1707 2025 1781 de
2048 1728 2351 1781 extremo
2380 1705 2507 1779 illo
2544 1707 2689 1779 dis-

589 1826 912 1923 crimine)
951 1824 1220 1898 tantine
1253 1844 1358 1896 est
1388 1844 1615 1896 metus
1653 1822 2077 1924 quisquam?
2106 1844 2247 1896 toto
2280 1821 2526 1895 animo
2562 1822 2689 1895 ad-

589 1972 820 2019 versus
853 1942 1122 2016 hostem
1162 1941 1298 2013 nisi
1318 1998 1338 2028 ‚
1373 1967 1520 2013 non
1552 1940 1969 2040 respicietis?
2005 1967 2151 2013 non
2190 1938 2691 2041 expavescetis?

591 2084 693 2135 est
742 2088 866 2161 pro
917 2058 1296 2159 republica.
1353 2055 1491 2129 Sed
1537 2056 1949 2129 accusatoris
1992 2055 2164 2156 quid
2210 2054 2537 2128 interest?
2576 2074 2691 2127 aut

589 2174 767 2275 quid
790 2194 923 2262 est,
964 2199 1088 2244 cur
1125 2170 1468 2270 iniquiore
1508 2170 1909 2243 conditione
1945 2169 2255 2243 dicturus
2282 2196 2443 2241 sum
2478 2168 2687 2243 hodie

589 2316 904 2377 causam,
933 2314 1148 2384 quam
1171 2306 1372 2357 antea
1397 2284 1579 2357 dixi?
1602 2306 1757 2357 tum
1784 2282 2124 2357 detulerat
2146 2311 2345 2373 eum,
2374 2284 2491 2355 cui
2515 2283 2687 2354 nihil

591 2404 799 2508 objici
837 2423 1108 2504 posset:
1154 2400 1362 2474 hodie
1404 2400 1627 2504 defert
1668 2400 2104 2483 damnatum.
2138 2403 2291 2473 Hoc
2331 2400 2405 2473 in
2445 2398 2688 2501 primis

593 2522 769 2596 mihi
803 2521 1120 2624 objiciet,
1158 2519 1348 2618 quod
1379 2540 1624 2592 contra
1655 2545 1771 2590 me
1797 2518 2171 2592 sententias
2206 2517 2496 2590 tulerint
2527 2543 2687 2589 san-

587 2639 873 2713 ctissimi
898 2637 1205 2739 judica,
1238 2636 1429 2733 quod
1462 2637 1891 2736 proditorem
1926 2661 2043 2708 me
2081 2663 2223 2710 esse
2256 2637 2686 2736 pronuncia-

589 2757 842 2830 verint:
868 2755 1180 2858 objiciat,
1202 2775 1268 2826 et
1283 2754 1380 2826 sic
1398 2753 1799 2842 defendam.
1826 2755 1916 2826 Et
1931 2780 2021 2826 ne
2042 2755 2199 2852 quis
2222 2780 2370 2844 me,
2382 2753 2685 2853 judices,

591 2873 683 2944 sic
707 2871 944 2942 audiat
961 2927 979 2958 ,
1003 2892 1364 2969 tamquam
1391 2895 1521 2968 ego
1546 2869 1631 2942 de
1662 2869 1770 2940 his
1800 2896 2071 2968 querar,
2097 2870 2231 2969 qui,
2255 2867 2685 2969 pronuncia·-

592 3007 879 3057 verunt:
917 2985 972 3054 si
1005 2982 1189 3055 istud
1212 2983 1637 3056 invidiosum
1661 2983 2022 3083 judicibus
2052 3004 2263 3073 esset,
2289 3002 2565 3082 poterat
2590 2981 2687 3055 vi-

590 3099 738 3172 deri
787 3125 930 3169 non
979 3098 1328 3170 immerito
1371 3099 1660 3197 praemio
1702 3125 1863 3172 meo
1908 3099 2161 3199 aliquis
2198 3100 2469 3172 obstare
2509 3127 2525 3171 :
2570 3096 2685 3172 sed

592 3241 734 3288 non
759 3240 1032 3312 semper
1043 3211 1372 3315 judicum
1397 3213 1606 3315 culpa
1625 3237 1758 3302 est,
1786 3241 2011 3313 quum
2037 3215 2374 3287 innocens
2397 3214 2689 3294 damna-

587 3352 698 3403 tus
719 3328 848 3402 erit
869 3357 882 3400 :
903 3327 1282 3427 aliquando
1303 3328 1491 3400 testis
1510 3329 2011 3428 corrumpitur:
2036 3329 2417 3429 aliquando
2436 3355 2685 3428 parum

590 3445 956 3543 diligenter
975 3470 1180 3516 causa
1203 3442 1641 3515 defenditur:
1670 3443 2054 3541 aliquando
2074 3472 2191 3517 reo
2216 3467 2422 3519 nocet
2446 3467 2517 3518 et
2540 3446 2687 3544 ipsa

591 3561 871 3636 fiducia.
893 3559 1125 3632 Vultis
1149 3559 1321 3632 scire
1356 3559 1490 3633 hoc
1524 3587 1665 3632 non
1705 3560 2049 3659 pertinere
2072 3563 2161 3634 ad
2179 3563 2517 3664 judicum
2550 3588 2686 3661 pu·-

590 3675 874 3750 dorem?
905 3701 1116 3746 nemo
1149 3675 1588 3767 contradicit,
1622 3675 1758 3748 nisi
1792 3699 2167 3750 accusator.
