2855 4871
596 456 725 524 ΜΗ

1164 452 1704 519 CALPURNII
1750 452 2096 516 FLACCI

593 576 793 665 dere,
830 601 1045 674 quam
1074 573 1310 673 paullo
1338 594 1497 644 ante
1525 572 1927 667 laudaveris.
1955 573 2364 646 Cavendum
2389 573 2513 645 tibi
2537 596 2661 665 est,

589 720 680 765 ne
724 692 780 764 si
822 692 1077 779 victus,
1120 712 1197 761 ut
1238 710 1400 761 sunt
1435 688 1868 789 judiciorum
1913 690 2209 780 incerta,
2253 689 2658 779 discesseriS,

592 806 840 877 dicaris
873 804 1171 905 judici0‚
1204 830 1484 903 quoque
1527 802 1622 875 sic
1659 805 1971 893 cessisse,
2005 805 2201 904 quasi
2233 806 2513 903 proemio
2534 833 2551 876 t
2575 806 2661 877 sic

512 990 526 997 ,
590 941 691 991 est
740 918 1011 990 livoris¹
1063 917 1466 1016 ingenium:
1513 916 1762 988 omnia
1806 917 2284 1015 suspicantur,
2327 918 2446 1015 qui
2497 917 2660 991 nihil

591 1033 911 1105 audiunt.
974 1034 1113 1103 Das
1157 1029 1419 1103 amanti
1471 1030 1834 1103 solatium:
1875 1033 2083 1104 affers
2123 1032 2200 1103 in
2238 1060 2476 1105 amore
2503 1047 2526 1077 ²
2571 1033 2660 1104 vel

581 1145 923 1247 jurgium.

667 1352 711 1387 ι.
736 1334 825 1387 Sic
850 1345 923 1386 est
949 1332 1138 1386 livoris.
1168 1334 1417 1384 Francius
1447 1330 1593 1403 lege—

586 1414 711 1480 bat,
745 1413 841 1466 hoc
872 1425 945 1465 est
980 1412 1156 1465 livoris
1190 1412 1479 1484 ingenium.
1523 1439 1596 1450 —

590 1494 785 1545 Omnia
819 1492 1163 1559 suspicantur,
1198 1492 1289 1563 qui
1322 1490 1461 1541 nihil
1494 1509 1595 1540 au-

584 1572 755 1623 diunt.
785 1568 1008 1621 Videtur
1038 1569 1365 1621 intercidisse
1400 1567 1592 1633 etiam,

586 1664 647 1705 ut
670 1652 854 1715 fuerit,
878 1650 1039 1701 etiam
1062 1651 1153 1720 qui
1178 1647 1316 1700 nihil
1336 1646 1561 1699 audiunt
1577 1670 1592 1697 .-

584 1732 686 1783 nisi
708 1748 808 1801 pro
827 1728 952 1802 qui,
972 1729 1207 1801 quamvis
1224 1747 1240 1776 .·
1266 1726 1503 1799 quamvis
1521 1724 1596 1775 ni-

588 1808 669 1861 hil
689 1809 922 1861 audiant.
948 1810 1025 1860 Ita
1050 1820 1102 1859 et
1122 1804 1355 1857 Declam.
1380 1804 1590 1855 XXVII.

586 1888 805 1942 Senum.
823 1888 870 1937 N
876 1906 946 1939 on
967 1886 1211 1952 feliciter‚‘
1233 1898 1289 1936 ut
1307 1896 1440 1956 puto
1452 1921 1469 1950 ‚
1481 1901 1596 1935 rem

583 1968 853 2039 perspexit
883 1967 960 2018 vir
990 1964 1215 2016 doctus:
1260 1980 1445 2017 sensus
1483 1974 1592 2025 est,

586 2046 831 2099 homines
857 2048 949 2116 qui
972 2046 1029 2096 in
1056 2063 1114 2097 re
1137 2045 1321 2095 infami
1344 2040 1477 2093 nihil
1499 2060 1596 2093 au-

584 2125 739 2179 diunt
762 2116 992 2189 certum,
1015 2142 1115 2176 nec
1138 2135 1363 2195 possunt
1386 2123 1595 2193 opinio-

584 2222 708 2255 nem
754 2202 853 2255 sibi
898 2200 1211 2253 confirmare
1233 2238 1250 2268 ,
1292 2198 1594 2251 rumoribus

585 2282 668 2335 vel
693 2283 962 2333 levissimis
988 2280 1247 2332 obnoxios
1272 2297 1415 2345 esse,
1437 2292 1490 2330 et
1510 2297 1598 2349 pe-

582 2361 789 2437 joribus
810 2362 1123 2413 commentis
1144 2360 1299 2411 fidem
1314 2357 1596 2424 adhibere,

588 2461 778 2513 nempe
828 2441 969 2493 fama
1015 2464 1036 2488 α
1062 2440 1171 2492 ficti
1218 2432 1467 2511 pravique
1516 2451 1596 2490 te-

596 2547 618 2568 ιι
638 2539 758 2574 nax.
778 2544 799 2568 a
827 2523 942 2572 AEn.
967 2522 1053 2586 lv,
1082 2520 1197 2573 188.
1214 2518 1303 2572 Nil
1316 2519 1474 2589 igitur
1487 2536 1598 2572 mu-

590 2601 809 2655 tandum
832 2619 1042 2654 censeo.
1068 2602 1161 2651 En.

663 2699 713 2733 2.
741 2679 919 2752 Affers
946 2681 1003 2732 in
1032 2697 1209 2732 amore
1236 2677 1319 2731 vel
1334 2677 1592 2752 jurgium.

589 2759 782 2812 Sensus
798 2759 987 2830 aliquis
1004 2774 1082 2811 est
1094 2797 1110 2826 .,
1129 2759 1293 2830 affers
1306 2777 1403 2829 pro
1422 2775 1597 2808 amore

590 2841 767 2892 volens
787 2841 1045 2913 jur-qiam.
1083 2838 1370 2907 Quomodo
1403 2836 1596 2889 Decla-

590 2920 823 2969 matione
855 2917 1072 2985 Quintil.
1111 2915 1394 2969 CCLXXI:
1450 2939 1472 2960 α
1495 2915 1596 2966 Ubi

598 3016 621 3044 οι
640 2995 771 3046 mihi
798 2994 1100 3047 vindicandi
1132 3010 1255 3048 sunt
1290 2997 1509 3060 fratres,
1544 3007 1595 3046 et

598 3097 621 3121 ι
643 3071 749 3122 duo
782 3074 966 3126 fratres
982 3113 999 3138 ‚
1032 3094 1139 3126 non
1172 3073 1460 3146 pugnabo?
1485 3090 1596 3124 non

598 3175 623 3201 a
643 3151 823 3203 volens
845 3151 963 3222 (vel
988 3171 1128 3203 nunc
1162 3152 1385 3224 legitur)
1416 3152 1596 3204 discri-

599 3254 623 3281 «ι
644 3249 763 3282 men
789 3231 904 3282 vitae
937 3229 1163 3282 subibo?
1182 3252 1203 3275 ιι
1236 3231 1411 3282 Simile
1445 3249 1596 3282 men-

594 3307 723 3362 dum
745 3307 938 3362 insedit
958 3307 1102 3362 Deci.
1129 3307 1381 3375 GCLXX,
1406 3307 1499 3360 ubi
1521 3312 1597 3361 sic

1673 1330 1878 1387 editur:
1923 1356 1944 1380 α
1965 1334 2120 1386 Nunc
2153 1332 2286 1386 illud
2321 1338 2509 1408 utique
2545 1338 2663 1389 inter

1679 1436 1702 1459 a
1722 1432 1805 1464 me
1843 1424 1898 1465 et
1937 1426 2144 1483 partem
2183 1413 2450 1467 diversam
2492 1434 2665 1468 conve-

1681 1514 1704 1538 ι
1723 1492 1858 1557 niat,
1880 1509 2095 1543 necesse
2121 1506 2227 1557 est,
2251 1511 2360 1543 non
2380 1512 2538 1564 posse
2559 1514 2664 1546 eu-

1683 1592 1704 1615 ·
1725 1570 1994 1635 accusari,
2027 1572 2119 1640 qui
2157 1590 2294 1623 unus
2330 1572 2417 1624 ve}
2453 1574 2665 1625 attulerit

1681 1670 1705 1693 ι
1724 1660 1947 1700 mortem
1970 1651 2239 1711 nocentis,
2263 1652 2307 1702 si
2333 1652 2430 1703 erit
2454 1670 2588 1704 unus
2611 1672 2668 1703 ex

1681 1749 1704 1774 α
1723 1726 1830 1793 his,
1854 1726 1920 1778 de
1945 1726 2138 1797 quibus
2162 1726 2324 1800 paulo
2351 1743 2474 1781 ante
2501 1730 2666 1803 loque-

1681 1829 1703 1851 «
1722 1805 1928 1871 bamur,
1951 1805 2035 1857 vel
2069 1820 2367 1869 accusator,
2391 1808 2475 1860 vel
2504 1813 2670 1875 testis,

1681 1908 1704 1931 a
1723 1884 1804 1937 vel
1838 1883 2036 1956 judex,
2062 1884 2144 1937 vel
2175 1885 2352 1938 index.
2389 1890 2522 1957 Qun
2553 1891 2670 1940 sotis

1675 1978 1830 2017 erunt
1865 1964 2004 2017 clara
2037 1978 2092 2017 et
2122 1968 2440 2037 perspicua,
2473 1970 2516 2019 si
2551 1988 2672 2021 unus

1674 2042 1957 2097 inducatur
1981 2066 1992 2095 =
2041 2044 2186 2116 quod
2231 2064 2297 2096 ex
2339 2046 2670 2118 sequentibus

1673 2122 1782 2174 huc
1805 2124 2073 2193 migravit:
2095 2124 2178 2176 vel
2203 2136 2256 2175 et
2277 2143 2379 2195 pro
2403 2126 2504 2197 qui
2523 2144 2666 2189 unias,

1675 2214 1964 2271 reponatur
2009 2204 2308 2275 quicunque
2353 2203 2376 2273 (
2397 2204 2490 2255 sed
2539 2208 2668 2276 prius

1675 2283 1840 2349 magis
1865 2280 2071 2353 placet)
2095 2295 2146 2333 et
2169 2300 2334 2353 porro
2355 2284 2577 2355 legatur,
2595 2305 2669 2339 vo-

1677 2359 1784 2413 lens
1819 2362 2057 2414 attulerit
2091 2373 2308 2415 mortem
2344 2366 2570 2417 nocenti.
2603 2370 2670 2419 lta

1675 2442 1865 2510 mirum
1889 2442 2112 2506 nemini,
2136 2455 2228 2492 aut
2253 2447 2558 2497 temeritatis
2577 2445 2672 2497 cui-

1675 2539 1754 2590 pae
1787 2523 2084 2591 proximum
2113 2519 2276 2573 dehet
2301 2523 2499 2590 videri,
2527 2528 2568 2576 si
2593 2525 2669 2576 hic

1629 2601 1642 2620 ⁸
1677 2618 1741 2650 ex
1795 2598 1914 2666 vel,
1972 2597 2146 2652 volens
2195 2601 2397 2654 fecero.
2453 2605 2670 2674 Qus-i

1679 2680 1834 2730 etiam
1849 2716 1865 2744 ‚
1898 2679 1990 2751 qui
2026 2678 2221 2747 inferre
2257 2680 2316 2732 in
2351 2701 2532 2735 amon
2563 2685 2671 2738 velis

1659 2758 1917 2829 jur-qiam.
1944 2756 2011 2807 In
2035 2776 2212 2808 amore
2231 2773 2440 2827 autem,
2461 2777 2520 2814 ut
2537 2763 2668 2815 Deci.

1674 2837 1872 2888 XXVI:
1903 2859 1926 2883 e
1947 2838 2056 2889 Hos
2079 2838 2220 2888 enim
2247 2859 2450 2909 pueros
2475 2845 2532 2894 in
2556 2844 2670 2914 ipsis

1681 2938 1703 2960 a
1723 2917 1884 2967 sacris
1899 2913 2058 2967 deum
2074 2928 2126 2967 et
2141 2916 2399 2972 altaribus
2415 2920 2664 2974 educas-i.-

1675 2993 1836 3062 Quod
1858 3013 1956 3066 per
1975 2995 2112 3047 inter
2127 2997 2286 3048 effert
2301 2999 2494 3051 sustin.
2515 3004 2592 3065 w,
2611 3001 2668 3064 8,

1675 3074 1742 3124 de
1757 3074 2128 3144 Epaminonda
2153 3075 2385 3148 loquens
2403 3101 2418 3130 :
2451 3103 2474 3126 ι
2493 3082 2554 3132 Ut
2575 3082 2672 3130 mi·-

1681 3172 1704 3197 α
1723 3150 1888 3202 rabile
1915 3150 2210 3218 videretur,
2245 3154 2392 3207 unde
2423 3171 2518 3208 tam
2543 3156 2672 3208 insi-

1681 3253 1704 3276 ·
1725 3231 1839 3300 gnis
1863 3229 2056 3282 militie
2079 3233 2302 3286 scientia
2325 3233 2517 3288 homini
2537 3237 2672 3288 intet-

1684 3330 1707 3354 α
1725 3307 1925 3360 litteras
1947 3321 2092 3360 nato.
2116 3332 2138 3356 ιι
2168 3312 2392 3365 Senum-r.
