2855 4871
643 390 1478 457 DECLAMATIONES.
1529 393 1922 459 CCCXIII.
2197 400 2320 465 263

197 541 533 591 errorem
568 514 975 590 accusatoris
1008 515 1257 618 punire
1285 518 1506 591 vellet.
1549 522 1842 619 Oportet
1873 546 2016 593 esse
2046 522 2122 593 in
2151 523 2324 595 civi-

194 654 355 706 tate
388 654 461 705 et
481 654 940 705 accusatores:
970 633 1235 731 alioqui
1266 635 1510 705 omnia
1533 634 1906 706 mittuntur
1929 636 2018 707 ad
2041 664 2320 729 manus,

196 749 479 821 omnia
505 749 883 829 mittuntur
904 748 991 821 ad
1020 750 1319 824 serrum:
1350 776 1472 849 per
1497 768 1567 821 se
1593 750 1958 822 'difficilem
1981 753 2322 825 rationem

199 864 553 938 vindictae
584 886 651 937 et
684 862 1329 957 ultionisfacimus,
1368 890 1563 964 paene
1601 865 1952 939 licentiam
1997 886 2323 965 grassato-

196 982 421 1054 ribus
466 1002 536 1054 et
574 982 959 1055 latronibus
1006 982 1287 1073 damus,
1332 984 1522 1081 qu'od
1566 1010 1777 1057 nemo
1819 1010 2138 1057 accusare
2173 986 2322 1057 sine

200 1094 541 1197 periculo
567 1097 805 1195 capitis
828 1097 935 1169 sui
959 1116 1199 1195 potest.
1220 1097 1356 1168 Sed
1374 1118 1613 1170 tamen
1636 1099 1958 1171 adversus
1981 1098 2126 1171 haec
2145 1100 2326 1171 illud

200 1214 630 1287 remedium
653 1234 761 1285 est
778 1270 797 1304 ‚
818 1214 1009 1312 quod
1033 1235 1386 1286 aecusator
1402 1216 1661 1314 cogitat
1678 1273 1694 1304 ,
1727 1215 1900 1313 quid
1931 1215 2324 1315 objecturus

200 1330 341 1403 sit:
380 1328 443 1401 si
478 1353 573 1402 ne
598 1330 731 1404 hoc
766 1331 1054 1427 quidem
1084 1331 1393 1429 prodest,
1426 1332 1679 1404 vidisse
1707 1332 1978 1429 aliquid
2012 1332 2086 1403 in
2116 1358 2336 1421 acen-⁴

200 1448 526 1536 satione,
550 1466 824 1520 motum
848 1471 991 1519 esse
1010 1449 1491 1547 probabilibus
1515 1477 1682 1549 argu
1694 1451 1963 1537 mentis,
1993 1450 2068 1520 in
2099 1470 2322 1522 totum

194 1559 488 1663 judicia
536 1562 665 1634 ista
712 1552 1037 1635 tollemus
1081 1590 1095 1632 :
1153 1563 1345 1635 hunc
1400 1585 1636 1637 autem
1689 1564 2018 1636 habuisse
2040 1621 2057 1654 ,
2111 1590 2323 1661 quare

202 1696 602 1768 accusant,
631 1678 891 1751 credite
905 1677 1297 1781 judicibus,
1326 1680 1449 1776 qui
1475 1680 2004 1752 damnaverunt.
2029 1680 2166 1752 Hic
2196 1678 2325 1750 ini:-

206 1794 453 1867 micus
494 1822 508 1865 :
554 1794 725 1891 quid
767 1794 909 1887 illi,
952 1796 1075 1894 qui
1118 1796 1631 1893 cognoverunt?
1677 1822 1816 1895 quo
1853 1794 2058 1866 vultis
2102 1800 2323 1893 motos

204 1934 357 1982 esse
380 1909 663 2010 judices
682 1968 700 2001 ‚
733 1932 809 1981 ut
830 1910 1287 1983 damnarent?
1309 1938 1455 1983 non
1477 1912 1671 1983 enim
1701 1912 1872 1982 moti
1905 1932 2067 1981 sunt
2093 1931 2325 1982 aucto-

208 2028 423 2099 ritate
468 2027 691 2125 ipsius
732 2028 1178 2119 accusatoris,
1222 2028 1652 2127 argumentis
1697 2027 1865 2099 moti
1903 2046 2106 2099 sunt:
2143 2026 2320 2116 illis,

208 2142 605 2231 credimus,
626 2144 911 2216 testibus
938 2145 1108 2217 moti
1134 2166 1332 2216 sunt:
1360 2145 1486 2216 hos
1513 2143 1948 2215 habebamus
1967 2158 2011 2213 ¹.
2039 2144 2127 2213 Et
2143 2138 2320 2212 mihi

206 2260 501 2332 videtur
540 2258 699 2331 ide'o
740 2260 1111 2332 constituta
1150 2286 1291 2333 esse
1332 2262 1476 2350 lex,
1522 2288 1676 2358 quae
1717 2260 2130 2331 damnatum
2174 2275 2326 2355 post

214 2373 661 2446 tricesimum
678 2372 1131 2472 diem-puniri
1145 2374 1391 2448 voluit:
1419 2376 1756 2473 quoniam
1771 2374 2048 2445 videbat
2063 2372 2324 2470 legum-

210 2491 395 2563 lator
423 2517 623 2588 posse
654 2491 803 2562 fieri
824 2547 843 2579 ,
873 2513 953 2562 ut
979 2492 1412 2591 deciperetur
1439 2512 1827 2562 accusator:
1869 2491 2106 2586 itaque
2135 2489 2282 2587 ejus
2301 2544 2319 2576 ,

216 2607 525 2706 quinon
556 2606 982 2698 damnasset,
1012 2629 1418 2707 praesentem
1445 2627 1723 2706 poenam
1751 2633 1890 2677 esse
1913 2605 2317 2675 voluerunt:

220 2783 355 2834 mo,
385 2777 493 2818 m
514 2770 738 2843 iniquam.
764 2770 1008 2823 Gitonem·
1036 2771 1235 2822 Passim
1316 2770 1405 2842 qui
1448 2786 1554 2821 non
1591 2767 1914 2832 damnasset,
1949 2763 2104 2817 nulla
2136 2762 2321 2836 dilatio

216 2845 305 2900 11ae
318 2863 485 2898 voces
498 2848 891 2901 confusavide
912 2847 979 2900 ad
994 2847 1230 2902 Declam.
1314 2859 1412 2915 est,
1438 2849 1715 2900 AErod.‘-
1739 2849 1848 2900 Lex
1867 2848 2012 2920 prius
2033 2843 2191 2896 etiam
2219 2863 2320 2916 ap-

214 2929 349 2994 vn,
376 2927 445 2992 43
476 2939 529 2978 et
555 2927 719 2979 Gron.
750 2927 819 2979 ad
843 2931 955 2980 Liv.
982 2928 1231 2994 XXVIII,
1310 2927 1536 3002 probari.
1578 2921 1851 2979 AErodius:
1893 2924 2026 2978 Vult
2060 2923 2144 2975 lex
2173 2925 2323 2994 prius

218 3023 321 3078 ²93
352 3021 411 3059 et
439 3008 537 3058 inf.
562 3007 708 3060 Deci.
738 3007 1026 3060 cccxvu.
1063 3009 1229 3062 anr.
1314 3022 1461 3059 reum
1511 3006 1801 3078 approbari.
1853 3003 2112 3072 Legamus
2139 3024 2150 3052 ε
2203 3002 2323 3053 Hoc

214 3113 291 3128 --
313 3087 431 3138 Per
447 3103 503 3137 :e
522 3083 815 3157 difficilem.
846 3089 953 3139 Per
972 3104 1097 3139 saue
1122 3087 1234 3160 dif—
1315 3089 1457 3139 enim
1482 3084 1598 3137 vult
1621 3085 1730 3152 lex,
1751 3086 1898 3157 prius
1915 3101 2022 3135 rem
2046 3082 2324 3156 appr-obuii

204 3163 451 3236 fieilem5
483 3178 535 3216 et
561 3167 634 3216 ita
662 3167 893 3218 Cicero
879 3185 933 3216 m
967 3165 1233 3237 Epistolis.
1316 3167 1415 3238 ipsi
1459 3167 1762 3218 accusatori.
1811 3163 1978 3216 (ἕπου.
2023 3161 2192 3231 Quasi
2243 3158 2324 3211 di-

215 3243 449 3295 Samum
470 3271 541 3282 -
568 3243 621 3297 V
616 3244 827 3296 tndwtoe
846 3257 897 3296 et
920 3244 1133 3298 ultionis
1143 3246 1237 3317 fa·
1316 3257 1427 3310 cat,
1447 3247 1586 3298 Dum
1606 3244 1690 3298 lex
1705 3245 1862 3315 punit
1880 3242 2213 3294 temerarium
2237 3257 2322 3290 ac-

218 3323 407 3376 cimus.
434 3321 719 3375 AErodius·
706 3363 719 3373 .
754 3323 823 3376 V
802 3323 1010 3376 mdtctoe
1030 3321 1237 3396 diffie-i·
1318 3337 1643 3390 amatorem,
1673 3325 1770 3376 etsi
1801 3323 1985 3375 demus
2015 3317 2160 3372 hunc
2193 3337 2321 3372 nos-

216 3399 673 3472 liomnfact‘mus.
693 3401 837 3470 Quid
856 3405 929 3454 si·
951 3403 1239 3474 Per-sedas·
1316 3418 1458 3456 trum
1491 3403 1578 3455 illa
1610 3403 1726 3472 lege
1762 3419 1870 3454 non
1909 3397 2323 3471 comprehendi,

207 3479 423 3573 ficilem
450 3481 709 3533 rationem
732 3481 972 3534 vindictoe
998 3493 1049 3534 et
1072 3480 1237 3534 ultio-
1318 3485 1444 3556 quia
1477 3500 1626 3534 reum
1665 3499 1818 3532 suum
1855 3478 2157 3544 damnavit,
2200 3477 2324 3528 licet

220 3562 301 3614 nis
316 3557 573 3630 fecimus.
598 3559 835 3612 Gnouov.
1317 3576 1498 3614 revera
1509 3563 1850 3613 innocentem
1860 3569 2088 3628 ‚utpost
2103 3575 2166 3608 ex
2177 3555 2322 3606 facto

298 3656 349 3691 ι.
376 3639 491 3691 Hos
508 3639 833 3692 habebamus.
862 3641 997 3710 Quos
1022 3621 1241 3691 habeba-

220 3738 372 3788 mus,
392 3721 576 3773 AEaeod.
596 3720 800 3773 Schult.
816 3722 1239 3774 *Tricesimum

220 3801 382 3854 διεπι-
428 3801 765 3854 Tricesimum
805 3803 1015 3854 ὀεηιιιηι
1058 3801 1197 3853 diem
1215 3843 1235 3869 ,

220 3883 576 3936 francias.—
586 3879 849 3954 Quoniam
863 3885 1082 3935 videbat.
1102 3883 1237 3953 Quia

224 3965 385 4016 modo
402 3963 637 4029 videbat,
662 3975 757 4017 etc.
778 3959 1057 4032 accusator,
1080 3963 1235 4017 modo

224 4049 288 4090 ut
306 4039 724 4095 calumniaretur
746 4046 919 4096 statim
947 4047 1055 4116 ejus
1085 4061 1235 4114 quem

228 4118 521 4174 damnasset
553 4141 608 4192 p.
641 4141 695 4192 p.
730 4143 771 4172 e.
802 4121 1104 4184 voluerunt,
1130 4125 1238 4192 ejus

1318 3642 1600 3713 apparuit,
1631 3655 1740 3692 non
1773 3651 1950 3690 tamen
1983 3655 2106 3688 eum
2135 3635 2322 3705 punit,

1320 3724 1413 3796 qui
1438 3721 1700 3793 probabili
1727 3723 1930 3772 ratione
1957 3719 2099 3769 venit
2131 3716 2200 3767 ad
2235 3733 2324 3765 ac-

1320 3801 1631 3854 cusandum.
1652 3803 1768 3853 Hoc
1786 3803 1927 3853 enim
1943 3801 1999 3849 in
2019 3807 2324 3848 accusatore

1316 3881 1399 3936 lex
1420 3883 1682 3955 postulat,
1703 3896 1763 3934 ut
1783 3880 1927 3954 quod
1947 3881 2020 3930 ait
2038 3891 2218 3930 coram
2237 3879 2322 3946 j'u-

1316 3962 1466 4028 dice,
1499 3963 1556 4014 id
1585 3962 1728 4033 apud
1761 3977 1817 4012 se
1855 3959 2002 4030 prius
2035 3955 2238 4028 judicet
2269 3967 2324 4006 et

1316 4041 1538 4113 probet,
1565 4044 1709 4109 justa
1743 4057 1810 4089 ne
1843 4055 2003 4089 causa
2027 4035 2110 4086 vel
2138 4033 2320 4086 dolore

1320 4133 1604 4171 moveatur.
1633 4117 1812 4168 AEuon.
