2855 4871
586 432 713 518 576
1158 427 1696 492 CALPURNII
1743 428 2088 493 FLACCI

2579 636 2632 675 Q

2026 678 2652 701 mmmm

1395 930 1403 937 .
1463 852 1762 936 XXX.

1032 1057 1263 1155 Nepos
1289 1078 1375 1152 ex
1406 1058 1819 1126 meretricio¹
1853 1070 2207 1154 susceptus.

572 1246 693 1323 Qui
720 1242 991 1305 habebat
1007 1241 1198 1316 filios»,
1221 1240 1417 1322 frugi,
1437 1254 1499 1301 et
1517 1239 1937 1314 luxuriosum,
1964 1240 2042 1299 ab
2065 1262 2278 1301 amore
2293 1251 2317 1281 2
2338 1246 2648 1304 meretricis

650 1343 975 1406 abdicavit.
1012 1340 1341 1400 Abdicatus
1373 1360 1436 1399 se
1469 1339 1545 1398 ad
1581 1340 1961 1398 meretricem
1988 1340 2269 1400 contulit.
2312 1340 2446 1401 Illic
2475 1364 2646 1424 quum

654 1453 953 1521 aegrotare
992 1437 1301 1517 coepisset,
1340 1436 1508 1494 misit
1541 1434 1620 1493 ad
1654 1448 1892 1516 patrem
1913 1479 1931 1509 ,
1973 1449 2034 1495 et
2074 1436 2534 1497 commendavit
2569 1438 2648 1497 illi

654 1533 855 1595 filium
886 1533 961 1593 de
986 1534 1300 1592 meretrice
1328 1545 1708 1613 susceptum,
1733 1552 1986 1612 rogam,
2009 1546 2080 1592 ut
2102 1554 2242 1591 eum
2271 1536 2335 1592 in
2362 1534 2648 1595 familiam

653 1633 943 1715 recipiat,
986 1644 1046 1691 et
1080 1632 1273 1691 obiit:
1315 1630 1449 1692 vult
1485 1629 1664 1689 illum
1701 1650 1883 1689 senex
1925 1631 1992 1689 in
2031 1629 2342 1691 familiam
2382 1635 2646 1715 recipere.

650 1732 811 1791 Reus
833 1744 921 1791 est
946 1728 1119 1789 alteri
1140 1728 1279 1789 filio
1302 1728 1645 1788 dementiae.

1257 1914 1589 1961 CONTRA
1640 1914 1980 1961 PATREM.

668 2044 960 2115 Necesse
986 2060 1113 2128 est,
1140 2066 1255 2110 me
1279 2037 1487 2110 hodie
1511 2040 1583 2109 in
1606 2064 1813 2109 causa
1836 2036 2139 2137 amplius
2163 2037 2394 2110 dolere
2409 2096 2428 2129 ,
2449 2067 2648 2139 quam

574 2158 823 2230 dicere.
859 2153 1025 2228 Pius
1064 2176 1163 2227 est
1197 2154 1345 2226 sine
1388 2152 1602 2224 dubio
1644 2152 1866 2243 filius,
1903 2152 2023 2250 qui
2069 2154 2140 2224 in
2184 2175 2376 2252 patre
2413 2156 2650 2227 mentis

574 2299 876 2345 errorem
920 2270 1165 2342 morbo
1209 2269 1440 2368 potius
1481 2268 1820 2367 assignat,
1866 2291 1932 2341 et
1969 2271 2160 2355 fato,
2203 2297 2420 2368 quam
2463 2270 2650 2342 mori-

567 2384 747 2461 bus³
771 2414 784 2458 ε
809 2384 1201 2458 miseranda
1230 2385 1462 2484 potius
1493 2383 1565 2455 in
1594 2410 1753 2457 meo
1777 2404 1965 2484 patre
1983 2442 2002 2476 ,
2033 2411 2247 2483 quam
2279 2386 2650 2458 accusanda

462 2558 471 2572 Ι
573 2501 922 2578 dementia
948 2521 1066 2573 est.
1098 2500 1410 2573 Multum
1442 2521 1659 2598 potest
1685 2499 2062 2588 abdicatio,
2089 2527 2315 2600 quum
2337 2502 2646 2573 timetur:

573 2643 723 2720 post
754 2647 831 2693 ex
866 2619 1130 2721 pudore
1150 2619 1303 2720 jam
1333 2617 1613 2690 liberius
1643 2639 1928 2690 erratur.
1959 2621 2103 2690 Vos
2136 2618 2523 2718 interrogo,
2544 2619 2650 2718 ju-

572 2736 757 2808 dices
777 2792 794 2825 ,
826 2755 1064 2807 utrum
1096 2735 1185 2807 sit
1214 2761 1458 2823 sanuS,
1498 2733 1622 2830 qui
1657 2754 1724 2806 et
1751 2759 1911 2804 suos
1945 2731 2254 2822 abdicat,
2286 2754 2352 2804 et
2385 2735 2649 2832 adoptat

570 2853 872 2924 alienos:
914 2849 1196 2948 adoptio
1230 2869 1465 2920 sancta
1498 2875 1603 2920 res
1637 2868 1736 2919 est
1767 2847 2094 2946 quidem,
2129 2873 2285 2945 quae
2327 2848 2648 2920 beneficia

651 3055 693 3087 1.
726 3037 813 3087 Ex
843 3038 1146 3089 meretricio.
1186 3033 1540 3105 Schultingius
1559 3071 1574 3100 ,
1655 3047 1742 3086 tur
1765 3035 2108 3086 Germanicus
2141 3033 2210 3085 ad
2239 3025 2432 3084 &ilites
2465 3031 2646 3084 tumul-

570 3133 635 3170 εκ
657 3114 935 3176 meretrici,
964 3133 1062 3186 pro
1086 3115 1381 3174 meretrice,
1408 3113 1500 3166 sed
1523 3127 1578 3164 et
1655 3125 1892 3179 tuentes,
1911 3115 2036 3164 Tac.
2069 3115 2206 3164 Anu.
2234 3114 2256 3162 1
2269 3112 2408 3182 3,9,
2435 3129 2492 3163 1:
2525 3114 2648 3162 -Fe-

568 3194 949 3258 meretricium,
992 3209 1050 3246 ut
1089 3193 1409 3246 lenocinium
1448 3195 1578 3246 dixit
1663 3194 1870 3246 uralem
1905 3197 2182 3263 increpans
2215 3193 2452 3256 rabiem,
2493 3212 2647 3263 neque

570 3275 711 3328 Suet.
736 3269 901 3344 Calig.
930 3271 1033 3324 XL.
1060 3272 1144 3322 Ex
1166 3273 1453 3324 meretricio
1468 3292 1576 3326 sus-
1662 3273 1959 3340 «militum‚
1985 3274 2078 3326 sed
2113 3273 2272 3325 deum
2305 3277 2380 3325 ira
2417 3292 2646 3344 resurge-

560 3353 743 3424 ‘eeptus
760 3369 884 3403 vero
904 3349 1132 3416 dictum,
1147 3362 1207 3400 ut
1221 3348 1367 3400 Decl.
1386 3349 1570 3401 XLIV:
1662 3372 1776 3404 ιιι-ο.
1801 3351 2007 3424 »Apud
2033 3352 2276 3405 eumdem
2304 3367 2574 3404 auctorem
2595 3353 2648 3402 si-

576 3455 598 3478 «
618 3433 696 3482 De
729 3441 885 3502 raptu
915 3428 1092 3500 puella
1125 3428 1372 3500 concepit
1399 3440 1451 3478 et
1479 3447 1574 3499 pe·
1655 3431 1804 3498 mile,
1819 3433 1949 3482 nist.
1968 3435 2055 3497 lv,
2077 3449 2170 3500 7,2
2187 3434 2236 3484 8.
2254 3433 2474 3484 Senum.
2497 3431 2646 3484 Simili

577 3531 597 3554 ιι
616 3510 771 3579 perit.
796 3532 817 3555 ι
847 3509 1015 3558 Bnnm.
1653 3529 1810 3562 sensu
1850 3510 2042 3562 Fabius
2083 3514 2252 3562 instit.
2289 3513 2416 3578 vn,
2450 3512 2514 3577 4,
2549 3513 2642 3563 30:

642 3607 688 3641 2.
714 3589 787 3640 Et
810 3587 1129 3640 luxuriosum
1157 3588 1223 3638 ab
1248 3605 1442 3639 amore.
1473 3587 1574 3640 Le-
1659 3611 1682 3636 a
1703 3591 1865 3642 Actor
1897 3587 2172 3642 dementiae
2189 3629 2205 3656 ,
2244 3591 2414 3660 ipsius
2455 3593 2608 3660 patris
2630 3627 2644 3654 ,

565 3689 665 3742 go,
695 3682 744 3722 et
772 3668 1089 3721 luxuriosum
1106 3689 1121 3718 .·
1155 3667 1478 3720 luxuriosum
1505 3669 1570 3720 ob
1655 3694 1679 3717 a
1699 3685 1964 3741 tamquam
1985 3669 2292 3722 valetudine
2311 3671 2476 3743 lapsi,
2499 3673 2646 3722 mise-

564 3767 810 3801 amorem.
838 3750 982 3799 Pl‘ru·
1009 3748 1155 3812 Fuit,
1181 3746 1321 3798 hunc
1338 3748 1399 3798 ob
1421 3765 1570 3797 amo·-
1655 3774 1678 3797 α
1699 3765 1935 3802 reatur...
1961 3765 2012 3802 et
2033 3753 2317 3802 novissime
2341 3749 2646 3803 dementiam

562 3850 685 3883 rem.
700 3831 918 3882 Senum·-
938 3829 1013 3882 Ob
1025 3847 1253 3882 amorem
1268 3827 1564 3880 etiamobr.
1654 3854 1677 3879 α
1696 3835 1886 3885 rationi
1907 3832 2120 3886 obstare
2143 3846 2412 3903 queratur,
2427 3852 2536 3884 non
2549 3851 2646 3882 mo-

563 3913 720 3962 Forte
740 3949 757 3978 ,
803 3921 1013 3980 captum
1058 3927 1234 3962 amore
1274 3911 1564 3960 meretricis.
1655 3933 1676 3958 α
1696 3930 1813 3976 res,
1839 3929 1974 3982 quos
2003 3925 2204 3982 quanto
2237 3913 2404 3982 magis
2438 3915 2492 3964 iu
2523 3931 2646 3983 ρη-

564 3988 681 4040 vid.
709 3987 776 4040 ad
796 3988 949 4044 Ovid.
977 3990 1139 4060 Epist.
1166 3989 1281 4054 XV,
1306 3988 1391 4040 63.
1490 4010 1493 4012 ·
1653 4013 1673 4035 ι-
1696 3991 1906 4042 teritum
1931 3989 2250 4058 laudaverit,
2273 4004 2426 4044 tauto
2451 3991 2644 4042 facilius

635 4068 883 4121 &Morbo
898 4073 1072 4140 potius
1084 4069 1336 4143 assignat,
1352 4069 1561 4140 etfato,
1653 4093 1674 4118 α
1695 4071 1942 4143 probabit
1993 4072 2182 4126 morbo
2235 4092 2352 4126 esse
2403 4085 2640 4126 mutatos.

562 4166 717 4219 quam
734 4150 976 4203 moribus.
992 4150 1155 4203 Simili
1168 4149 1448 4222 prudentia
1465 4151 1563 4202 uti·
1651 4172 1674 4196 σι
1695 4163 1794 4202 etc.
1821 4173 1842 4196 n
1873 4151 1968 4201 En.
