2855 4871
598 373 724 439 328
1094 372 1185 436 M.
1234 371 1486 435 FABII
1529 371 2168 453 QUINTILIANI

534 521 539 524 ·
594 519 706 569 tus
736 498 881 597 ejus
906 497 1112 567 aetatis
1136 517 1237 568 est
1253 551 1273 584 ‚
1299 515 1378 566 ut
1400 495 1881 593 concupiscere
1911 495 2402 570 novos-liberos
2427 500 2663 597 possit:

594 639 682 683 ne
715 611 1151 684 fraternitatis
1188 609 1476 708 quidem
1511 609 1755 681 eadem
1779 611 1943 711 jura
1969 613 2202 684 futura
2239 635 2470 705 erant,
2507 615 2666 686 inter

594 748 738 800 tam
766 727 1191 799 dissonantes
1224 746 1509 822 tamque
1545 725 1912 797 discordes.
1943 727 2034 798 At
2059 753 2249 800 nunc
2283 729 2662 829 expellitur:

596 864 661 914 et
692 843 1029 941 quoniam
1054 842 1237 913 bona
1262 841 1398 912 fuit
1418 867 1708 913 noverca
1727 900 1746 931 ,
1773 868 1902 914 nec
1924 841 2174 915 liberos
2197 842 2528 916 habitura
2548 866 2664 932 est,

592 984 722 1029 nec
750 985 1002 1029 virum.

594 1215 2666 1239 mmmmmmmmmmmmmm5

1284 1399 1974 1477 CCCXXVIII.

1302 1630 1655 1702 Discordes
1671 1631 1952 1728 fratres,

591 1835 735 1898 Filii
758 1833 1009 1895 familiae
1030 1832 1157 1893 duo
1180 1831 1589 1893 adolescentes
1608 1831 1826 1893 fratres
1850 1833 2254 1895 dissidebant:
2270 1835 2490 1915 juncta
2509 1843 2664 1894 eraut

670 1954 887 1994 eorum
920 1932 1222 1993 cubicula.
1252 1931 1543 2009 Quodam
1575 1944 1851 2013 tempore
1885 1933 2094 1993 audito
2128 1932 2406 1993 tumultu
2435 1935 2502 1992 in
2526 1935 2663 1992 inte-

669 2035 831 2094 riore
854 2053 927 2114 pa
938 2044 1025 2091 rte
1043 2031 1295 2104 domus,
1316 2032 1486 2090 venit
1509 2043 1679 2112 pater
1697 2032 1765 2090 in
1785 2052 1926 2091 eum
1947 2031 2184 2108 locum,
2211 2033 2279 2092 in
2299 2053 2430 2114 quo
2452 2031 2664 2092 clamor

671 2145 829 2206 erat,
864 2130 1095 2188 invenit
1134 2129 1399 2188 alterum
1433 2149 1503 2188 ex
1539 2127 1684 2188 filiis
1721 2131 2007 2190 occisum.
2045 2129 2514 2190 cubicularium
2549 2129 2661 2208 ejus

670 2231 870 2302 torsit,
886 2243 945 2288 et
966 2228 1191 2288 occidit
1210 2231 1277 2287 in
1296 2230 1648 2288 tormentis:
1669 2229 1823 2308 quid
1841 2231 2234 2311 compererit,
2250 2229 2554 2289 incertum
2569 2239 2661 2286 est.

670 2326 1081 2406 Interrogavit
1114 2324 1289 2383 illum
1312 2323 1480 2385 filius
1505 2326 1656 2405 quid
1686 2329 2106 2408 comperisset:
2140 2347 2274 2386 non
2309 2325 2662 2386 indicantem

672 2423 982 2485 accusavit
1010 2423 1353 2484 dementiae.
1388 2423 1720 2503 Absolutus
1751 2440 1840 2486 est
1863 2438 2070 2508 pater:
2094 2424 2343 2507 juvenis
2369 2419 2660 2507 parricidii

673 2537 1022 2584 accusatur:
1047 2522 1215 2583 adest
1237 2523 1329 2583 illi
1356 2536 1417 2583 et
1439 2537 1625 2605 pater.

1431 2704 1844 2769 SERM01.

682 2855 801 2916 Rei
831 2854 1113 2941 persona
1140 2871 1291 2919 ante
1330 2855 1552 2919 omnia
1573 2855 1981 2933 infirmatur,
2018 2870 2086 2920 et
2115 2876 2388 2919 necesse
2427 2869 2528 2919 est
2559 2872 2664 2917 nos

592 2958 675 3022 ab
702 2982 775 3021 ea
801 2960 1113 3047 incipere.
1140 2962 1326 3025 Prius
1352 2984 1510 3050 ergo
1534 2961 1854 3026 sumimus
1878 2958 1976 3038 id,
2005 2958 2185 3048 quod
2211 2960 2396 3047 prius
2419 2957 2664 3024 videtur

404 3071 409 3081 '
499 3080 507 3085 ·
595 3086 735 3127 esse
782 3066 848 3127 in
898 3087 1199 3152 persona.
1243 3068 1578 3133 Occidisse
1629 3066 1869 3131 dicitur
1905 3067 2208 3147 fratrem,
2249 3064 2384 3130 hoc
2431 3062 2662 3129 etiamsi

592 3192 729 3234 non
754 3193 1106 3257 possumus
1132 3172 1425 3252 efficere,
1453 3191 1526 3239 ut
1545 3174 1860 3244 inrerum
1879 3190 2113 3237 natura
2137 3195 2271 3237 non
2300 3194 2446 3236 esse
2469 3168 2666 3235 videa·

591 3291 718 3359 tur,
749 3298 828 3340 eo
857 3292 1079 3341 tamen
1110 3278 1582 3366 perducemus,
1607 3296 1684 3344 ut
1710 3302 1846 3343 non
1874 3278 2066 3343 facile
2089 3275 2421 3343 credatur.

1283 3469 1982 3535 DECLAMATIO.

688 3627 1035 3729 Objicitur
1063 3656 1177 3702 reo
1204 3629 1543 3703 discordia
1567 3658 1727 3702 cum
1752 3630 1951 3701 fratre
1971 3686 1992 3720 ‚
2022 3649 2088 3701 et
2109 3628 2240 3701 hoc
2270 3627 2665 3727 priusquam

592 3744 679 3814 ad
716 3768 953 3815 causas
981 3746 1318 3843 pertineat
1349 3746 1750 3836 occidendi,
1785 3746 1871 3817 ad
1906 3745 2199 3817 crimina
2225 3768 2532 3842 personae
2557 3740 2666 3811 ad·

594 3862 982 3933 mittimus:
1029 3862 1372 3935 discordia
1418 3892 1581 3934 cum
1629 3864 1855 3935 fratre.
1907 3866 2087 3933 Ante
2131 3860 2369 3933 omnia
2391 3874 2444 3950 ²,
2483 3884 2660 3931 com-

670 4024 687 4057 1
704 4049 714 4058 .
736 4011 929 4063 Sermo.
956 4014 1111 4065 Hunc
1132 4015 1303 4065 omisit
1326 4012 1591 4066 AErodius.
1673 4013 1784 4065 nia.
1823 4012 2066 4065 AErodius
2087 4034 2099 4062 ε
2140 4030 2258 4063 cum
2288 4010 2478 4080 fratre.
2523 4002 2654 4057 Haud

668 4101 715 4135 a.
733 4086 997 4142 Discordia
1016 4111 1129 4144 cum
1146 4104 1310 4163 patre.
1332 4092 1470 4146 Ante
1489 4112 1594 4146 om·
1674 4094 1834 4147 dubie
1857 4108 2014 4149 recte.
2038 4093 2201 4158 Dein,
2225 4108 2500 4145 commune
2517 4085 2652 4140 male-
