2855 4871
628 458 1466 532 DECLAMATIONES.
1515 464 1892 530 CCXLVI.
2272 483 2312 548 9

1078 678 1444 744 SERMO.

300 839 577 921 Quoties
608 835 979 902 finiendum
1006 838 1157 916 erit,
1185 799 1473 925 primum
1499 838 1743 902 intueri
1767 836 2126 917 debebitis»,
2151 835 2312 926 quid

216 959 497 1034 utraque
516 967 671 1033 pars
689 945 881 1009 velit.
908 940 1185 1021 deinde,
1212 940 1282 1007 id
1302 942 1482 1034 quod
1507 945 1678 1022 vult,
1703 967 1902 1034 quam
1925 942 2312 1008 brevissime

215 1051 589 1138 complecti.
614 1052 837 1134 Quare
864 1065 1063 1138 negat
1084 1071 1417 1114 venenum
1447 1071 1590 1114 esse
1624 1051 1742 1139 qui
1773 1073 1898 1138 pro
1927 1071 2076 1114 reo¹
2115 1047 2317 1114 dicit?

218 1157 375 1245 quia
414 1180 553 1221 non
593 1154 951 1236 occiderit,
1000 1177 1223 1246 neque
1266 1155 1353 1220 sit
1398 1156 1840 1237 mortiferum.
1888 1156 2108 1238 Quare
2156 1152 2316 1220 dicit

216 1285 559 1328 venenum
583 1284 727 1328 esse
763 1263 876 1351 qui
908 1262 1211 1328 accusat?
1244 1261 1562 1350 quoniam
1593 1259 2156 1328 medicamentum
2193 1260 2310 1340 sit,

218 1383 289 1430 et
324 1365 569 1432 efficiat
603 1365 857 1457 aliquid
896 1383 1126 1433 contra
1164 1382 1487 1432 naturam.
1527 1369 1706 1458 Ergo
1744 1389 1879 1434 non
1919 1384 2020 1434 est
2057 1367 2210 1434 satis
2247 1363 2316 1430 id

216 1471 425 1538 modo
464 1471 675 1538 videri
720 1479 1097 1537 venenum²
1152 1471 1335 1562 quod
1388 1471 1647 1538 occidet
1677 1497 1694 1538 t
1745 1472 1861 1539 sed
1909 1473 2050 1540 haec
2094 1475 2316 1538 omnia

214 1601 479 1644 venena
514 1596 705 1645 sunt:
742 1577 826 1644 ad
858 1595 1038 1646 tuam
1075 1578 1351 1671 quidem
1384 1578 1757 1645 finitionem
1793 1581 1990 1646 etiam
2019 1579 2316 1644 mortife-

216 1708 369 1748 rum
388 1683 567 1749 istud
594 1685 735 1749 erit.
750 1687 918 1750 Nam
940 1708 1149 1776 quum
1178 1682 1244 1748 id
1270 1708 1530 1774 agereS,
1555 1701 1630 1749 ut
1656 1683 2062 1764 desererem,
2091 1683 2316 1749 deser-

217 1809 435 1854 torem
459 1811 657 1879 poena
684 1808 1018 1880 sequatur,
1047 1791 1244 1856 etiam
1276 1790 1341 1856 id
1372 1789 1553 1882 quod
1580 1789 1813 1858 deesse
1833 1791 1991 1858 huic
2014 1789 2314 1857 medioe-

216 1911 449 1961 mento
468 1894 823 1961 videbatur
836 1893 885 1975 3,
911 1893 1251 1988 adjiceres.

907 2047 1612 2113 DECLAMATIO.

318 2203 664 2276 Veneficii
692 2232 958 2280 accuso.
991 2207 1399 2280 veneficam
1437 2207 1623 2298 dico,
1656 2233 1812 2306 quae
1839 2233 2158 2307 soporem
2187 2207 2315 2320 de-

212 2319 343 2392 dit.
379 2319 589 2394 Unde
626 2321 806 2396 tibi
786 2349 861 2394 ιιι
896 2322 1025 2396 hos
1056 2351 1221 2396 usus
1260 2321 1574 2396 venena?
1608 2323 1880 2396 notiora
1919 2342 2083 2395 sunt
2119 2349 2312 2420 qu-ae-

216 2435 387 2507 dam
406 2435 749 2535 pernicie,
780 2458 849 2510 et
870 2439 1345 2538 experimento
1372 2435 2025 2539 deprehenduntur,
2041 2431 2214 2509 adeo
2235 2456 2318 2508 nt

144 2616 149 2623 .
213 2550 455 2650 aliqua
467 2553 747 2651 publice
766 2555 1037 2629 dentur.
1060 2556 1215 2628 Hoc
1230 2554 1401 2655 quid
1429 2576 1558 2643 εει,
1587 2556 1774 2655 quod
1791 2578 1866 2627 tu
1881 2556 1980 2626 vis
1993 2553 2312 2626 vocat-{in

214 2665 527 2766 tempus-04
553 2694 931 2761 venenum,
959 2697 1099 2768 quo
1122 2698 1325 2744 mens
1349 2672 1692 2757 aufertur,
1721 2696 1861 2769 quo
1891 2694 2140 2767 corpus
2169 2692 2315 2765 gra-

212 2803 453 2874 vatur,
481 2810 621 2883 quo
648 2788 971 2868 membra
994 2786 1405 2861 solvuntur?
1437 2790 1630 2887 Saepe
1660 2786 1734 2858 in
1769 2786 2022 2858 scelere
2047 2785 2314 2857 virtutis

212 2920 555 2973 est-nosse
586 2904 837 2975 veneni
870 2905 1199 2995 modum,
1235 2931 1315 2977 eo
1357 2903 1578 3002 magis
1614 2901 1803 3003 quod
1843 2899 2160 2975 videmus
2199 2926 2320 2975 co-.

212 3012 339 3112 pia
380 3034 721 3103 constare,
764 3018 954 3116 quod
1002 3036 1555 3120 temperamento
1595 3016 1950 3115 quodam,-
1991 3034 2072 3085 ιιι
2097 3034 2317 3085 stetur

210 3127 389 3202 citra
422 3150 720 3205 mortem
742 3131 791 3203 ⁵.
838 3134 909 3206 si
952 3134 1111 3233 quis
1158 3158 1484 3207 accusare
1527 3152 1591 3203 te
1631 3130 1950 3204 veneficii
1993 3129 2316 3201 voluisset

292 3344 339 3377 1.
384 3327 491 3397 Qm‘
530 3346 629 3400 pro
666 3350 766 3382 reo.
803 3332 973 3403 Lege,
1004 3350 1101 3405 pro
1138 3352 1223 3384 rea
1304 3330 1614 3402 Respondet
1637 3330 1761 3383 dein
1795 3332 1908 3400 ipse
1933 3328 2066 3381 sibi:
2097 3330 2151 3380 in
2181 3338 2313 3379 tem-

202 3408 453 3459 GROUOV-
1300 3429 1397 3483 pus
1437 3430 1690 3464 venenum
1733 3422 1822 3464 est.
1862 3410 2102 3461 Gnonov.
2141 3409 2280 3478 Lege
2297 3447 2313 3474 ‚

286 3504 339 3539 2.
372 3486 550 3540 Viden‘
566 3508 839 3544 tenentum.
863 3492 1001 3565 Lege
1014 3530 1030 3557 ‚
1054 3493 1225 3546 videre
1306 3490 1402 3542 hoc
1419 3492 1552 3564 quid
1567 3502 1666 3557 est,
1688 3489 1830 3561 quod
1849 3500 1904 3540 tu
1923 3508 2030 3541 non
2052 3490 2126 3540 vis
2141 3490 2318 3539 vocari

203 3584 285 3617 an
306 3568 401 3632 sit,
424 3578 707 3637 venenum,
729 3589 779 3643 q.
802 3588 849 3623 ο.
872 3570 957 3623 sed
972 3582 1023 3622 et
1041 3570 1139 3623 Ιιοσ
1152 3589 1223 3623 an
1306 3570 1596 3621 venenum?
1627 3570 1681 3619 in
1699 3579 1906 3641 ‘tempus
1929 3584 2181 3619 venenum
2219 3578 2307 3619 est.

204 3649 433 3699 omnino
457 3668 716 3702 venenum
752 3654 832 3703 sie.
866 3652 1083 3705 Scuutr.
1309 3648 1529 3701 Senum.

282 3726 339 3778 3.
363 3725 637 3801 Αιῇἰεεηε.
664 3729 831 3801 Lege,
863 3730 1116 3801 adjecisti,
1144 3730 1227 3783 vel
1379 3727 1430 3779 5.
1460 3726 1530 3779 Ut
1541 3738 1704 3779 stetur
1725 3728 1854 3779 citra
1872 3738 2108 3779 mortem.
2125 3726 2313 3791 Forte,

202 3802 374 3873 adjici
394 3806 557 3873 m'des,
594 3806 845 3879 intelligit
884 3822 1059 3862 autem
1084 3828 1224 3861 mor·
1302 3820 1548 3881 qustetur.
1579 3810 1843 3861 humus.
1881 3808 1950 3860 Ut
1977 3807 2126 3860 detur
2153 3809 2312 3873 citra,

206 3894 337 3933 tem.
357 3883 576 3938 Senar-
1302 3889 1556 3943 Obrecht.
1585 3890 1788 3943 Ludov.
1818 3888 2092 3945 d’Orleans
2116 3888 2183 3941 ad
2213 3890 2316 3940 Ta-

282 3960 331 4029 4.
351 3962 467 4017 Hoc
492 3962 633 4039 quid
656 3974 757 4027 ert,
790 3964 935 4035 quod
957 3976 1014 4015 tu
1036 3968 1109 4017 vis
1134 3986 1225 4018 vo·
1302 3974 1389 4022 cit.
1422 3974 1560 4023 Ann.
1587 3971 1712 4037 XII,
1756 3970 1888 4036 525,
1929 3968 2086 4043 legit,
2129 3981 2188 4022 ut
2224 3980 2317 4022 stet

198 4044 317 4095 cari
327 4045 381 4097 in
396 4056 621 4118 tempus.
644 4045 925 4117 Distingue
945 4060 997 4098 et
1017 4046 1218 4100 scribe:
1301 4052 1386 4103 via
1406 4054 1534 4105 citra
1560 4064 1779 4105 mortem
1792 4091 1808 4118 ‚
1827 4051 1920 4104 sed
1943 4070 2127 4103 omnes
2146 4050 2314 4102 credo

198 4122 317 4179 Hoc
349 4128 479 4201 quid
510 4128 627 4181 est?
656 4126 792 4199 quid
821 4138 875 4179 tu
913 4127 987 4180 m‘s
1014 4128 1225 4182 vocari?
1300 4130 1500 4184 frustra
1533 4153 1544 4182 ε
1591 4148 1779 4183 sensus
1817 4143 1924 4183 est:
1971 4132 2042 4182 Ut
2085 4132 2198 4199 ejus
2240 4132 2315 4180 vin
