2855 4871
603 436 1441 507 DECLAMATIONES.
1488 438 1827 507 chxV.
2178 464 2254 530 91

195 581 314 649 est,
331 559 448 658 qui
471 558 756 637 civitatis
775 560 1064 640 nomine
1091 560 1308 661 litigo.
1331 562 1467 635 Sed
1494 584 1719 637 totam
1742 564 1969 663 legem
1996 593 2038 637 a
2060 565 2264 640 nobis

198 702 334 773 pars
363 676 628 749 diversa
654 676 791 776 legi
823 675 1202 752 desiderat:
1235 676 1481 751 decem
1511 679 1764 770 millia,
1796 680 2060 781 inquit,
2094 680 2264 781 ipsi,

197 790 306 887 qui
329 790 652 891 injuriam
673 789 1040 889 acceperit,
1066 790 1310 869 decem
1341 791 1631 882 civitati3
1658 814 1727 867 et
1748 793 1881 867 hoc
1906 794 2265 868 excludere

199 924 391 980 tentat
409 905 754 986 civitatem
767 964 786 997 ‚
807 905 1000 1005 quod
1020 906 1168 1006 ‚ipse
1182 964 1200 998 ‚
1222 906 1345 1005 qui
1363 906 1703 1010 injuriam
1724 910 2063 1009 acceperit
2076 966 2096 998 ,
2122 938 2267 983 non

199 1018 426 1094 habeat
462 1022 832 1099 actionem.
885 1022 1070 1095 Sane
1109 1022 1693 1113 contumeliosus,
1742 1044 1811 1095 et
1856 1052 1981 1123 pro
2028 1044 2270 1097 caetera

201 1161 452 1213 morum
493 1164 787 1214 suorum
828 1138 1245 1237 petulantia,
1289 1137 1613 1214 adversus
1644 1139 2121 1237 magistratum
2146 1166 2269 1211 ve·-

201 1273 428 1341 strum,
453 1252 718 1344 audax,
741 1253 866 1353 qui
893 1254 1330 1353 praescribere
1353 1275 1571 1331 tentet
1595 1254 1881 1344 civitati,
1906 1276 2268 1354 tamquam

201 1366 656 1465 ignominiosae
694 1397 710 1441 :
771 1370 1014 1461 facile,
1069 1392 1147 1448 ut
1191 1372 1473 1471 opinor,
1524 1372 1901 1462 constabit,
1954 1371 2135 1445 nihil
2182 1370 2271 1443 ad

197 1505 477 1563 nostram
509 1486 862 1565 actionem
897 1488 1239 1587 pertinere
1258 1546 1278 1579 ,
1313 1516 1529 1587 quam
1552 1490 1781 1589 legem
1808 1489 2063 1563 babeat
2086 1490 2270 1589 ipse,

195 1597 304 1693 qui
337 1598 647 1697 pulsatus
689 1599 797 1678 sit.
830 1601 1324 1681 Existimemus
1363 1604 1557 1697 enirn
1594 1632 1735 1677 esse
1778 1604 2089 1704 aliquem
2126 1631 2273 1676 non

197 1711 732 1809 ignominiosum
767 1716 838 1795 in
863 1718 1126 1817 templo
1151 1718 1505 1821 pulsatum
1523 1776 1543 1809 ,
1568 1719 1689 1793 sod
1715 1720 1823 1792 vel
1847 1718 2119 1795 dedisse
2142 1718 2277 1791 hu-

189 1830 290 1933 jus
313 1830 586 1933 injurioe
608 1834 923 1923 veniam,
958 1834 1066 1911 vel
1093 1834 1232 1911 alio
1265 1835 1501 1935 aliquo
1534 1836 2039 1935 impedimento
2071 1862 2273 1936 agere

197 1946 522 2040 noluisse5
555 1977 730 2026 num
757 1951 912 2029 ideo
943 1977 1033 2026 ne
1061 1951 1296 2026 civitas
1331 1952 1674 2050 quidem
1643 1980 1764 2054 Jus
1791 1981 2002 2028 suum
2036 1954 2275 2027 tuebi-

197 2080 312 2151 tur,
345 2084 419 2142 ut
441 2066 692 2142 omnia
725 2066 1017 2165 impune
1049 2065 1324 2141 fecerit?
1367 2070 1637 2139 Verum
1679 2094 1767 2139 ne
1801 2067 1947 2169 ipse
1982 2048 2274 2167 quidem

195 2177 604 2257 adversarius
647 2203 920 2261 tantum
964 2184 1036 2257 in
1079 2182 1399 2283 exemplo
1438 2184 1713 2263 fiducia
1755 2184 2005 2276 babet,
2040 2212 2276 2283 quan·-

199 2314 330 2367 tum
361 2298 431 2373 in
459 2298 612 2399 ipsa
633 2298 904 2399 injuriae
927 2299 1491 2401 interpretatione
1520 2328 1537 2379 ε
1568 2328 1699 2374 nos
1720 2302 1913 2374 enirn
1941 2302 2279 2403 injuriam

196 2409 474 2492 dicimus
501 2441 680 2505 esse,
715 2414 908 2515 quod
941 2414 1495 2514 ignominiosum
1522 2416 1926 2518 pulsaverit,
1956 2416 2069 2490 cui
2103 2417 2277 2490 actio

199 2552 326 2602 non
369 2551 490 2604 est.
539 2533 726 2630 Ego,
765 2530 1075 2633 judiees,
1125 2531 1518 2632 plurimum
1564 2533 1893 2606 interesse
1926 2533 2277 2620 existimo,

203 2666 416 2726 utrum
447 2645 624 2747 iluid
654 2650 876 2724 facere
903 2648 1142 2737 liceat,
1172 2677 1262 2725 an
1288 2649 1643 2723 vindicare
1677 2677 1823 2722 non
1856 2649 2055 2721 liceat
2083 2675 2097 2718 ε
2134 2673 2279 2720 non

203 2761 374 2836 enim
415 2763 790 2852 continuo,
835 2765 894 2839 si
927 2765 1400 2863 ignominioso
1436 2765 1617 2838 actio
1664 2789 1809 2841 non
1850 2764 2079 2850 datur,
2124 2761 2285 2834 licet

200 2874 502 2954 adversus
543 2876 1140 2976 ignominiosum,
1173 2877 1365 2976 quod
1409 2877 1706 2977 quisque
1738 2875 1905 2949 velit
1940 2903 1957 2950 :
2006 2875 2137 2947 tale
2181 2896 2285 2948 est

199 2987 736 3088 ignominiosum
763 2991 1071 3093 pulsare,
1101 2992 1308 3092 quale
1341 2993 1610 3070 furtum
1642 2991 1793 3064 sine
1826 3001 1999 3064 teste
2024 2990 2280 3082 facere,

199 3125 269 3179 ut
303 3106 624 3186 damnari
665 3107 956 3207 quidem
994 3134 1140 3186 non
1177 3108 1433 3209 possit,
1470 3106 1835 3183 admittere
1866 3125 2103 3179 tamen
2138 3131 2283 3178 non

199 3217 523 3303 debuerit.
570 3223 772 3315 Quin
819 3251 901 3301 ex
941 3224 1076 3298 hoc
1119 3225 1305 3325 ipso,
1353 3225 1547 3325 quod
1592 3224 2063 3323 ignominioso
2110 3222 2283 3296 actio

201 3361 333 3412 non
355 3337 576 3434 datur,
601 3362 885 3440 apparet
901 3368 1046 3420 esse
1065 3341 1459 3442 reipublicae
1480 3341 1863 3420 actionem:
1890 3339 2065 3439 quid
2090 3337 2287 3412 enim

201 3450 298 3524 lex
341 3457 630 3556 eripuit,
678 3457 736 3528 si
785 3458 934 3558 ejus
975 3457 1272 3530 demum
1324 3458 1421 3531 rei
1469 3483 1613 3530 non
1662 3457 1857 3530 dedit
1900 3457 2284 3544 actionem,

201 3591 403 3665 quam
443 3571 672 3649 facere
717 3571 957 3649 licuit?
1002 3599 1149 3646 non
1182 3593 1419 3648 autem
1446 3573 1566 3674 jus
1599 3569 1931 3671 peccandi
1964 3570 2287 3645 adversus

203 3679 692 3779 ignominiosos
724 3685 913 3778 dari,
957 3713 1135 3776 nno,
1179 3709 1246 3760 et
1275 3686 1505 3779 brevi,
1546 3707 1613 3758 et
1650 3686 2020 3758 manifesto
2047 3683 2287 3756 videor

203 3821 600 3901 argumento
631 3801 1070 3904 probaturus.
1119 3802 1358 3896 Quem
1410 3745 1687 3902 ptilsare
1730 3801 1928 3893 licet,
1978 3798 2285 3872 occidere

201 3910 394 3988 licet:
379 3919 610 4017 ‘atqui
644 3919 1203 4018 ignominiosum
1233 3919 1288 3992 si
1317 3919 1475 4020 quis
1505 3919 1871 4009 occiderit,
1902 3915 2105 3989 caedis
2133 3914 2285 4012 lege

199 4029 578 4107 tenebitur.
625 4034 885 4134 quare?
924 4036 1262 4138 quoniam
1299 4035 1474 4107 actio
1516 4033 1731 4139 hujus
1775 4029 2154 4103 necessario
2196 4027 2284 4099 ad

205 4141 416 4218 alium
448 4149 748 4249 pertinet
776 4178 792 4223 ε
829 4173 1110 4251 apparet
1137 4179 1299 4249 ergo
1333 4178 1477 4224 non
1506 4150 1633 4224 tibi
1660 4145 1929 4247 aliquid
1959 4145 2285 4220 adversus
