2855 4871
603 424 1435 493 DECLAMATIONES.
1484 428 1867 496 CCCXXI.
2154 432 2275 497 301

175 550 326 623 haec
351 570 593 623 tamen
621 549 862 621 omnia
887 548 1196 621 accidere
1219 548 1433 620 etiam
1464 574 1545 619 ex
1572 549 1929 623 innocenti
1964 552 2281 625 convivio

174 686 512 764 possunt:
543 663 736 735 unde
766 690 926 762 ergo
956 663 1259 761 suspicio
1291 661 1438 735 est?
1468 663 1663 735 unde
1688 665 1827 738 illae
1854 666 2282 740 simultates?

174 780 378 851 unde
405 778 524 849 illa
551 776 933 849 discordia?
961 776 1185 851 Simul
1211 798 1277 849 et
1304 776 1481 849 illud
1506 804 1660 869 vos,
1680 779 1955 881 judices
1973 836 1991 870 ‚
2024 780 2281 853 intueri

173 912 454 991 oportet
480 950 498 981 ,
535 912 735 991 epota
767 890 976 991 hujus
1011 891 1286 990 potione
1306 949 1326 981 ‚
1356 893 1641 963 fratrem
1673 920 1915 965 meum
1950 895 2281 967 continuo

173 1008 470 1106 periisse
497 1034 520 1078 t
554 1004 696 1080 non
733 1026 956 1107 potest
989 1007 1204 1079 videri
1245 1034 1330 1079 eo
1358 1032 1627 1080 veneno
1665 1010 2003 1108 periisse‚·
2034 1012 2106 1082 in
2140 1037 2281 1109 quo

173 1146 340 1197 ante
387 1144 832 1196 momentum
877 1124 1124 1196 mortis
1165 1122 1470 1223 suspicio
1510 1126 1664 1197 fuit.
1702 1128 1971 1201 Verum
2014 1127 2159 1199 haec
2202 1154 2285 1199 ex

173 1238 591 1340 hujusmodi
647 1238 866 1309 causis
916 1260 1064 1310 orta
1108 1238 1452 1337 suspicio,
1503 1222 1977 1339 plenissimam
2036 1241 2284 1315 defen-

176 1356 396 1427 dendi
431 1354 688 1426 veneni
723 1355 1157 1426 occasionem
1191 1354 1422 1427 dedit:
1466 1356 1693 1455 prima
1728 1356 1881 1447 illa,
1902 1359 2111 1456 quod
2152 1359 2283 1431 ha-

175 1470 433 1559 bebas,
472 1470 582 1542 cui
615 1469 998 1570 objiceres:
1030 1469 1242 1544 altera
1283 1470 1443 1563 illa,
1488 1473 1679 1571 quod
1718 1472 2285 1576 qualemcunque

177 1586 540 1684 potionem
565 1600 582 1629 ¹
607 1604 1012 1685 accepturus
1033 1608 1174 1657 erat
1191 1587 1427 1674 frater,
1456 1589 1576 1659 etsi
1599 1587 1789 1661 illam
1812 1590 2071 1661 tristem
2100 1591 2250 1664 visu
2266 1650 2284 1683 ,

180 1704 300 1775 etsi
335 1702 530 1773 illam
563 1724 767 1801 gustu
797 1726 1112 1801 asperam
1137 1731 1156 1791 3
1189 1700 1583 1775 hibendum
1620 1726 1719 1777 est
1750 1727 1989 1779 tamen
2011 1765 2029 1797 ‚
2062 1735 2285 1807 quum

179 1818 372 1889 dicas
405 1817 826 1891 remedium.
867 1816 1002 1889 Sed
1035 1816 1208 1916 quid
1247 1842 1374 1915 ego
1415 1817 1717 1891 diutius?
1756 1820 1808 1891 si
1852 1848 2205 1893 venenum
2248 1849 2288 1894 a

181 1960 294 2005 me
329 1933 706 2031 accepisset
724 1989 745 2021 ‚
772 1954 848 2004 tu
877 1958 1220 2005 sanasses:
1257 1960 1424 2004 nam
1452 1954 1519 2005 et
1545 1933 1889 2032 pollicitus
1923 1962 2019 2008 es.
2044 1938 2287 2009 Habe-

179 2046 304 2119 bas
345 2048 945 2120 medicamentum
971 2106 990 2137 ,
1037 2069 1103 2120 et
1143 2048 1282 2119 tale
1321 2048 1920 2121 medicamentum
1969 2048 2243 2123 dicebas
2267 2107 2287 2139 ‚

183 2163 374 2261 quod
405 2189 622 2261 prope
655 2163 984 2235 reducere
1017 2163 1376 2263 spiritum,
1410 2190 1551 2263 quo
1584 2164 1720 2235 vita
1748 2166 1990 2263 reponi
2024 2185 2247 2263 posset
2267 2221 2285 2253 ‚

186 2306 325 2377 quo
343 2305 620 2381 venena
637 2280 1067 2379 fugarentur,
1083 2307 1223 2379 quo
1245 2280 1907 2353 transmitterentur:
1931 2280 2287 2380 potionem

189 2394 434 2468 dedisti
459 2453 478 2484 ‚
518 2414 640 2468 aut
681 2395 971 2468 remedii
1015 2416 1136 2468 aut
1173 2388 1471 2470 veneni:
1514 2397 1572 2470 si
1615 2397 1901 2470 remedii
1946 2396 2245 2472 dedisses
2269 2454 2287 2487 ,

187 2512 438 2584 viveret
461 2541 502 2600 ;-
522 2537 664 2582 non
705 2511 775 2582 id
819 2533 1138 2611 apparet3
1171 2539 1332 2611 ergo
1372 2539 1728 2586 venenum
1768 2514 2036 2586 dedisti.
2062 2513 2291 2584 Multa

189 2649 391 2714 sunt,
424 2627 736 2728 judices,
785 2654 942 2727 quae
989 2628 1226 2700 minus
1274 2628 1455 2701 clare
1500 2629 1725 2702 verbis
1771 2650 1983 2727 atque
2018 2628 2289 2698 actione

193 2741 482 2841 exprimi
525 2764 860 2840 possunt:
896 2743 1168 2814 utinam
1199 2743 1489 2842 quidem
1523 2743 1803 2814 fortuna
1840 2741 2249 2841 praestitisset
2270 2799 2288 2831 ,

194 2878 272 2930 ut
293 2859 500 2930 frater
517 2887 720 2931 meus
739 2859 1024 2933 viveret!
1051 2858 1503 2932 ostendissem
1524 2858 1721 2931 vobis
1740 2848 2095 2932 medicum
2116 2887 2131 2929 z
2158 2857 2291 2929 hoc

193 2975 382 3046 enim
431 2996 591 3046 ante
635 2976 876 3047 omnia
916 2976 1114 3066 dico,
1154 2975 1469 3076 judiceS,
1506 2973 1907 3045 medicum:
1947 2972 2291 3045 ostendis-

193 3103 376 3161 sem²
413 3089 774 3189 potionem
813 3091 991 3162 hanc
1031 3118 1176 3162 non
1217 3089 1737 3188 quotidianam,
1772 3111 1840 3162 et
1876 3115 2015 3188 qua
2049 3115 2292 3164 omnes

193 3205 496 3295 utimur,
519 3207 640 3278 sed
667 3207 1192 3280 medicamentis
1217 3207 1631 3305 permixtam
1656 3227 1720 3277 et
1748 3227 2133 3279 oneratam.
2157 3209 2294 3276 Dat

193 3421 460 3472 Francius.
511 3449 580 3459 ——
624 3421 956 3493 Defendendz‘
997 3425 1200 3474 veneni.
1277 3438 1443 3492 prope
1488 3421 1723 3472 reducere
1761 3419 2019 3490 spiritum.
2068 3417 2249 3472 Scribe
2276 3441 2291 3468 ι

193 3501 476 3573 Deferendi
501 3522 548 3553 ν.
575 3502 756 3554 AErod.

269 3601 316 3636 ι.
359 3584 518 3654 Quod
559 3582 875 3656 qualemque
909 3583 1202 3653 potionem.

196 3664 408 3717 Scribo:
435 3666 578 3737 quod
596 3663 1007 3738 qualemcunque
1025 3666 1201 3735 potio-

195 3763 312 3796 nem
339 3755 644 3814 accepturus
663 3755 775 3796 erat
787 3743 987 3815 frater,
1017 3743 1109 3794 etsi
1133 3741 1204 3792 il·-

197 3821 303 3873 lam
339 3825 529 3874 tristem
570 3825 714 3888 visu,
746 3823 838 3874 etsi
869 3820 1020 3872 illam
1049 3831 1206 3893 gustu

196 3922 443 3974 asperam.
469 3903 634 3954 Grion.
667 3903 1096 3974 Qualemcunque
1119 3921 1204 3954 re·-

197 3986 338 4056 cepit
359 3985 489 4038 Obr.
517 3983 610 4037 sed
629 3987 672 4036 si
687 3997 738 4036 et
757 3985 886 4036 retin
894 3985 986 4035 uit.
1002 3986 1201 4034 —Me-

199 4063 546 4114 dic-amentum
561 4073 610 4114 et
627 4063 744 4115 tale.
757 4063 1200 4114 Medicamentum

201 4151 264 4193 ut
304 4142 530 4204 dicebat,
573 4161 712 4214 quo,
757 4141 936 4195 AErod.
979 4171 1051 4182 —-—
1091 4143 1202 4212 Quo

1279 3501 1422 3573 quod
1446 3519 1611 3573 prope
1640 3503 1871 3553 reducere
1896 3500 2163 3572 spiritum,
2190 3517 2291 3572 quo

1281 3581 1390 3631 vita
1417 3582 1600 3653 reponi
1618 3593 1799 3652 posset.
1827 3581 1990 3631 Gnon.
2018 3583 2287 3634 Francius.

1285 3659 1402 3728 Quo
1420 3677 1642 3730 propere
1662 3659 1873 3725 ducere,
1897 3657 2077 3710 AErod.

1349 3754 1395 3787 η.
1407 3736 1903 3802 ludices-,medicum
1917 3758 1931 3785 .·
1950 3738 2289 3791 ostendissem.

1281 3819 1523 3884 Judices,
1546 3818 1809 3870 medicum
1834 3819 2172 3870 ostendissem.
2194 3816 2292 3866 Po-

1281 3900 1477 3952 tionem
1508 3900 1561 3950 h.
1592 3919 1647 3950 n.
1671 3919 1727 3973 q.
1747 3919 1793 3950 e.
1816 3917 1922 3969 qua
1944 3913 2122 3949 omnes
2139 3916 2188 3947 u.
2210 3933 2226 3958 ‚
2249 3915 2288 3949 s.

1281 3998 1357 4030 m.
1384 4000 1441 4052 p.
1476 3999 1519 4032 e.
1560 3989 1830 4032 oneratam
1861 3980 1949 4029 dat
1982 3978 2205 4029 medicus
2234 3977 2291 4028 in

1280 4063 1715 4114 medicamentum
1734 4099 1751 4126 ,
1782 4059 1913 4112 Obr.
1951 4059 2091 4110 Med.
2122 4071 2290 4112 osten-

1281 4143 1493 4210 dinem,
1514 4141 1835 4198 ostendissem
1854 4142 2155 4213 potionem,
2182 4143 2287 4196 AEr.
