2855 4871
638 410 763 477 208
1142 412 1237 473 M.
1284 410 1534 473 FABII
1579 409 2210 491 QUINTILIANI

633 560 850 634 quam
884 533 1265 631 ingenuam
1292 559 1307 602 :
1334 532 1633 629 ideoque
1665 558 1890 629 quum
1915 530 2324 603 educeretur
2353 532 2442 602 ad
2475 534 2696 631 magis-

634 672 885 738 tratus,
914 647 1089 721 nihil
1126 648 1498 737 recusavit,
1535 647 1716 719 nihil
1741 647 1888 749 juri
1923 669 2156 720 nostro
2187 650 2544 749 opposuit:
2577 650 2692 721 nisi

631 768 805 838 forte
848 765 981 836 hoc
1017 790 1299 863 quoque
1338 762 1413 833 in
1445 789 1650 833 causa
1681 780 1860 851 erat,
1889 761 2081 861 quod
2117 762 2504 835 ducebatur
2533 790 2697 836 secu·

634 892 831 953 rus¹t
868 878 1057 949 unde
1096 878 1284 949 enim
1324 876 1526 949 nobis
1563 875 1888 949 adversus
1915 876 2122 947 istum
2147 898 2378 951 tantus
2413 879 2694 967 animus,

636 1014 713 1067 ut
756 992 1310 1065 vindicaremur?
1356 991 1718 1091 quomodo
1771 990 1958 1063 hanc
2012 992 2348 1063 invidiam
2399 994 2698 1093 potuisset

634 1112 809 1183 ferre
838 1130 1245 1209 paupertas,
1274 1108 1331 1181 si
1356 1107 1670 1181 occidere
1702 1107 1845 1180 filia
1873 1135 2031 1180 mea
2051 1108 2378 1181 voluisset
2399 1111 2696 1210 juvenem

638 1228 816 1297 inter
856 1224 1203 1324 principes
1244 1221 1582 1297 civitatis?
1635 1224 1796 1294 Non
1841 1243 2077 1295 tamen
2122 1238 2385 1322 usque²
2433 1224 2504 1296 in
2549 1225 2697 1313 hoc,

625 1340 934 1442 judiceS,
966 1337 1180 1425 valet,
1229 1359 1309 1410 ut
1344 1364 1488 1410 non
1528 1337 1839 1409 dederim
1883 1338 2334 1411 beneficium.
2381 1340 2520 1411 Ubi
2559 1368 2694 1439 ergo

634 1454 1180 1553 circumscriptio
1199 1454 1334 1527 est?
1348 1480 1564 1552 quam
1585 1453 1874 1550 quidem
1895 1452 2119 1551 legem
2136 1455 2432 1527 arbitror
2451 1479 2696 1555 propter

634 1597 751 1642 cos
782 1570 1084 1643 maxime
1121 1570 1331 1641 latam
1352 1624 1373 1657 ,
1407 1567 1530 1668 qui
1566 1568 1746 1640 circa
1773 1569 2078 1642 forenses
2103 1569 2390 1643 insidias
2417 1571 2696 1671 aliquem

633 1686 878 1794 scripto
911 1685 1269 1757 callidiore
1302 1684 1662 1783 cepissent.
1700 1686 2044 1757 Caeterum
2085 1706 2160 1757 ut
2195 1684 2475 1783 longius
2507 1687 2694 1759 inter-

630 1801 922 1901 pretatio
940 1800 1193 1890 veniat,
1216 1826 1363 1872 non
1388 1820 1622 1872 tamen
1644 1800 1778 1871 erit
1796 1800 2121 1891 dubium,
2148 1802 2692 1902 circumscriptio-

630 1943 796 1989 nem
830 1943 974 1988 esse
1006 1914 1478 1988 inevitabilem
1517 1913 1834 1987 fraudem
1855 1972 1876 2005 ,
1908 1916 1977 1987 id
2013 1938 2148 2005 est,
2181 1917 2254 1988 in
2284 1943 2428 2016 qua
2458 1918 2693 1989 factum

630 2031 779 2132 ejus
822 2032 1112 2104 demum
1157 2032 1567 2121 aestimetur,
1613 2032 1734 2129 qui
1776 2052 2184 2105 accusatur:
2240 2032 2520 2133 singula
2559 2058 2692 2130 ergo

628 2149 1066 2221 aestimemus.
1126 2148 1413 2220 Invitavi
1470 2148 1561 2220 ad
1620 2174 1891 2220 coenam
1921 2146 1952 2193 3
1980 2180 1998 2237 ;
2054 2174 2209 2248 quae
2260 2149 2375 2221 hic
2426 2150 2694 2221 circum·

627 2262 901 2362 scriptio
934 2263 1072 2335 est?
1106 2291 1373 2363 pauper
1402 2264 1734 2337 divitem:
1777 2264 2064 2337 venisti:
2097 2291 2226 2363 ago
2265 2265 2552 2363 gratias:
2591 2264 2694 2335 ha-

627 2377 833 2451 buisti
862 2377 1243 2468 honorem;
1270 2400 1339 2452 et
1366 2379 1542 2451 illud
1573 2379 1838 2453 humile
1861 2380 2080 2452 limen
2101 2379 2368 2452 intrasti
2389 2411 2408 2469 ;
2433 2401 2501 2452 et
2519 2376 2692 2452 adisti

628 2522 946 2570 mensam
970 2554 989 2587 ,
1019 2496 1107 2568 ad
1140 2524 1359 2597 quam
1398 2525 1626 2596 quum
1657 2498 1893 2569 venire
1934 2497 2264 2598 coepimus
2284 2556 2302 2588 ,
2338 2498 2506 2570 deos
2537 2497 2692 2568 invo-

626 2639 889 2684 camus,
908 2611 1190 2711 Alioqui
1207 2609 1325 2711 jus
1358 2609 1437 2684 in
1463 2609 1610 2685 me4
1637 2611 2084 2684 humanitatis
2113 2633 2213 2683 est
2233 2631 2474 2684 nostra
2501 2613 2693 2708 fruga-

626 2729 815 2819 litas,
850 2755 1001 2829 quae
1030 2730 1225 2801 vobis
1261 2728 1502 2827 utique
1531 2729 1719 2800 velut
1755 2729 2205 2800 refectionem
2235 2727 2612 2826 quamdam
2644 2745 2694 2796 et

622 2846 937 2941 quietem
966 2844 1247 2943 praebet.
1286 2845 1474 2916 Inter
1502 2863 1752 2914 vestras
1780 2868 2064 2940 quoque
2093 2841 2330 2941 epulas
2361 2870 2512 2916 non
2543 2867 2694 2914 sem·
2805 2823 2807 2862 ³

628 2985 749 3056 per
790 2958 911 3028 illa
948 2980 1308 3058 ponuntur
1348 2959 1731 3060 peregrinis
1771 2961 1982 3059 petita
2018 2958 2336 3030 litoribus
2381 2981 2449 3030 et
2491 2957 2690 3031 silvis:

627 3069 1005 3171 aliquando
1051 3074 1196 3146 haec
1233 3075 1430 3166 vilia,
1477 3103 1627 3173 quae
1677 3102 1834 3146 rure
1883 3075 2294 3164 mittuntur,
2342 3073 2690 3158 adhibetis»,

632 3264 653 3288 a·
675 3254 789 3294 tuta
804 3240 1057 3312 dignitate
1074 3242 1308 3295 conditio
1324 3245 1522 3297 servilis
1538 3247 1632 3298 eri·
1708 3247 1782 3296 ita
1800 3243 2156 3314 distinguebat
2167 3284 2184 3311 ,
2203 3247 2430 3298 invitavi
2439 3245 2512 3297 ad
2523 3258 2692 3297 coenam

633 3347 655 3370 a
675 3325 833 3395 pitur.
859 3346 881 3370 u
911 3325 1079 3375 Bmtu.

704 3419 721 3452 1
736 3443 748 3454 .
766 3401 915 3472 Quod
926 3403 1436 3456 ducebatur-securus.
1453 3405 1632 3457 Sciens
1711 3407 1941 3458 divitem.

1711 3327 1862 3399 (quoe
1881 3327 1964 3380 hic
1983 3328 2385 3400 circumscriptio
2408 3327 2511 3398 est)
2523 3338 2695 3398 pauper

616 3485 735 3533 'non
765 3495 1023 3547 mortem,
1053 3480 1146 3534 sed
1174 3483 1387 3555 nuptias
1411 3497 1633 3554 propter

628 3563 909 3614 amicitiam
932 3576 1173 3634 optatum
1197 3565 1277 3616 iri.
1308 3565 1486 3616 AEnon.

700 3659 749 3692 2.
770 3643 893 3693 Non
916 3653 1091 3692 tamen
1112 3661 1285 3714 usque.
1310 3645 1435 3694 Non
1459 3655 1631 3695 tamen

627 3742 782 3798 usque
810 3723 866 3774 id
873 3723 1077 3794 judices
1102 3722 1271 3792 valet,
1300 3734 1358 3776 ut
1379 3724 1524 3796 quod
1542 3729 1630 3775 de-

627 3801 827 3869 derim,
870 3797 1114 3872 beneficio
1155 3801 1255 3852 sit.-
1291 3803 1380 3854 sed
1412 3803 1632 3854 circum-

594 3879 601 3888 '
626 3881 915 3952 scriptionis
939 3879 1049 3952 lege
1070 3892 1289 3932 accusat.
1317 3881 1487 3950 Quam
1513 3883 1630 3952 qui-

630 3963 743 4013 dem
760 4002 777 4029 ,
807 3959 986 4012 AErod.
1015 3989 1085 4000 —-
1111 3961 1313 4033 Spu-ipio
1343 3959 1627 4014 callidiore.

633 4040 911 4093 callidiore
934 4040 1178 4093 AErodius
1203 4061 1313 4093 non
1334 4039 1512 4093 habet.

702 4121 753 4174 3.
782 4123 1010 4176 Invitavi
1037 4125 1107 4176 ad
1132 4143 1347 4178 coenam.
1379 4126 1628 4178 Francius

1783 3489 1834 3554 4.
1863 3489 2085 3560 Alioqui
2100 3493 2194 3562 jus
2225 3491 2282 3541 iu
2309 3509 2412 3542 me.
2441 3488 2690 3550 AErodim,

1695 3571 1789 3640 jus
1808 3585 1950 3620 meoe.
1971 3571 2042 3619 At
2061 3581 2119 3620 tu
2137 3568 2282 3640 lege:
2307 3568 2555 3641 Adeoque
2558 3571 2692 3640 justa·
2799 3565 2801 3570 ’

1711 3649 2055 3704 humanitatis
2067 3663 2139 3703 est
2152 3661 2322 3704 nostra
2329 3649 2636 3724 fraquman
2647 3655 2694 3696 ⁸¹3

1711 3729 1851 3781 vobis
1859 3727 1970 3800 utiq
1977 3747 2037 3779 ue
2048 3728 2191 3781 velut
2199 3728 2532 3799 refectionem
2543 3743 2691 3799 quam·

1711 3807 1831 3858 dam
1858 3818 1908 3858 et
1933 3807 2158 3877 quietem
2178 3807 2426 3881 proebeat.
2453 3809 2628 3870 Justoe,
2647 3797 2689 3853 id

1711 3899 1816 3948 est,
1831 3885 2144 3936 sufficientis
2155 3923 2171 3950 ,
2189 3902 2294 3955 qua
2309 3887 2516 3954 justum
2529 3881 2690 3952 accipit

1709 3980 1915 4018 natura.
1955 3966 2124 4019 (ἕπου.
2164 3965 2400 4039 Aliquod
2425 3969 2511 4038 ius
2543 3967 2594 4015 in
2625 3978 2689 4011 me
2795 3953 2797 4016 ἰ

1711 4043 2029 4098 humanitati
2070 4056 2156 4097 cst.
2203 4045 2398 4098 Nostra
2433 4041 2689 4118 frugalitas

1707 4141 1914 4198 quoque
1937 4126 2077 4180 vobis
2097 4125 2302 4198 utique,
2328 4139 2431 4180 etc.
2461 4127 2656 4182 Senon.
