<?xml version="1.0" encoding="UTF-8"?>
<!DOCTYPE html PUBLIC "-//W3C//DTD XHTML 1.0 Transitional//EN"
    "http://www.w3.org/TR/xhtml1/DTD/xhtml1-transitional.dtd">
<html xmlns="http://www.w3.org/1999/xhtml" xml:lang="en" lang="en">
 <head>
  <title>
</title>
<meta http-equiv="Content-Type" content="text/html;charset=utf-8" />
  <meta name='ocr-system' content='tesseract 3.04.00' />
  <meta name='ocr-capabilities' content='ocr_page ocr_carea ocr_par ocr_line ocrx_word'/>
</head>
<body>
  <div class='ocr_page' id='page_1' title='image "./marcusfabiusqui06spalgoog_0397.png"; bbox 0 0 2855 4871; ppageno 0'>
   <div class='ocr_carea' id='block_1_1' title="bbox 1133 478 2209 563">
    <p class='ocr_par' dir='ltr' id='par_1_1' title="bbox 1133 478 2209 563">
     <span class='ocr_line' id='line_1_1' title="bbox 1133 478 2209 563; baseline -0.001 -18"><span class='ocrx_word' id='word_1_1' title='bbox 1133 484 1226 546; x_wconf 89' lang='lat' dir='ltr'><strong>M.</strong></span> <span class='ocrx_word' id='word_1_2' title='bbox 1275 481 1527 545; x_wconf 85' lang='lat' dir='ltr'><strong>FABII</strong></span> <span class='ocrx_word' id='word_1_3' title='bbox 1572 478 2209 563; x_wconf 78' lang='lat' dir='ltr'><strong>QUINTILIANI</strong></span> 
     </span>
    </p>
   </div>
   <div class='ocr_carea' id='block_1_2' title="bbox 530 606 2723 2558">
    <p class='ocr_par' dir='ltr' id='par_1_2' title="bbox 530 606 2723 2558">
     <span class='ocr_line' id='line_1_2' title="bbox 627 606 2713 708; baseline -0.001 -28"><span class='ocrx_word' id='word_1_4' title='bbox 627 630 816 708; x_wconf 84' lang='lat' dir='ltr'><strong>petas</strong></span> <span class='ocrx_word' id='word_1_5' title='bbox 850 628 1228 698; x_wconf 85' lang='lat' dir='ltr'><strong>tormenta,</strong></span> <span class='ocrx_word' id='word_1_6' title='bbox 1266 634 1489 705; x_wconf 90' lang='lat' dir='ltr'><strong>quum</strong></span> <span class='ocrx_word' id='word_1_7' title='bbox 1529 606 1812 678; x_wconf 85' lang='lat' dir='ltr'><strong>reducas</strong></span> <span class='ocrx_word' id='word_1_8' title='bbox 1849 606 2286 697; x_wconf 85' lang='lat' dir='ltr'><strong>carnificem,</strong></span> <span class='ocrx_word' id='word_1_9' title='bbox 2322 606 2489 705; x_wconf 88' lang='lat' dir='ltr'><strong>quid</strong></span> <span class='ocrx_word' id='word_1_10' title='bbox 2524 606 2713 679; x_wconf 86' lang='lat' dir='ltr'><strong>aliud</strong></span> 
     </span>
     <span class='ocr_line' id='line_1_3' title="bbox 627 721 2711 823; baseline -0.001 -27"><span class='ocrx_word' id='word_1_11' title='bbox 627 723 833 815; x_wconf 88' lang='lat' dir='ltr'><strong>dicis,</strong></span> <span class='ocrx_word' id='word_1_12' title='bbox 865 750 1081 823; x_wconf 87' lang='lat' dir='ltr'><strong>quam</strong></span> <span class='ocrx_word' id='word_1_13' title='bbox 1119 722 1333 795; x_wconf 86' lang='lat' dir='ltr'><strong>illud:</strong></span> <span class='ocrx_word' id='word_1_14' title='bbox 1364 724 1679 821; x_wconf 76' lang='lat' dir='ltr'><strong>Totque,</strong></span> <span class='ocrx_word' id='word_1_15' title='bbox 1715 721 1936 794; x_wconf 88' lang='lat' dir='ltr'><strong>donec</strong></span> <span class='ocrx_word' id='word_1_16' title='bbox 1968 722 2389 795; x_wconf 81' lang='lat' dir='ltr'>mentiatur?</span> <span class='ocrx_word' id='word_1_17' title='bbox 2414 726 2669 822; x_wconf 78' lang='lat' dir='ltr'><strong>Magna</strong></span> <span class='ocrx_word' id='word_1_18' title='bbox 2692 779 2711 811; x_wconf 86' lang='lat'>,</span> 
     </span>
     <span class='ocr_line' id='line_1_4' title="bbox 623 838 2711 938; baseline -0.001 -26"><span class='ocrx_word' id='word_1_19' title='bbox 623 839 948 931; x_wconf 84' lang='lat' dir='ltr'>hercule,</span> <span class='ocrx_word' id='word_1_20' title='bbox 995 839 1123 913; x_wconf 89' lang='lat' dir='ltr'><strong>tibi</strong></span> <span class='ocrx_word' id='word_1_21' title='bbox 1167 838 1495 937; x_wconf 79' lang='lat' dir='ltr'><strong>contigit,</strong></span> <span class='ocrx_word' id='word_1_22' title='bbox 1546 864 1803 937; x_wconf 75' lang='lat' dir='ltr'><strong>magna</strong></span> <span class='ocrx_word' id='word_1_23' title='bbox 1842 838 2159 910; x_wconf 86' lang='lat' dir='ltr'><strong>victoria:</strong></span> <span class='ocrx_word' id='word_1_24' title='bbox 2220 853 2237 884; x_wconf 86' lang='lat'><strong>¹</strong></span> <span class='ocrx_word' id='word_1_25' title='bbox 2265 838 2711 938; x_wconf 76' lang='lat' dir='ltr'><strong>pet-domuisti</strong></span> 
     </span>
     <span class='ocr_line' id='line_1_5' title="bbox 625 953 2711 1054; baseline -0.001 -28"><span class='ocrx_word' id='word_1_26' title='bbox 625 955 996 1027; x_wconf 88' lang='lat' dir='ltr'><strong>mulierem</strong></span> <span class='ocrx_word' id='word_1_27' title='bbox 1017 980 1235 1027; x_wconf 85' lang='lat' dir='ltr'><strong>anum</strong></span> <span class='ocrx_word' id='word_1_28' title='bbox 1257 981 1272 1025; x_wconf 89' lang='lat'>:</span> <span class='ocrx_word' id='word_1_29' title='bbox 1297 978 1608 1052; x_wconf 82' lang='lat' dir='ltr'><strong>expressa</strong></span> <span class='ocrx_word' id='word_1_30' title='bbox 1627 980 1757 1026; x_wconf 85' lang='lat' dir='ltr'><strong>vox</strong></span> <span class='ocrx_word' id='word_1_31' title='bbox 1784 974 1884 1025; x_wconf 86' lang='lat' dir='ltr'><strong>est</strong></span> <span class='ocrx_word' id='word_1_32' title='bbox 1896 954 2047 1054; x_wconf 88' lang='lat' dir='ltr'><strong>jam</strong></span> <span class='ocrx_word' id='word_1_33' title='bbox 2069 953 2401 1052; x_wconf 76' lang='lat' dir='ltr'><strong>fugientis</strong></span> <span class='ocrx_word' id='word_1_34' title='bbox 2424 954 2711 1025; x_wconf 86' lang='lat' dir='ltr'><strong>animae:</strong></span> 
     </span>
     <span class='ocr_line' id='line_1_6' title="bbox 623 1068 2717 1169; baseline -0.001 -28"><span class='ocrx_word' id='word_1_35' title='bbox 623 1071 982 1159; x_wconf 83' lang='lat' dir='ltr'><strong>miserere3</strong></span> <span class='ocrx_word' id='word_1_36' title='bbox 1017 1096 1161 1142; x_wconf 89' lang='lat' dir='ltr'><strong>non</strong></span> <span class='ocrx_word' id='word_1_37' title='bbox 1192 1089 1294 1142; x_wconf 89' lang='lat' dir='ltr'><strong>est</strong></span> <span class='ocrx_word' id='word_1_38' title='bbox 1332 1090 1495 1141; x_wconf 87' lang='lat' dir='ltr'><strong>tuus</strong></span> <span class='ocrx_word' id='word_1_39' title='bbox 1519 1095 1535 1140; x_wconf 90' lang='lat'>:</span> <span class='ocrx_word' id='word_1_40' title='bbox 1561 1068 1713 1169; x_wconf 83' lang='lat' dir='ltr'><strong>jam</strong></span> <span class='ocrx_word' id='word_1_41' title='bbox 1752 1094 1996 1167; x_wconf 82' lang='lat' dir='ltr'><strong>parce3</strong></span> <span class='ocrx_word' id='word_1_42' title='bbox 2025 1096 2266 1141; x_wconf 88' lang='lat' dir='ltr'><strong>verum</strong></span> <span class='ocrx_word' id='word_1_43' title='bbox 2298 1068 2545 1140; x_wconf 86' lang='lat' dir='ltr'><strong>dixisti.</strong></span> <span class='ocrx_word' id='word_1_44' title='bbox 2582 1068 2717 1139; x_wconf 89' lang='lat' dir='ltr'><strong>Hic</strong></span> 
     </span>
     <span class='ocr_line' id='line_1_7' title="bbox 613 1182 2713 1285; baseline -0.001 -29"><span class='ocrx_word' id='word_1_45' title='bbox 613 1183 768 1285; x_wconf 86' lang='lat' dir='ltr'><strong>jam</strong></span> <span class='ocrx_word' id='word_1_46' title='bbox 784 1243 803 1276; x_wconf 88' lang='lat'>,</span> <span class='ocrx_word' id='word_1_47' title='bbox 825 1184 1055 1272; x_wconf 79' lang='lat' dir='ltr'><strong>crede,</strong></span> <span class='ocrx_word' id='word_1_48' title='bbox 1076 1194 1290 1256; x_wconf 81' lang='lat' dir='ltr'><strong>tortor</strong></span> <span class='ocrx_word' id='word_1_49' title='bbox 1313 1183 1736 1270; x_wconf 86' lang='lat' dir='ltr'><strong>admonitus,</strong></span> <span class='ocrx_word' id='word_1_50' title='bbox 1764 1182 2069 1273; x_wconf 85' lang='lat' dir='ltr'><strong>instaret,</strong></span> <span class='ocrx_word' id='word_1_51' title='bbox 2095 1204 2713 1282; x_wconf 82' lang='lat' dir='ltr'><strong>perseveraretque,</strong></span> 
     </span>
     <span class='ocr_line' id='line_1_8' title="bbox 623 1296 2719 1396; baseline -0 -27"><span class='ocrx_word' id='word_1_52' title='bbox 623 1324 920 1396; x_wconf 84' lang='lat' dir='ltr'><strong>eamque</strong></span> <span class='ocrx_word' id='word_1_53' title='bbox 954 1297 1313 1369; x_wconf 83' lang='lat' dir='ltr'><strong>adhiberet</strong></span> <span class='ocrx_word' id='word_1_54' title='bbox 1343 1318 1562 1369; x_wconf 85' lang='lat' dir='ltr'><strong>artem</strong></span> <span class='ocrx_word' id='word_1_55' title='bbox 1594 1296 1995 1396; x_wconf 86' lang='lat' dir='ltr'><strong>quaestioni,</strong></span> <span class='ocrx_word' id='word_1_56' title='bbox 2028 1317 2105 1369; x_wconf 84' lang='lat' dir='ltr'><strong>ut</strong></span> <span class='ocrx_word' id='word_1_57' title='bbox 2136 1318 2521 1370; x_wconf 89' lang='lat' dir='ltr'><strong>moreretur</strong></span> <span class='ocrx_word' id='word_1_58' title='bbox 2552 1324 2719 1369; x_wconf 85' lang='lat' dir='ltr'><strong>mu-</strong></span> 
     </span>
     <span class='ocr_line' id='line_1_9' title="bbox 619 1413 2717 1504; baseline -0 -19"><span class='ocrx_word' id='word_1_59' title='bbox 619 1414 776 1504; x_wconf 85' lang='lat' dir='ltr'><strong>lier,</strong></span> <span class='ocrx_word' id='word_1_60' title='bbox 808 1414 980 1486; x_wconf 87' lang='lat' dir='ltr'><strong>dum</strong></span> <span class='ocrx_word' id='word_1_61' title='bbox 1011 1414 1142 1485; x_wconf 91' lang='lat' dir='ltr'><strong>hoc</strong></span> <span class='ocrx_word' id='word_1_62' title='bbox 1175 1413 1383 1502; x_wconf 86' lang='lat' dir='ltr'><strong>dicit,</strong></span> <span class='ocrx_word' id='word_1_63' title='bbox 1416 1414 1593 1485; x_wconf 88' lang='lat' dir='ltr'><strong>dum</strong></span> <span class='ocrx_word' id='word_1_64' title='bbox 1620 1435 1698 1484; x_wconf 89' lang='lat' dir='ltr'><strong>tu</strong></span> <span class='ocrx_word' id='word_1_65' title='bbox 1724 1413 1941 1487; x_wconf 86' lang='lat' dir='ltr'><strong>victor</strong></span> <span class='ocrx_word' id='word_1_66' title='bbox 1973 1434 2043 1485; x_wconf 86' lang='lat' dir='ltr'><strong>et</strong></span> <span class='ocrx_word' id='word_1_67' title='bbox 2069 1413 2305 1485; x_wconf 86' lang='lat' dir='ltr'><strong>hilaris</strong></span> <span class='ocrx_word' id='word_1_68' title='bbox 2334 1414 2717 1487; x_wconf 86' lang='lat' dir='ltr'><strong>adversario</strong></span> 
     </span>
     <span class='ocr_line' id='line_1_10' title="bbox 621 1530 2715 1631; baseline 0.001 -30"><span class='ocrx_word' id='word_1_69' title='bbox 621 1550 779 1621; x_wconf 91' lang='lat' dir='ltr'><strong>tu0,</strong></span> <span class='ocrx_word' id='word_1_70' title='bbox 809 1530 982 1629; x_wconf 84' lang='lat' dir='ltr'><strong>quid</strong></span> <span class='ocrx_word' id='word_1_71' title='bbox 1021 1530 1276 1631; x_wconf 75' lang='lat' dir='ltr'><strong>egeris,</strong></span> <span class='ocrx_word' id='word_1_72' title='bbox 1312 1531 1619 1604; x_wconf 87' lang='lat' dir='ltr'><strong>nuntias.</strong></span> <span class='ocrx_word' id='word_1_73' title='bbox 1658 1534 1889 1631; x_wconf 77' lang='lat' dir='ltr'><strong>Rogo,</strong></span> <span class='ocrx_word' id='word_1_74' title='bbox 1920 1558 2145 1631; x_wconf 89' lang='lat' dir='ltr'><strong>quum</strong></span> <span class='ocrx_word' id='word_1_75' title='bbox 2180 1530 2437 1603; x_wconf 87' lang='lat' dir='ltr'><strong>mulier</strong></span> <span class='ocrx_word' id='word_1_76' title='bbox 2466 1532 2715 1603; x_wconf 88' lang='lat' dir='ltr'><strong>eadem</strong></span> 
     </span>
     <span class='ocr_line' id='line_1_11' title="bbox 623 1646 2715 1737; baseline 0.001 -20"><span class='ocrx_word' id='word_1_77' title='bbox 623 1646 697 1717; x_wconf 89' lang='lat' dir='ltr'><strong>in</strong></span> <span class='ocrx_word' id='word_1_78' title='bbox 729 1648 1088 1720; x_wconf 89' lang='lat' dir='ltr'><strong>tormentis</strong></span> <span class='ocrx_word' id='word_1_79' title='bbox 1125 1648 1390 1720; x_wconf 86' lang='lat' dir='ltr'><strong>diversa</strong></span> <span class='ocrx_word' id='word_1_80' title='bbox 1432 1648 1714 1737; x_wconf 84' lang='lat' dir='ltr'>dixerit,</span> <span class='ocrx_word' id='word_1_81' title='bbox 1744 1675 1889 1720; x_wconf 88' lang='lat' dir='ltr'><strong>non</strong></span> <span class='ocrx_word' id='word_1_82' title='bbox 1920 1668 2019 1721; x_wconf 85' lang='lat' dir='ltr'><strong>est</strong></span> <span class='ocrx_word' id='word_1_83' title='bbox 2054 1649 2503 1721; x_wconf 86' lang='lat' dir='ltr'><strong>manifestum</strong></span> <span class='ocrx_word' id='word_1_84' title='bbox 2536 1648 2615 1719; x_wconf 88' lang='lat' dir='ltr'><strong>id</strong></span> <span class='ocrx_word' id='word_1_85' title='bbox 2652 1670 2715 1719; x_wconf 86' lang='lat' dir='ltr'><strong>te</strong></span> 
     </span>
     <span class='ocr_line' id='line_1_12' title="bbox 530 1761 2723 1861; baseline 0 -29"><span class='ocrx_word' id='word_1_86' title='bbox 530 1763 540 1776; x_wconf 73' lang='lat'><strong><em>⁶</em></strong></span> <span class='ocrx_word' id='word_1_87' title='bbox 623 1761 992 1853; x_wconf 88' lang='lat' dir='ltr'><strong>maluisse,</strong></span> <span class='ocrx_word' id='word_1_88' title='bbox 1041 1763 1234 1861; x_wconf 91' lang='lat' dir='ltr'><strong>quod</strong></span> <span class='ocrx_word' id='word_1_89' title='bbox 1273 1762 1669 1835; x_wconf 82' lang='lat' dir='ltr'><strong>credidisti?</strong></span> <span class='ocrx_word' id='word_1_90' title='bbox 1708 1762 1846 1835; x_wconf 86' lang='lat' dir='ltr'><strong>Cui</strong></span> <span class='ocrx_word' id='word_1_91' title='bbox 1886 1790 2031 1835; x_wconf 89' lang='lat' dir='ltr'><strong>non</strong></span> <span class='ocrx_word' id='word_1_92' title='bbox 2086 1763 2485 1837; x_wconf 83' lang='lat' dir='ltr'><strong>mortalium</strong></span> <span class='ocrx_word' id='word_1_93' title='bbox 2530 1784 2723 1861; x_wconf 86' lang='lat' dir='ltr'><strong>patet</strong></span> 
     </span>
     <span class='ocr_line' id='line_1_13' title="bbox 621 1876 2721 1977; baseline -0 -28"><span class='ocrx_word' id='word_1_94' title='bbox 621 1896 803 1950; x_wconf 85' lang='lat' dir='ltr'><strong>totus</strong></span> <span class='ocrx_word' id='word_1_95' title='bbox 841 1876 955 1950; x_wconf 89' lang='lat' dir='ltr'><strong>hic</strong></span> <span class='ocrx_word' id='word_1_96' title='bbox 992 1878 1360 1952; x_wconf 78' lang='lat' dir='ltr'><strong>animus2?</strong></span> <span class='ocrx_word' id='word_1_97' title='bbox 1395 1879 1553 1977; x_wconf 90' lang='lat' dir='ltr'><strong>quis</strong></span> <span class='ocrx_word' id='word_1_98' title='bbox 1584 1904 1732 1951; x_wconf 90' lang='lat' dir='ltr'><strong>non</strong></span> <span class='ocrx_word' id='word_1_99' title='bbox 1762 1878 1945 1952; x_wconf 88' lang='lat' dir='ltr'><strong>videt</strong></span> <span class='ocrx_word' id='word_1_100' title='bbox 1977 1898 2157 1952; x_wconf 88' lang='lat' dir='ltr'><strong>artes</strong></span> <span class='ocrx_word' id='word_1_101' title='bbox 2187 1876 2577 1951; x_wconf 82' lang='lat' dir='ltr'><strong>novercales</strong></span> <span class='ocrx_word' id='word_1_102' title='bbox 2600 1934 2621 1967; x_wconf 88' lang='lat'><strong>‚</strong></span> <span class='ocrx_word' id='word_1_103' title='bbox 2656 1900 2721 1949; x_wconf 88' lang='lat' dir='ltr'><strong>et</strong></span> 
     </span>
     <span class='ocr_line' id='line_1_14' title="bbox 621 1993 2723 2093; baseline 0 -28"><span class='ocrx_word' id='word_1_104' title='bbox 621 2016 906 2093; x_wconf 85' lang='lat' dir='ltr'><strong>pactum</strong></span> <span class='ocrx_word' id='word_1_105' title='bbox 935 1994 1235 2069; x_wconf 86' lang='lat' dir='ltr'><strong>infelicis</strong></span> <span class='ocrx_word' id='word_1_106' title='bbox 1261 1994 1489 2069; x_wconf 85' lang='lat' dir='ltr'><strong>senis?</strong></span> <span class='ocrx_word' id='word_1_107' title='bbox 1531 1994 1912 2068; x_wconf 88' lang='lat' dir='ltr'><strong>miserebor</strong></span> <span class='ocrx_word' id='word_1_108' title='bbox 1944 1996 2173 2085; x_wconf 88' lang='lat' dir='ltr'><strong>enim,</strong></span> <span class='ocrx_word' id='word_1_109' title='bbox 2210 1993 2480 2067; x_wconf 86' lang='lat' dir='ltr'><strong>etiamsi</strong></span> <span class='ocrx_word' id='word_1_110' title='bbox 2514 2014 2723 2066; x_wconf 86' lang='lat' dir='ltr'><strong>nocet</strong></span> 
     </span>
     <span class='ocr_line' id='line_1_15' title="bbox 621 2110 2716 2212; baseline 0 -31"><span class='ocrx_word' id='word_1_111' title='bbox 621 2110 1042 2183; x_wconf 85' lang='lat' dir='ltr'><strong>necessitate.</strong></span> <span class='ocrx_word' id='word_1_112' title='bbox 1078 2110 1446 2203; x_wconf 77' lang='lat' dir='ltr'><strong>QuaeritiS,</strong></span> <span class='ocrx_word' id='word_1_113' title='bbox 1492 2138 1633 2209; x_wconf 86' lang='lat' dir='ltr'><strong>quo</strong></span> <span class='ocrx_word' id='word_1_114' title='bbox 1665 2112 1897 2184; x_wconf 83' lang='lat' dir='ltr'><strong>credat</strong></span> <span class='ocrx_word' id='word_1_115' title='bbox 1928 2111 2214 2184; x_wconf 83' lang='lat' dir='ltr'><strong>animo?</strong></span> <span class='ocrx_word' id='word_1_116' title='bbox 2244 2136 2387 2212; x_wconf 91' lang='lat' dir='ltr'><strong>quo</strong></span> <span class='ocrx_word' id='word_1_117' title='bbox 2420 2130 2716 2183; x_wconf 86' lang='lat' dir='ltr'><strong>matrem</strong></span> 
     </span>
     <span class='ocr_line' id='line_1_16' title="bbox 623 2224 2717 2327; baseline 0.001 -33"><span class='ocrx_word' id='word_1_118' title='bbox 623 2224 752 2295; x_wconf 86' lang='lat' dir='ltr'><strong>filii</strong></span> <span class='ocrx_word' id='word_1_119' title='bbox 779 2226 1234 2301; x_wconf 84' lang='lat' dir='ltr'><strong>adolescentis</strong></span> <span class='ocrx_word' id='word_1_120' title='bbox 1259 2226 1472 2299; x_wconf 89' lang='lat' dir='ltr'><strong>domo</strong></span> <span class='ocrx_word' id='word_1_121' title='bbox 1498 2226 1791 2327; x_wconf 83' lang='lat' dir='ltr'><strong>expulit,</strong></span> <span class='ocrx_word' id='word_1_122' title='bbox 1812 2254 1953 2327; x_wconf 90' lang='lat' dir='ltr'><strong>quo</strong></span> <span class='ocrx_word' id='word_1_123' title='bbox 1978 2228 2261 2327; x_wconf 77' lang='lat' dir='ltr'><strong>longam</strong></span> <span class='ocrx_word' id='word_1_124' title='bbox 2288 2225 2717 2299; x_wconf 85' lang='lat' dir='ltr'><strong>matrimonii</strong></span> 
     </span>
     <span class='ocr_line' id='line_1_17' title="bbox 622 2338 2719 2442; baseline 0.001 -33"><span class='ocrx_word' id='word_1_125' title='bbox 622 2338 1105 2431; x_wconf 84' lang='lat' dir='ltr'><strong>concordiam,</strong></span> <span class='ocrx_word' id='word_1_126' title='bbox 1139 2341 1337 2413; x_wconf 87' lang='lat' dir='ltr'><strong>nullo</strong></span> <span class='ocrx_word' id='word_1_127' title='bbox 1371 2341 1785 2433; x_wconf 84' lang='lat' dir='ltr'><strong>maledicto,</strong></span> <span class='ocrx_word' id='word_1_128' title='bbox 1816 2342 2008 2413; x_wconf 85' lang='lat' dir='ltr'><strong>nulla</strong></span> <span class='ocrx_word' id='word_1_129' title='bbox 2042 2341 2435 2442; x_wconf 84' lang='lat' dir='ltr'><strong>suspicione</strong></span> <span class='ocrx_word' id='word_1_130' title='bbox 2470 2341 2719 2413; x_wconf 84' lang='lat' dir='ltr'><strong>dissol-</strong></span> 
     </span>
     <span class='ocr_line' id='line_1_18' title="bbox 621 2454 2720 2558; baseline 0.001 -32"><span class='ocrx_word' id='word_1_131' title='bbox 621 2454 750 2544; x_wconf 84' lang='lat' dir='ltr'><strong>vit;</strong></span> <span class='ocrx_word' id='word_1_132' title='bbox 789 2483 929 2552; x_wconf 90' lang='lat' dir='ltr'><strong>quo</strong></span> <span class='ocrx_word' id='word_1_133' title='bbox 952 2455 1183 2529; x_wconf 88' lang='lat' dir='ltr'><strong>adhuc</strong></span> <span class='ocrx_word' id='word_1_134' title='bbox 1212 2458 1288 2530; x_wconf 85' lang='lat' dir='ltr'><strong>in</strong></span> <span class='ocrx_word' id='word_1_135' title='bbox 1319 2479 1553 2532; x_wconf 88' lang='lat' dir='ltr'><strong>torum</strong></span> <span class='ocrx_word' id='word_1_136' title='bbox 1572 2517 1591 2549; x_wconf 87' lang='lat'><strong>,</strong></span> <span class='ocrx_word' id='word_1_137' title='bbox 1624 2459 1851 2531; x_wconf 84' lang='lat' dir='ltr'><strong>uxoris</strong></span> <span class='ocrx_word' id='word_1_138' title='bbox 1880 2460 2131 2558; x_wconf 86' lang='lat' dir='ltr'><strong>prioris</strong></span> <span class='ocrx_word' id='word_1_139' title='bbox 2166 2459 2455 2558; x_wconf 79' lang='lat' dir='ltr'><strong>vestigio</strong></span> <span class='ocrx_word' id='word_1_140' title='bbox 2486 2457 2720 2531; x_wconf 82' lang='lat' dir='ltr'><strong>calen-</strong></span> 
     </span>
    </p>
   </div>
   <div class='ocr_carea' id='block_1_3' title="bbox 632 484 758 572">
    <p class='ocr_par' dir='ltr' id='par_1_3' title="bbox 632 484 758 572">
     <span class='ocr_line' id='line_1_19' title="bbox 632 484 758 572; baseline 0 -23"><span class='ocrx_word' id='word_1_141' title='bbox 632 484 758 572; x_wconf 85' lang='lat'><strong>390</strong></span> 
     </span>
    </p>
   </div>
   <div class='ocr_carea' id='block_1_4' title="bbox 621 2571 2834 2676">
    <p class='ocr_par' dir='ltr' id='par_1_4' title="bbox 621 2571 2834 2676">
     <span class='ocr_line' id='line_1_20' title="bbox 621 2571 2834 2676; baseline 0.001 -33"><span class='ocrx_word' id='word_1_142' title='bbox 621 2591 765 2644; x_wconf 88' lang='lat' dir='ltr'><strong>tem</strong></span> <span class='ocrx_word' id='word_1_143' title='bbox 783 2629 802 2663; x_wconf 85' lang='lat'>,</span> <span class='ocrx_word' id='word_1_144' title='bbox 827 2571 1134 2647; x_wconf 88' lang='lat' dir='ltr'><strong>adducta</strong></span> <span class='ocrx_word' id='word_1_145' title='bbox 1157 2595 1258 2649; x_wconf 88' lang='lat' dir='ltr'><strong>est</strong></span> <span class='ocrx_word' id='word_1_146' title='bbox 1287 2602 1467 2648; x_wconf 84' lang='lat' dir='ltr'><strong>nova</strong></span> <span class='ocrx_word' id='word_1_147' title='bbox 1498 2597 1757 2676; x_wconf 85' lang='lat' dir='ltr'><strong>nupta:</strong></span> <span class='ocrx_word' id='word_1_148' title='bbox 1790 2603 1932 2676; x_wconf 89' lang='lat' dir='ltr'><strong>quo</strong></span> <span class='ocrx_word' id='word_1_149' title='bbox 1961 2605 2049 2649; x_wconf 89' lang='lat' dir='ltr'><strong>ne</strong></span> <span class='ocrx_word' id='word_1_150' title='bbox 2074 2577 2204 2649; x_wconf 89' lang='lat' dir='ltr'><strong>hoc</strong></span> <span class='ocrx_word' id='word_1_151' title='bbox 2232 2575 2523 2675; x_wconf 87' lang='lat' dir='ltr'><strong>quidem</strong></span> <span class='ocrx_word' id='word_1_152' title='bbox 2548 2601 2720 2674; x_wconf 85' lang='lat' dir='ltr'><strong>prae-</strong></span> <span class='ocrx_word' id='word_1_153' title='bbox 2832 2651 2834 2668; x_wconf 43' lang='grc' dir='ltr'>Ι</span> 
     </span>
    </p>
   </div>
   <div class='ocr_carea' id='block_1_5' title="bbox 619 2687 2832 3020">
    <p class='ocr_par' dir='ltr' id='par_1_5' title="bbox 619 2687 2832 3020">
     <span class='ocr_line' id='line_1_21' title="bbox 619 2687 2717 2782; baseline 0.001 -24"><span class='ocrx_word' id='word_1_154' title='bbox 619 2687 790 2759; x_wconf 87' lang='lat' dir='ltr'><strong>stitit</strong></span> <span class='ocrx_word' id='word_1_155' title='bbox 819 2688 967 2762; x_wconf 85' lang='lat' dir='ltr'><strong>filio</strong></span> <span class='ocrx_word' id='word_1_156' title='bbox 1001 2717 1166 2782; x_wconf 80' lang='lat' dir='ltr'><strong>suo,</strong></span> <span class='ocrx_word' id='word_1_157' title='bbox 1199 2712 1276 2763; x_wconf 91' lang='lat' dir='ltr'><strong>ut</strong></span> <span class='ocrx_word' id='word_1_158' title='bbox 1315 2692 1730 2762; x_wconf 85' lang='lat' dir='ltr'><strong>vinceretur.</strong></span> <span class='ocrx_word' id='word_1_159' title='bbox 1766 2690 1926 2762; x_wconf 84' lang='lat' dir='ltr'><strong>Alia</strong></span> <span class='ocrx_word' id='word_1_160' title='bbox 1968 2711 2067 2762; x_wconf 89' lang='lat' dir='ltr'><strong>est</strong></span> <span class='ocrx_word' id='word_1_161' title='bbox 2104 2689 2422 2763; x_wconf 85' lang='lat' dir='ltr'><strong>videlicet</strong></span> <span class='ocrx_word' id='word_1_162' title='bbox 2464 2689 2717 2761; x_wconf 87' lang='lat' dir='ltr'><strong>horum</strong></span> 
     </span>
     <span class='ocr_line' id='line_1_22' title="bbox 621 2800 2832 2914; baseline 0 -40"><span class='ocrx_word' id='word_1_163' title='bbox 621 2802 790 2874; x_wconf 86' lang='lat' dir='ltr'><strong>ratio</strong></span> <span class='ocrx_word' id='word_1_164' title='bbox 805 2800 862 2895; x_wconf 80' lang='lat'><strong>3,</strong></span> <span class='ocrx_word' id='word_1_165' title='bbox 905 2831 1080 2901; x_wconf 82' lang='lat' dir='ltr'><strong>quos</strong></span> <span class='ocrx_word' id='word_1_166' title='bbox 1121 2805 1347 2878; x_wconf 85' lang='lat' dir='ltr'><strong>brevis</strong></span> <span class='ocrx_word' id='word_1_167' title='bbox 1387 2806 1714 2878; x_wconf 85' lang='lat' dir='ltr'><strong>transitus</strong></span> <span class='ocrx_word' id='word_1_168' title='bbox 1748 2805 2117 2905; x_wconf 81' lang='lat' dir='ltr'><strong>voluptatis</strong></span> <span class='ocrx_word' id='word_1_169' title='bbox 2158 2805 2318 2878; x_wconf 84' lang='lat' dir='ltr'><strong>fecit</strong></span> <span class='ocrx_word' id='word_1_170' title='bbox 2358 2825 2677 2904; x_wconf 84' lang='lat' dir='ltr'><strong>parentes</strong></span> <span class='ocrx_word' id='word_1_171' title='bbox 2696 2850 2714 2883; x_wconf 92' lang='lat'>,</span> <span class='ocrx_word' id='word_1_172' title='bbox 2830 2895 2832 2914; x_wconf 46' lang='grc' dir='ltr'>Ι</span> 
     </span>
     <span class='ocr_line' id='line_1_23' title="bbox 619 2915 2832 3020; baseline 0.001 -33"><span class='ocrx_word' id='word_1_173' title='bbox 619 2943 794 3016; x_wconf 87' lang='lat' dir='ltr'><strong>quos</strong></span> <span class='ocrx_word' id='word_1_174' title='bbox 811 2917 1050 2991; x_wconf 89' lang='lat' dir='ltr'><strong>liberis</strong></span> <span class='ocrx_word' id='word_1_175' title='bbox 1067 2921 1212 2992; x_wconf 83' lang='lat' dir='ltr'><strong>suis</strong></span> <span class='ocrx_word' id='word_1_176' title='bbox 1231 2942 1411 2993; x_wconf 86' lang='lat' dir='ltr'><strong>extra</strong></span> <span class='ocrx_word' id='word_1_177' title='bbox 1430 2921 1664 3020; x_wconf 85' lang='lat' dir='ltr'><strong>positae</strong></span> <span class='ocrx_word' id='word_1_178' title='bbox 1680 2920 2063 3020; x_wconf 84' lang='lat' dir='ltr'><strong>voluptates</strong></span> <span class='ocrx_word' id='word_1_179' title='bbox 2088 2918 2499 2994; x_wconf 83' lang='lat' dir='ltr'><strong>conciliant:</strong></span> <span class='ocrx_word' id='word_1_180' title='bbox 2524 2917 2717 2990; x_wconf 87' lang='lat' dir='ltr'><strong>aliter</strong></span> <span class='ocrx_word' id='word_1_181' title='bbox 2830 2915 2832 2922; x_wconf 70' lang='grc'><strong>’</strong></span> 
     </span>
    </p>
   </div>
   <div class='ocr_carea' id='block_1_6' title="bbox 613 3084 1627 4121">
    <p class='ocr_par' dir='ltr' id='par_1_6' title="bbox 617 3084 1625 3218">
     <span class='ocr_line' id='line_1_24' title="bbox 617 3084 1625 3164; baseline 0.006 -28"><span class='ocrx_word' id='word_1_182' title='bbox 617 3094 674 3136; x_wconf 77' lang='lat' dir='ltr'><strong>et</strong></span> <span class='ocrx_word' id='word_1_183' title='bbox 695 3101 876 3136; x_wconf 78' lang='lat' dir='ltr'><strong>verum</strong></span> <span class='ocrx_word' id='word_1_184' title='bbox 901 3084 1049 3138; x_wconf 68' lang='lat' dir='ltr'><strong>dixit.</strong></span> <span class='ocrx_word' id='word_1_185' title='bbox 1079 3088 1246 3141; x_wconf 68' lang='lat' dir='ltr'><strong>Gnon.</strong></span> <span class='ocrx_word' id='word_1_186' title='bbox 1275 3091 1431 3142; x_wconf 81' lang='lat' dir='ltr'><strong>Forte</strong></span> <span class='ocrx_word' id='word_1_187' title='bbox 1454 3111 1467 3139; x_wconf 71' lang='grc' dir='ltr'><strong>ε</strong></span> <span class='ocrx_word' id='word_1_188' title='bbox 1496 3091 1625 3164; x_wconf 73' lang='lat' dir='ltr'><strong>quia</strong></span> 
     </span>
     <span class='ocr_line' id='line_1_25' title="bbox 619 3166 893 3218; baseline -0.007 0"><span class='ocrx_word' id='word_1_189' title='bbox 619 3166 893 3218; x_wconf 75' lang='lat' dir='ltr'><strong>victurum.</strong></span> 
     </span>
    </p>

    <p class='ocr_par' dir='ltr' id='par_1_7' title="bbox 613 3243 1627 4121">
     <span class='ocr_line' id='line_1_26' title="bbox 705 3243 1621 3316; baseline 0.01 -21"><span class='ocrx_word' id='word_1_190' title='bbox 705 3261 750 3296; x_wconf 84' lang='grc' dir='ltr'><strong>ι.</strong></span> <span class='ocrx_word' id='word_1_191' title='bbox 801 3243 1163 3298; x_wconf 59' lang='lat' dir='ltr'><strong>pertimuisti.</strong></span> <span class='ocrx_word' id='word_1_192' title='bbox 1215 3247 1581 3304; x_wconf 70' lang='lat' dir='ltr'><strong>Proedomuista·</strong></span> <span class='ocrx_word' id='word_1_193' title='bbox 1603 3289 1621 3316; x_wconf 90' lang='lat'>,</span> 
     </span>
     <span class='ocr_line' id='line_1_27' title="bbox 617 3321 1622 3396; baseline 0.005 -21"><span class='ocrx_word' id='word_1_194' title='bbox 617 3321 742 3375; x_wconf 85' lang='lat' dir='ltr'><strong>edit.</strong></span> <span class='ocrx_word' id='word_1_195' title='bbox 792 3321 924 3374; x_wconf 71' lang='lat' dir='ltr'><strong>alia».</strong></span> <span class='ocrx_word' id='word_1_196' title='bbox 975 3353 1048 3363; x_wconf 89' lang='lat'>—</span> <span class='ocrx_word' id='word_1_197' title='bbox 1094 3325 1362 3396; x_wconf 74' lang='lat' dir='ltr'><strong>Fuqientis</strong></span> <span class='ocrx_word' id='word_1_198' title='bbox 1411 3328 1622 3380; x_wconf 74' lang='lat' dir='ltr'><strong>anima·-</strong></span> 
     </span>
     <span class='ocr_line' id='line_1_28' title="bbox 617 3402 1627 3477; baseline 0.008 -24"><span class='ocrx_word' id='word_1_199' title='bbox 617 3403 866 3454; x_wconf 76' lang='lat' dir='ltr'><strong>Francius</strong></span> <span class='ocrx_word' id='word_1_200' title='bbox 889 3402 1146 3470; x_wconf 80' lang='lat' dir='ltr'><strong>malebat,</strong></span> <span class='ocrx_word' id='word_1_201' title='bbox 1154 3403 1412 3477; x_wconf 72' lang='lat' dir='ltr'><strong>fuqae&#39;entt‘.</strong></span> <span class='ocrx_word' id='word_1_202' title='bbox 1440 3435 1509 3446; x_wconf 91' lang='lat'><strong>-·</strong></span> <span class='ocrx_word' id='word_1_203' title='bbox 1532 3408 1627 3461; x_wconf 83' lang='lat' dir='ltr'><strong>Ve-</strong></span> 
     </span>
     <span class='ocr_line' id='line_1_29' title="bbox 615 3482 1624 3556; baseline 0.006 -22"><span class='ocrx_word' id='word_1_204' title='bbox 615 3501 732 3535; x_wconf 80' lang='lat' dir='ltr'><strong>rum</strong></span> <span class='ocrx_word' id='word_1_205' title='bbox 769 3482 957 3536; x_wconf 71' lang='lat' dir='ltr'><strong>dixisti.</strong></span> <span class='ocrx_word' id='word_1_206' title='bbox 995 3484 1100 3537; x_wconf 77' lang='lat' dir='ltr'><strong>Alii</strong></span> <span class='ocrx_word' id='word_1_207' title='bbox 1135 3485 1280 3556; x_wconf 79' lang='lat' dir='ltr'><strong>apud</strong></span> <span class='ocrx_word' id='word_1_208' title='bbox 1315 3486 1624 3556; x_wconf 74' lang='lat' dir='ltr'><strong>AErodinm,</strong></span> 
     </span>
     <span class='ocr_line' id='line_1_30' title="bbox 615 3561 1625 3637; baseline 0.006 -23"><span class='ocrx_word' id='word_1_209' title='bbox 615 3561 728 3614; x_wconf 74' lang='lat' dir='ltr'><strong>dixi</strong></span> <span class='ocrx_word' id='word_1_210' title='bbox 743 3582 759 3610; x_wconf 92' lang='lat'><strong>.·</strong></span> <span class='ocrx_word' id='word_1_211' title='bbox 783 3564 876 3632; x_wconf 84' lang='lat' dir='ltr'><strong>qui</strong></span> <span class='ocrx_word' id='word_1_212' title='bbox 894 3561 1094 3616; x_wconf 79' lang='lat' dir='ltr'><strong>scilicet</strong></span> <span class='ocrx_word' id='word_1_213' title='bbox 1107 3563 1218 3616; x_wconf 76' lang='lat' dir='ltr'><strong>haec</strong></span> <span class='ocrx_word' id='word_1_214' title='bbox 1233 3583 1451 3637; x_wconf 84' lang='lat' dir='ltr'><strong>quoque</strong></span> <span class='ocrx_word' id='word_1_215' title='bbox 1462 3568 1625 3621; x_wconf 78' lang='lat' dir='ltr'><strong>verba</strong></span> 
     </span>
     <span class='ocr_line' id='line_1_31' title="bbox 617 3641 1621 3718; baseline 0.006 -26"><span class='ocrx_word' id='word_1_216' title='bbox 617 3653 764 3692; x_wconf 65' lang='grc' dir='ltr'>ποι-ιω</span> <span class='ocrx_word' id='word_1_217' title='bbox 785 3641 1196 3712; x_wconf 76' lang='lat' dir='ltr'><strong>adscripserunt.</strong></span> <span class='ocrx_word' id='word_1_218' title='bbox 1223 3646 1336 3697; x_wconf 84' lang='lat' dir='ltr'><strong>Nec</strong></span> <span class='ocrx_word' id='word_1_219' title='bbox 1361 3663 1621 3718; x_wconf 75' lang='lat' dir='ltr'><strong>repugno.</strong></span> 
     </span>
     <span class='ocr_line' id='line_1_32' title="bbox 613 3724 1623 3799; baseline 0.005 -24"><span class='ocrx_word' id='word_1_220' title='bbox 613 3725 785 3776; x_wconf 78' lang='lat' dir='ltr'><strong>Possit</strong></span> <span class='ocrx_word' id='word_1_221' title='bbox 815 3736 992 3775; x_wconf 75' lang='lat' dir='ltr'><strong>tamen</strong></span> <span class='ocrx_word' id='word_1_222' title='bbox 1025 3724 1213 3796; x_wconf 79' lang='lat' dir='ltr'><strong>aliquis</strong></span> <span class='ocrx_word' id='word_1_223' title='bbox 1245 3741 1435 3799; x_wconf 82' lang='lat' dir='ltr'><strong>putare</strong></span> <span class='ocrx_word' id='word_1_224' title='bbox 1456 3767 1472 3794; x_wconf 81' lang='lat'><strong>‚</strong></span> <span class='ocrx_word' id='word_1_225' title='bbox 1508 3747 1623 3782; x_wconf 78' lang='lat' dir='ltr'><strong>esse</strong></span> 
     </span>
     <span class='ocr_line' id='line_1_33' title="bbox 613 3802 1623 3874; baseline 0.004 -18"><span class='ocrx_word' id='word_1_226' title='bbox 613 3806 777 3874; x_wconf 78' lang='lat' dir='ltr'><strong>patris</strong></span> <span class='ocrx_word' id='word_1_227' title='bbox 802 3802 870 3856; x_wconf 82' lang='lat' dir='ltr'><strong>ad</strong></span> <span class='ocrx_word' id='word_1_228' title='bbox 895 3815 1150 3858; x_wconf 82' lang='lat' dir='ltr'><strong>tortorem</strong></span> <span class='ocrx_word' id='word_1_229' title='bbox 1166 3846 1183 3873; x_wconf 81' lang='lat'>,</span> <span class='ocrx_word' id='word_1_230' title='bbox 1207 3808 1501 3861; x_wconf 80' lang='lat' dir='ltr'><strong>simulantis</strong></span> <span class='ocrx_word' id='word_1_231' title='bbox 1524 3810 1623 3861; x_wconf 77' lang='lat' dir='ltr'><strong>sibi</strong></span> 
     </span>
     <span class='ocr_line' id='line_1_34' title="bbox 615 3883 1623 3956; baseline 0.004 -20"><span class='ocrx_word' id='word_1_232' title='bbox 615 3895 728 3936; x_wconf 60' lang='lat' dir='ltr'><strong>esne</strong></span> <span class='ocrx_word' id='word_1_233' title='bbox 761 3883 1115 3950; x_wconf 76' lang='lat' dir='ltr'><strong>satisfactum,</strong></span> <span class='ocrx_word' id='word_1_234' title='bbox 1147 3903 1310 3956; x_wconf 87' lang='lat' dir='ltr'><strong>quum</strong></span> <span class='ocrx_word' id='word_1_235' title='bbox 1333 3906 1513 3940; x_wconf 79' lang='lat' dir='ltr'><strong>revera</strong></span> <span class='ocrx_word' id='word_1_236' title='bbox 1534 3907 1623 3940; x_wconf 77' lang='lat' dir='ltr'><strong>vo·</strong></span> 
     </span>
     <span class='ocr_line' id='line_1_35' title="bbox 615 3963 1618 4040; baseline 0.008 -25"><span class='ocrx_word' id='word_1_237' title='bbox 615 3963 770 4016; x_wconf 75' lang='lat' dir='ltr'><strong>luerit</strong></span> <span class='ocrx_word' id='word_1_238' title='bbox 793 3967 1064 4037; x_wconf 81' lang='lat' dir='ltr'><strong>torqueri,</strong></span> <span class='ocrx_word' id='word_1_239' title='bbox 1095 3965 1266 4020; x_wconf 84' lang='lat' dir='ltr'><strong>donec</strong></span> <span class='ocrx_word' id='word_1_240' title='bbox 1299 3972 1509 4040; x_wconf 82' lang='lat' dir='ltr'><strong>periret.</strong></span> <span class='ocrx_word' id='word_1_241' title='bbox 1542 3973 1618 4023; x_wconf 80' lang='lat' dir='ltr'><strong>Ita</strong></span> 
     </span>
     <span class='ocr_line' id='line_1_36' title="bbox 615 4041 1619 4121; baseline 0.007 -28"><span class='ocrx_word' id='word_1_242' title='bbox 615 4041 897 4112; x_wconf 75' lang='lat' dir='ltr'><strong>legendum</strong></span> <span class='ocrx_word' id='word_1_243' title='bbox 914 4047 1080 4098; x_wconf 81' lang='lat' dir='ltr'><strong>foret:</strong></span> <span class='ocrx_word' id='word_1_244' title='bbox 1099 4049 1221 4099; x_wconf 80' lang='lat' dir='ltr'><strong>Jam</strong></span> <span class='ocrx_word' id='word_1_245' title='bbox 1239 4067 1422 4121; x_wconf 82' lang='lat' dir='ltr'><strong>parce,</strong></span> <span class='ocrx_word' id='word_1_246' title='bbox 1442 4068 1619 4102; x_wconf 81' lang='lat' dir='ltr'><strong>verum</strong></span> 
     </span>
    </p>
   </div>
   <div class='ocr_carea' id='block_1_7' title="bbox 614 4121 2822 4200">
    <p class='ocr_par' dir='ltr' id='par_1_8' title="bbox 614 4121 2822 4200">
     <span class='ocr_line' id='line_1_37' title="bbox 614 4121 2822 4200; baseline 0.007 -30"><span class='ocrx_word' id='word_1_247' title='bbox 614 4121 764 4174; x_wconf 71' lang='lat' dir='ltr'><strong>dixit.</strong></span> <span class='ocrx_word' id='word_1_248' title='bbox 793 4123 1034 4176; x_wconf 67' lang='lat' dir='ltr'><strong>Gnouw.</strong></span> <span class='ocrx_word' id='word_1_249' title='bbox 1065 4127 1188 4176; x_wconf 81' lang='lat' dir='ltr'><strong>Jam</strong></span> <span class='ocrx_word' id='word_1_250' title='bbox 1217 4143 1405 4198; x_wconf 80' lang='lat' dir='ltr'><strong>parce,</strong></span> <span class='ocrx_word' id='word_1_251' title='bbox 1438 4145 1616 4180; x_wconf 78' lang='lat' dir='ltr'><strong>verum</strong></span> <span class='ocrx_word' id='word_1_252' title='bbox 1699 4127 1881 4198; x_wconf 65' lang='lat' dir='ltr'><strong>posita·</strong></span> <span class='ocrx_word' id='word_1_253' title='bbox 1904 4127 2181 4200; x_wconf 79' lang='lat' dir='ltr'><strong>voluptatis</strong></span> <span class='ocrx_word' id='word_1_254' title='bbox 2198 4147 2313 4182; x_wconf 79' lang='lat' dir='ltr'><strong>con.</strong></span> <span class='ocrx_word' id='word_1_255' title='bbox 2334 4129 2457 4198; x_wconf 78' lang='lat' dir='ltr'><strong>vel,</strong></span> <span class='ocrx_word' id='word_1_256' title='bbox 2475 4137 2707 4184; x_wconf 64' lang='lat' dir='ltr'><strong>csano·</strong></span> <span class='ocrx_word' id='word_1_257' title='bbox 2820 4159 2822 4186; x_wconf 90' lang='lat'><strong>:</strong></span> 
     </span>
    </p>
   </div>
   <div class='ocr_carea' id='block_1_8' title="bbox 611 4197 1614 4280">
    <p class='ocr_par' dir='ltr' id='par_1_9' title="bbox 611 4197 1614 4280">
     <span class='ocr_line' id='line_1_38' title="bbox 611 4197 1614 4280; baseline 0.011 -32"><span class='ocrx_word' id='word_1_258' title='bbox 611 4197 724 4250; x_wconf 72' lang='lat' dir='ltr'><strong>dixi</strong></span> <span class='ocrx_word' id='word_1_259' title='bbox 755 4201 864 4253; x_wconf 66' lang='lat' dir='ltr'><strong>tibi.</strong></span> <span class='ocrx_word' id='word_1_260' title='bbox 897 4201 1290 4257; x_wconf 70' lang='lat' dir='ltr'><strong>Scuttrruoms.</strong></span> <span class='ocrx_word' id='word_1_261' title='bbox 1314 4205 1438 4256; x_wconf 80' lang='lat' dir='ltr'><strong>Jam</strong></span> <span class='ocrx_word' id='word_1_262' title='bbox 1457 4223 1614 4280; x_wconf 78' lang='lat' dir='ltr'><strong>parce</strong></span> 
     </span>
    </p>
   </div>
   <div class='ocr_carea' id='block_1_9' title="bbox 1705 3087 2711 3162">
    <p class='ocr_par' dir='ltr' id='par_1_10' title="bbox 1705 3087 2711 3162">
     <span class='ocr_line' id='line_1_39' title="bbox 1705 3087 2711 3162; baseline -0.002 -21"><span class='ocrx_word' id='word_1_263' title='bbox 1705 3107 1877 3141; x_wconf 73' lang='lat' dir='ltr'><strong>verum</strong></span> <span class='ocrx_word' id='word_1_264' title='bbox 1907 3089 2034 3141; x_wconf 71' lang='lat' dir='ltr'><strong>dixi.</strong></span> <span class='ocrx_word' id='word_1_265' title='bbox 2068 3089 2193 3142; x_wconf 69' lang='lat' dir='ltr'><strong>Istic</strong></span> <span class='ocrx_word' id='word_1_266' title='bbox 2206 3092 2357 3162; x_wconf 83' lang='lat' dir='ltr'><strong>jam,</strong></span> <span class='ocrx_word' id='word_1_267' title='bbox 2392 3087 2711 3143; x_wconf 78' lang='lat' dir='ltr'><strong>Obrechtus.</strong></span> 
     </span>
    </p>
   </div>
   <div class='ocr_carea' id='block_1_10' title="bbox 1780 3153 2830 3238">
    <p class='ocr_par' dir='ltr' id='par_1_11' title="bbox 1780 3153 2830 3238">
     <span class='ocr_line' id='line_1_40' title="bbox 1780 3153 2830 3238; baseline -0.001 -18"><span class='ocrx_word' id='word_1_268' title='bbox 1780 3185 1827 3220; x_wconf 75' lang='lat'><strong>2.</strong></span> <span class='ocrx_word' id='word_1_269' title='bbox 1857 3167 2017 3220; x_wconf 69' lang='lat' dir='ltr'><strong>Totus</strong></span> <span class='ocrx_word' id='word_1_270' title='bbox 2035 3167 2123 3218; x_wconf 74' lang='lat' dir='ltr'><strong>ln&#39;c</strong></span> <span class='ocrx_word' id='word_1_271' title='bbox 2142 3167 2368 3221; x_wconf 60' lang='lat' dir='ltr'><strong>animm.</strong></span> <span class='ocrx_word' id='word_1_272' title='bbox 2388 3169 2531 3238; x_wconf 63' lang='lat' dir='ltr'><strong>Lege</strong></span> <span class='ocrx_word' id='word_1_273' title='bbox 2544 3205 2563 3234; x_wconf 94' lang='lat'>‚</span> <span class='ocrx_word' id='word_1_274' title='bbox 2587 3179 2717 3220; x_wconf 68' lang='grc' dir='ltr'><strong>ωω</strong></span> <span class='ocrx_word' id='word_1_275' title='bbox 2828 3153 2830 3176; x_wconf 85' lang='grc'><strong>“</strong></span> 
     </span>
    </p>
   </div>
   <div class='ocr_carea' id='block_1_11' title="bbox 1704 3243 2713 3878">
    <p class='ocr_par' dir='ltr' id='par_1_12' title="bbox 1704 3243 2713 3620">
     <span class='ocr_line' id='line_1_41' title="bbox 1705 3243 2713 3318; baseline 0.001 -23"><span class='ocrx_word' id='word_1_276' title='bbox 1705 3243 1793 3296; x_wconf 76' lang='lat' dir='ltr'><strong>lu&#39;e</strong></span> <span class='ocrx_word' id='word_1_277' title='bbox 1824 3245 2011 3297; x_wconf 78' lang='lat' dir='ltr'><strong>mimus</strong></span> <span class='ocrx_word' id='word_1_278' title='bbox 2028 3286 2046 3312; x_wconf 87' lang='lat'>‚</span> <span class='ocrx_word' id='word_1_279' title='bbox 2080 3258 2143 3296; x_wconf 84' lang='lat' dir='ltr'><strong>ut</strong></span> <span class='ocrx_word' id='word_1_280' title='bbox 2180 3265 2345 3318; x_wconf 73' lang='lat' dir='ltr'><strong>supra</strong></span> <span class='ocrx_word' id='word_1_281' title='bbox 2384 3246 2713 3299; x_wconf 71' lang='lat' dir='ltr'><strong>Declamatio</strong></span> 
     </span>
     <span class='ocr_line' id='line_1_42' title="bbox 1706 3326 2711 3398; baseline -0.005 -18"><span class='ocrx_word' id='word_1_282' title='bbox 1706 3326 2022 3380; x_wconf 67' lang='lat' dir='ltr'><strong>cchxxut.</strong></span> <span class='ocrx_word' id='word_1_283' title='bbox 2052 3327 2273 3380; x_wconf 71' lang='lat' dir='ltr'><strong>Senum.</strong></span> <span class='ocrx_word' id='word_1_284' title='bbox 2300 3329 2463 3380; x_wconf 75' lang='lat' dir='ltr'><strong>-Et</strong></span> <span class='ocrx_word' id='word_1_285' title='bbox 2479 3341 2711 3398; x_wconf 74' lang='lat' dir='ltr'><strong>pactum.</strong></span> 
     </span>
     <span class='ocr_line' id='line_1_43' title="bbox 1706 3406 2711 3478; baseline -0.002 -20"><span class='ocrx_word' id='word_1_286' title='bbox 1706 3407 1823 3472; x_wconf 77' lang='grc' dir='ltr'><strong>Διι,</strong></span> <span class='ocrx_word' id='word_1_287' title='bbox 1845 3406 2027 3477; x_wconf 64' lang='lat' dir='ltr'><strong>fatam</strong></span> <span class='ocrx_word' id='word_1_288' title='bbox 2046 3445 2065 3472; x_wconf 85' lang='lat'>‚</span> <span class='ocrx_word' id='word_1_289' title='bbox 2090 3425 2190 3472; x_wconf 83' lang='lat' dir='ltr'><strong>an,</strong></span> <span class='ocrx_word' id='word_1_290' title='bbox 2210 3406 2467 3478; x_wconf 63' lang='lat' dir='ltr'><strong>factuam?</strong></span> <span class='ocrx_word' id='word_1_291' title='bbox 2498 3407 2711 3460; x_wconf 72' lang='lat' dir='ltr'><strong>Senon.</strong></span> 
     </span>
     <span class='ocr_line' id='line_1_44' title="bbox 1704 3484 2713 3548; baseline -0.001 -13"><span class='ocrx_word' id='word_1_292' title='bbox 1704 3513 1778 3524; x_wconf 91' lang='lat'><strong>-—</strong></span> <span class='ocrx_word' id='word_1_293' title='bbox 1798 3484 2127 3538; x_wconf 76' lang='lat' dir='ltr'><strong>Necessitate.</strong></span> <span class='ocrx_word' id='word_1_294' title='bbox 2152 3487 2265 3548; x_wconf 80' lang='lat' dir='ltr'><strong>An,</strong></span> <span class='ocrx_word' id='word_1_295' title='bbox 2294 3487 2639 3540; x_wconf 67' lang='lat' dir='ltr'><strong>necessitatis?</strong></span> <span class='ocrx_word' id='word_1_296' title='bbox 2658 3499 2713 3536; x_wconf 82' lang='lat' dir='ltr'><strong>ut</strong></span> 
     </span>
     <span class='ocr_line' id='line_1_45' title="bbox 1708 3565 2613 3620; baseline 0.003 -5"><span class='ocrx_word' id='word_1_297' title='bbox 1708 3565 1966 3616; x_wconf 78' lang='lat' dir='ltr'><strong>referatur</strong></span> <span class='ocrx_word' id='word_1_298' title='bbox 1988 3566 2054 3617; x_wconf 86' lang='lat' dir='ltr'><strong>ad</strong></span> <span class='ocrx_word' id='word_1_299' title='bbox 2079 3566 2363 3620; x_wconf 70' lang='lat' dir='ltr'><strong>misembor.</strong></span> <span class='ocrx_word' id='word_1_300' title='bbox 2390 3565 2613 3618; x_wconf 72' lang='lat' dir='ltr'><strong>Sanun.</strong></span> 
     </span>
    </p>

    <p class='ocr_par' dir='ltr' id='par_1_13' title="bbox 1706 3643 2711 3878">
     <span class='ocr_line' id='line_1_46' title="bbox 1778 3643 2707 3709; baseline 0.001 -14"><span class='ocrx_word' id='word_1_301' title='bbox 1778 3643 1830 3697; x_wconf 85' lang='grc'><strong>3.</strong></span> <span class='ocrx_word' id='word_1_302' title='bbox 1868 3645 2075 3698; x_wconf 76' lang='lat' dir='ltr'><strong>Horum</strong></span> <span class='ocrx_word' id='word_1_303' title='bbox 2116 3647 2267 3698; x_wconf 79' lang='lat' dir='ltr'><strong>mtr&#39;o.</strong></span> <span class='ocrx_word' id='word_1_304' title='bbox 2300 3646 2509 3699; x_wconf 74' lang='lat' dir='ltr'><strong>Harum</strong></span> <span class='ocrx_word' id='word_1_305' title='bbox 2548 3649 2707 3709; x_wconf 75' lang='lat' dir='ltr'><strong>ratio,</strong></span> 
     </span>
     <span class='ocr_line' id='line_1_47' title="bbox 1706 3725 2711 3800; baseline 0.003 -22"><span class='ocrx_word' id='word_1_306' title='bbox 1706 3741 1837 3796; x_wconf 77' lang='lat' dir='ltr'><strong>quas</strong></span> <span class='ocrx_word' id='word_1_307' title='bbox 1860 3726 1907 3776; x_wconf 73' lang='lat' dir='ltr'><strong>b.</strong></span> <span class='ocrx_word' id='word_1_308' title='bbox 1936 3737 1997 3778; x_wconf 82' lang='lat' dir='ltr'><strong>tr.</strong></span> <span class='ocrx_word' id='word_1_309' title='bbox 2026 3725 2310 3780; x_wconf 75' lang='lat' dir='ltr'><strong>voluntatis</strong></span> <span class='ocrx_word' id='word_1_310' title='bbox 2328 3725 2557 3800; x_wconf 82' lang='lat' dir='ltr'><strong>(nempe</strong></span> <span class='ocrx_word' id='word_1_311' title='bbox 2578 3731 2711 3780; x_wconf 77' lang='lat' dir='ltr'><strong>viro·</strong></span> 
     </span>
     <span class='ocr_line' id='line_1_48' title="bbox 1708 3803 2711 3878; baseline 0.004 -24"><span class='ocrx_word' id='word_1_312' title='bbox 1708 3803 1863 3873; x_wconf 84' lang='lat' dir='ltr'><strong>rum)</strong></span> <span class='ocrx_word' id='word_1_313' title='bbox 1886 3805 1937 3876; x_wconf 86' lang='lat' dir='ltr'><strong>f.</strong></span> <span class='ocrx_word' id='word_1_314' title='bbox 1975 3817 2245 3874; x_wconf 81' lang='lat' dir='ltr'><strong>parentes,</strong></span> <span class='ocrx_word' id='word_1_315' title='bbox 2286 3819 2389 3858; x_wconf 87' lang='lat' dir='ltr'><strong>etc.</strong></span> <span class='ocrx_word' id='word_1_316' title='bbox 2420 3807 2548 3870; x_wconf 73' lang='lat' dir='ltr'><strong>Vel,</strong></span> <span class='ocrx_word' id='word_1_317' title='bbox 2588 3825 2711 3878; x_wconf 76' lang='lat' dir='ltr'><strong>quas</strong></span> 
     </span>
    </p>
   </div>
   <div class='ocr_carea' id='block_1_12' title="bbox 1704 3883 2824 3958">
    <p class='ocr_par' dir='ltr' id='par_1_14' title="bbox 1704 3883 2824 3958">
     <span class='ocr_line' id='line_1_49' title="bbox 1704 3883 2824 3958; baseline 0 -25"><span class='ocrx_word' id='word_1_318' title='bbox 1704 3883 1863 3936; x_wconf 74' lang='lat' dir='ltr'><strong>brevis</strong></span> <span class='ocrx_word' id='word_1_319' title='bbox 1892 3885 2131 3938; x_wconf 76' lang='lat' dir='ltr'><strong>transitus</strong></span> <span class='ocrx_word' id='word_1_320' title='bbox 2158 3884 2443 3939; x_wconf 72' lang='lat' dir='ltr'><strong>voluntatis</strong></span> <span class='ocrx_word' id='word_1_321' title='bbox 2456 3887 2595 3958; x_wconf 73' lang='lat' dir='ltr'><strong>feeit</strong></span> <span class='ocrx_word' id='word_1_322' title='bbox 2616 3905 2709 3957; x_wconf 75' lang='lat' dir='ltr'><strong>pa-</strong></span> <span class='ocrx_word' id='word_1_323' title='bbox 2822 3903 2824 3933; x_wconf 81' lang='grc' dir='ltr'>ι</span> 
     </span>
    </p>
   </div>
   <div class='ocr_carea' id='block_1_13' title="bbox 1704 3970 2709 4121">
    <p class='ocr_par' dir='ltr' id='par_1_15' title="bbox 1704 3970 2709 4121">
     <span class='ocr_line' id='line_1_50' title="bbox 1704 3970 2705 4044; baseline 0.005 -24"><span class='ocrx_word' id='word_1_324' title='bbox 1704 3979 1871 4022; x_wconf 80' lang='lat' dir='ltr'><strong>rentes</strong></span> <span class='ocrx_word' id='word_1_325' title='bbox 1894 3970 2063 4024; x_wconf 74' lang='lat' dir='ltr'><strong>liberis</strong></span> <span class='ocrx_word' id='word_1_326' title='bbox 2082 3990 2187 4024; x_wconf 80' lang='lat' dir='ltr'><strong>non</strong></span> <span class='ocrx_word' id='word_1_327' title='bbox 2206 3972 2336 4037; x_wconf 73' lang='lat' dir='ltr'><strong>suis,</strong></span> <span class='ocrx_word' id='word_1_328' title='bbox 2352 3991 2482 4044; x_wconf 73' lang='lat' dir='ltr'><strong>quas</strong></span> <span class='ocrx_word' id='word_1_329' title='bbox 2498 3983 2639 4024; x_wconf 63' lang='grc' dir='ltr'><strong>εει-ἐπι</strong></span> <span class='ocrx_word' id='word_1_330' title='bbox 2652 3989 2705 4041; x_wconf 76' lang='lat' dir='ltr'><strong>p·</strong></span> 
     </span>
     <span class='ocr_line' id='line_1_51' title="bbox 1704 4048 2709 4121; baseline 0.002 -23"><span class='ocrx_word' id='word_1_331' title='bbox 1704 4061 1805 4098; x_wconf 75' lang='lat' dir='ltr'><strong>eto.</strong></span> <span class='ocrx_word' id='word_1_332' title='bbox 1832 4051 1965 4108; x_wconf 80' lang='lat' dir='ltr'><strong>Aut..</strong></span> <span class='ocrx_word' id='word_1_333' title='bbox 1995 4068 2123 4121; x_wconf 76' lang='lat' dir='ltr'><strong>quas</strong></span> <span class='ocrx_word' id='word_1_334' title='bbox 2150 4048 2324 4104; x_wconf 70' lang='lat' dir='ltr'><strong>litibus</strong></span> <span class='ocrx_word' id='word_1_335' title='bbox 2352 4051 2547 4103; x_wconf 70' lang='lat' dir='ltr'><strong>levibus</strong></span> <span class='ocrx_word' id='word_1_336' title='bbox 2570 4062 2709 4102; x_wconf 69' lang='lat' dir='ltr'><strong>exem</strong></span> 
     </span>
    </p>
   </div>
   <div class='ocr_carea' id='block_1_14' title="bbox 1706 4209 2283 4280">
    <p class='ocr_par' dir='ltr' id='par_1_16' title="bbox 1706 4209 2283 4280">
     <span class='ocr_line' id='line_1_52' title="bbox 1706 4209 2283 4280; baseline 0.005 -21"><span class='ocrx_word' id='word_1_337' title='bbox 1706 4225 1819 4259; x_wconf 83' lang='lat' dir='ltr'><strong>rum</strong></span> <span class='ocrx_word' id='word_1_338' title='bbox 1839 4209 2036 4280; x_wconf 79' lang='lat' dir='ltr'><strong>positoe.</strong></span> <span class='ocrx_word' id='word_1_339' title='bbox 2066 4209 2283 4263; x_wconf 72' lang='lat' dir='ltr'><strong>Scncvr.</strong></span> 
     </span>
    </p>
   </div>
  </div>
 </body>
</html>
