<?xml version="1.0" encoding="UTF-8"?>
<!DOCTYPE html PUBLIC "-//W3C//DTD XHTML 1.0 Transitional//EN"
    "http://www.w3.org/TR/xhtml1/DTD/xhtml1-transitional.dtd">
<html xmlns="http://www.w3.org/1999/xhtml" xml:lang="en" lang="en">
 <head>
  <title>
</title>
<meta http-equiv="Content-Type" content="text/html;charset=utf-8" />
  <meta name='ocr-system' content='tesseract 3.04.00' />
  <meta name='ocr-capabilities' content='ocr_page ocr_carea ocr_par ocr_line ocrx_word'/>
</head>
<body>
  <div class='ocr_page' id='page_1' title='image "./marcusfabiusqui06spalgoog_0248.png"; bbox 0 0 2855 4871; ppageno 0'>
   <div class='ocr_carea' id='block_1_1' title="bbox 586 404 2258 492">
    <p class='ocr_par' dir='ltr' id='par_1_1' title="bbox 586 404 2258 492">
     <span class='ocr_line' id='line_1_1' title="bbox 586 404 2258 492; baseline 0.001 -20"><span class='ocrx_word' id='word_1_1' title='bbox 586 404 1421 473; x_wconf 82' lang='lat' dir='ltr'><strong>DECLAMATIONES.</strong></span> <span class='ocrx_word' id='word_1_2' title='bbox 1471 406 1863 472; x_wconf 85' lang='lat' dir='ltr'>CCCVIII.</span> <span class='ocrx_word' id='word_1_3' title='bbox 2143 414 2258 492; x_wconf 75' lang='lat'><strong>24¹</strong></span> 
     </span>
    </p>
   </div>
   <div class='ocr_carea' id='block_1_2' title="bbox 137 529 2280 2471">
    <p class='ocr_par' dir='ltr' id='par_1_2' title="bbox 137 529 2280 2471">
     <span class='ocr_line' id='line_1_2' title="bbox 186 529 2273 631; baseline 0.002 -31"><span class='ocrx_word' id='word_1_4' title='bbox 186 529 667 629; x_wconf 82' lang='lat' dir='ltr'><strong>propinquum</strong></span> <span class='ocrx_word' id='word_1_5' title='bbox 706 550 1009 603; x_wconf 80' lang='lat' dir='ltr'><strong>vestrum</strong></span> <span class='ocrx_word' id='word_1_6' title='bbox 1062 529 1461 601; x_wconf 82' lang='lat' dir='ltr'><strong>intestatum</strong></span> <span class='ocrx_word' id='word_1_7' title='bbox 1510 530 1745 603; x_wconf 85' lang='lat' dir='ltr'><strong>fuisse.</strong></span> <span class='ocrx_word' id='word_1_8' title='bbox 1793 533 1944 604; x_wconf 92' lang='lat' dir='ltr'><strong>Hoc</strong></span> <span class='ocrx_word' id='word_1_9' title='bbox 1991 534 2273 631; x_wconf 83' lang='lat' dir='ltr'><strong>propius</strong></span> 
     </span>
     <span class='ocr_line' id='line_1_3' title="bbox 137 637 2270 743; baseline 0.003 -31"><span class='ocrx_word' id='word_1_10' title='bbox 137 637 145 644; x_wconf 79' lang='grc'><strong><em>’</em></strong></span> <span class='ocrx_word' id='word_1_11' title='bbox 186 642 628 743; x_wconf 77' lang='lat' dir='ltr'><strong>colligamus:</strong></span> <span class='ocrx_word' id='word_1_12' title='bbox 651 666 979 743; x_wconf 86' lang='lat' dir='ltr'><strong>putemus</strong></span> <span class='ocrx_word' id='word_1_13' title='bbox 1004 642 1195 716; x_wconf 86' lang='lat' dir='ltr'><strong>enim</strong></span> <span class='ocrx_word' id='word_1_14' title='bbox 1220 644 1484 714; x_wconf 85' lang='lat' dir='ltr'><strong>factum</strong></span> <span class='ocrx_word' id='word_1_15' title='bbox 1510 670 1652 715; x_wconf 89' lang='lat' dir='ltr'><strong>esse</strong></span> <span class='ocrx_word' id='word_1_16' title='bbox 1673 671 1900 717; x_wconf 88' lang='lat' dir='ltr'><strong>unum</strong></span> <span class='ocrx_word' id='word_1_17' title='bbox 1919 646 2050 735; x_wconf 76' lang='lat' dir='ltr'><strong>hoc</strong></span> <span class='ocrx_word' id='word_1_18' title='bbox 2075 666 2270 719; x_wconf 79' lang='lat' dir='ltr'><strong>testa-</strong></span> 
     </span>
     <span class='ocr_line' id='line_1_4' title="bbox 188 758 2277 861; baseline 0.002 -31"><span class='ocrx_word' id='word_1_19' title='bbox 188 780 542 850; x_wconf 88' lang='lat' dir='ltr'><strong>mentum,</strong></span> <span class='ocrx_word' id='word_1_20' title='bbox 580 761 771 858; x_wconf 86' lang='lat' dir='ltr'><strong>quod</strong></span> <span class='ocrx_word' id='word_1_21' title='bbox 804 758 1215 831; x_wconf 82' lang='lat' dir='ltr'><strong>damnastis:</strong></span> <span class='ocrx_word' id='word_1_22' title='bbox 1250 784 1427 830; x_wconf 90' lang='lat' dir='ltr'><strong>num</strong></span> <span class='ocrx_word' id='word_1_23' title='bbox 1461 758 1756 831; x_wconf 89' lang='lat' dir='ltr'><strong>dubium</strong></span> <span class='ocrx_word' id='word_1_24' title='bbox 1793 760 1949 853; x_wconf 83' lang='lat' dir='ltr'><strong>erit,</strong></span> <span class='ocrx_word' id='word_1_25' title='bbox 1984 763 2154 861; x_wconf 89' lang='lat' dir='ltr'><strong>quin</strong></span> <span class='ocrx_word' id='word_1_26' title='bbox 2187 763 2277 834; x_wconf 86' lang='lat' dir='ltr'><strong>ad</strong></span> 
     </span>
     <span class='ocr_line' id='line_1_5' title="bbox 182 874 2273 976; baseline 0.003 -33"><span class='ocrx_word' id='word_1_27' title='bbox 182 900 295 945; x_wconf 75' lang='lat' dir='ltr'><strong>vos</strong></span> <span class='ocrx_word' id='word_1_28' title='bbox 324 875 512 948; x_wconf 88' lang='lat' dir='ltr'><strong>bona</strong></span> <span class='ocrx_word' id='word_1_29' title='bbox 545 875 1047 974; x_wconf 79' lang='lat' dir='ltr'><strong>pertinuerint,</strong></span> <span class='ocrx_word' id='word_1_30' title='bbox 1078 896 1436 973; x_wconf 81' lang='lat' dir='ltr'><strong>tamquam</strong></span> <span class='ocrx_word' id='word_1_31' title='bbox 1473 874 1799 967; x_wconf 80' lang='lat' dir='ltr'><strong>intestati,</strong></span> <span class='ocrx_word' id='word_1_32' title='bbox 1835 878 1906 948; x_wconf 90' lang='lat' dir='ltr'><strong>id</strong></span> <span class='ocrx_word' id='word_1_33' title='bbox 1932 898 2064 968; x_wconf 86' lang='lat' dir='ltr'><strong>est,</strong></span> <span class='ocrx_word' id='word_1_34' title='bbox 2095 879 2273 976; x_wconf 87' lang='lat' dir='ltr'><strong>quin</strong></span> 
     </span>
     <span class='ocr_line' id='line_1_6' title="bbox 185 986 2276 1086; baseline 0.003 -29"><span class='ocrx_word' id='word_1_35' title='bbox 185 986 273 1059; x_wconf 79' lang='lat' dir='ltr'><strong>ita</strong></span> <span class='ocrx_word' id='word_1_36' title='bbox 298 988 593 1062; x_wconf 85' lang='lat' dir='ltr'><strong>heredes</strong></span> <span class='ocrx_word' id='word_1_37' title='bbox 613 990 832 1062; x_wconf 85' lang='lat' dir='ltr'><strong>futuri</strong></span> <span class='ocrx_word' id='word_1_38' title='bbox 870 988 1173 1079; x_wconf 83' lang='lat' dir='ltr'><strong>fueritis,</strong></span> <span class='ocrx_word' id='word_1_39' title='bbox 1205 1010 1570 1086; x_wconf 85' lang='lat' dir='ltr'><strong>tamquam</strong></span> <span class='ocrx_word' id='word_1_40' title='bbox 1603 988 1720 1061; x_wconf 85' lang='lat' dir='ltr'><strong>ille</strong></span> <span class='ocrx_word' id='word_1_41' title='bbox 1749 991 2042 1063; x_wconf 87' lang='lat' dir='ltr'><strong>omnino</strong></span> <span class='ocrx_word' id='word_1_42' title='bbox 2069 1012 2276 1063; x_wconf 84' lang='lat' dir='ltr'><strong>testa-</strong></span> 
     </span>
     <span class='ocr_line' id='line_1_7' title="bbox 186 1102 2274 1204; baseline 0.001 -29"><span class='ocrx_word' id='word_1_43' title='bbox 186 1126 509 1177; x_wconf 85' lang='lat' dir='ltr'><strong>mentum</strong></span> <span class='ocrx_word' id='word_1_44' title='bbox 526 1132 673 1177; x_wconf 88' lang='lat' dir='ltr'><strong>non</strong></span> <span class='ocrx_word' id='word_1_45' title='bbox 686 1104 997 1177; x_wconf 83' lang='lat' dir='ltr'><strong>fecisset?</strong></span> <span class='ocrx_word' id='word_1_46' title='bbox 1020 1102 1210 1204; x_wconf 88' lang='lat' dir='ltr'><strong>quod</strong></span> <span class='ocrx_word' id='word_1_47' title='bbox 1236 1104 1291 1175; x_wconf 90' lang='lat' dir='ltr'><strong>si</strong></span> <span class='ocrx_word' id='word_1_48' title='bbox 1312 1103 1443 1176; x_wconf 91' lang='lat' dir='ltr'><strong>hoc</strong></span> <span class='ocrx_word' id='word_1_49' title='bbox 1463 1130 1584 1202; x_wconf 87' lang='lat' dir='ltr'><strong>pro</strong></span> <span class='ocrx_word' id='word_1_50' title='bbox 1605 1131 1748 1177; x_wconf 92' lang='lat' dir='ltr'><strong>non</strong></span> <span class='ocrx_word' id='word_1_51' title='bbox 1773 1107 1951 1179; x_wconf 85' lang='lat' dir='ltr'><strong>facto</strong></span> <span class='ocrx_word' id='word_1_52' title='bbox 1983 1126 2112 1197; x_wconf 89' lang='lat' dir='ltr'><strong>est,</strong></span> <span class='ocrx_word' id='word_1_53' title='bbox 2147 1132 2274 1179; x_wconf 87' lang='lat' dir='ltr'><strong>nec</strong></span> 
     </span>
     <span class='ocr_line' id='line_1_8' title="bbox 186 1219 2277 1319; baseline 0.002 -27"><span class='ocrx_word' id='word_1_54' title='bbox 186 1241 680 1294; x_wconf 74' lang='lat' dir='ltr'><strong>testamentum</strong></span> <span class='ocrx_word' id='word_1_55' title='bbox 731 1220 1021 1318; x_wconf 88' lang='lat' dir='ltr'><strong>quidem</strong></span> <span class='ocrx_word' id='word_1_56' title='bbox 1068 1219 1283 1292; x_wconf 86' lang='lat' dir='ltr'><strong>videri</strong></span> <span class='ocrx_word' id='word_1_57' title='bbox 1342 1240 1586 1319; x_wconf 90' lang='lat' dir='ltr'><strong>potest.</strong></span> <span class='ocrx_word' id='word_1_58' title='bbox 1639 1220 2020 1319; x_wconf 79' lang='lat' dir='ltr'>Fingamus</span> <span class='ocrx_word' id='word_1_59' title='bbox 2065 1223 2277 1296; x_wconf 87' lang='lat' dir='ltr'><strong>fuisse</strong></span> 
     </span>
     <span class='ocr_line' id='line_1_9' title="bbox 184 1334 2278 1437; baseline 0.002 -31"><span class='ocrx_word' id='word_1_60' title='bbox 184 1335 515 1408; x_wconf 83' lang='lat' dir='ltr'><strong>ultimum</strong></span> <span class='ocrx_word' id='word_1_61' title='bbox 540 1356 1033 1410; x_wconf 86' lang='lat' dir='ltr'><strong>testamentum</strong></span> <span class='ocrx_word' id='word_1_62' title='bbox 1054 1363 1067 1406; x_wconf 92' lang='lat'>:</span> <span class='ocrx_word' id='word_1_63' title='bbox 1094 1334 1379 1434; x_wconf 85' lang='lat' dir='ltr'><strong>quando</strong></span> <span class='ocrx_word' id='word_1_64' title='bbox 1394 1334 1806 1432; x_wconf 72' lang='lat' dir='ltr'>quaerimus?</span> <span class='ocrx_word' id='word_1_65' title='bbox 1829 1358 1998 1436; x_wconf 88' lang='lat' dir='ltr'><strong>puto</strong></span> <span class='ocrx_word' id='word_1_66' title='bbox 2013 1394 2031 1427; x_wconf 84' lang='lat'><strong>‚</strong></span> <span class='ocrx_word' id='word_1_67' title='bbox 2053 1365 2278 1437; x_wconf 89' lang='lat' dir='ltr'><strong>quum</strong></span> 
     </span>
     <span class='ocr_line' id='line_1_10' title="bbox 188 1450 2280 1551; baseline 0.002 -29"><span class='ocrx_word' id='word_1_68' title='bbox 188 1478 287 1525; x_wconf 88' lang='lat' dir='ltr'><strong>res</strong></span> <span class='ocrx_word' id='word_1_69' title='bbox 329 1452 407 1523; x_wconf 88' lang='lat' dir='ltr'><strong>in</strong></span> <span class='ocrx_word' id='word_1_70' title='bbox 456 1452 575 1525; x_wconf 83' lang='lat' dir='ltr'><strong>lite</strong></span> <span class='ocrx_word' id='word_1_71' title='bbox 616 1473 755 1541; x_wconf 85' lang='lat' dir='ltr'><strong>est,</strong></span> <span class='ocrx_word' id='word_1_72' title='bbox 787 1477 1009 1549; x_wconf 89' lang='lat' dir='ltr'><strong>quum</strong></span> <span class='ocrx_word' id='word_1_73' title='bbox 1053 1450 1125 1522; x_wconf 92' lang='lat' dir='ltr'><strong>in</strong></span> <span class='ocrx_word' id='word_1_74' title='bbox 1161 1450 1666 1548; x_wconf 84' lang='lat' dir='ltr'><strong>disputatione:</strong></span> <span class='ocrx_word' id='word_1_75' title='bbox 1699 1479 1828 1524; x_wconf 89' lang='lat' dir='ltr'><strong>nec</strong></span> <span class='ocrx_word' id='word_1_76' title='bbox 1863 1455 2160 1551; x_wconf 85' lang='lat' dir='ltr'>pertinet</span> <span class='ocrx_word' id='word_1_77' title='bbox 2190 1454 2280 1527; x_wconf 85' lang='lat' dir='ltr'><strong>ad</strong></span> 
     </span>
     <span class='ocr_line' id='line_1_11' title="bbox 189 1565 2278 1668; baseline 0.002 -31"><span class='ocrx_word' id='word_1_78' title='bbox 189 1593 307 1638; x_wconf 88' lang='lat' dir='ltr'><strong>nos</strong></span> <span class='ocrx_word' id='word_1_79' title='bbox 346 1566 539 1665; x_wconf 87' lang='lat' dir='ltr'><strong>quod</strong></span> <span class='ocrx_word' id='word_1_80' title='bbox 573 1566 784 1639; x_wconf 85' lang='lat' dir='ltr'><strong>fuerit</strong></span> <span class='ocrx_word' id='word_1_81' title='bbox 811 1565 1185 1655; x_wconf 82' lang='lat' dir='ltr'><strong>ultimum,</strong></span> <span class='ocrx_word' id='word_1_82' title='bbox 1224 1565 1345 1636; x_wconf 87' lang='lat' dir='ltr'><strong>sed</strong></span> <span class='ocrx_word' id='word_1_83' title='bbox 1384 1565 1574 1668; x_wconf 79' lang='lat' dir='ltr'><strong>quod</strong></span> <span class='ocrx_word' id='word_1_84' title='bbox 1608 1566 1714 1637; x_wconf 89' lang='lat' dir='ltr'><strong>sit.</strong></span> <span class='ocrx_word' id='word_1_85' title='bbox 1753 1566 1822 1637; x_wconf 92' lang='lat' dir='ltr'><strong>Si</strong></span> <span class='ocrx_word' id='word_1_86' title='bbox 1855 1566 1974 1668; x_wconf 89' lang='lat' dir='ltr'><strong>jus</strong></span> <span class='ocrx_word' id='word_1_87' title='bbox 2003 1569 2278 1668; x_wconf 89' lang='lat' dir='ltr'><strong>utrique</strong></span> 
     </span>
     <span class='ocr_line' id='line_1_12' title="bbox 188 1677 2280 1782; baseline 0.002 -29"><span class='ocrx_word' id='word_1_88' title='bbox 188 1700 601 1753; x_wconf 79' lang='lat' dir='ltr'><strong>testamento</strong></span> <span class='ocrx_word' id='word_1_89' title='bbox 621 1700 978 1769; x_wconf 82' lang='lat' dir='ltr'><strong>constaret,</strong></span> <span class='ocrx_word' id='word_1_90' title='bbox 1000 1681 1075 1751; x_wconf 88' lang='lat' dir='ltr'><strong>fu</strong></span> <span class='ocrx_word' id='word_1_91' title='bbox 1086 1679 1240 1751; x_wconf 85' lang='lat' dir='ltr'><strong>isset</strong></span> <span class='ocrx_word' id='word_1_92' title='bbox 1257 1677 1436 1750; x_wconf 85' lang='lat' dir='ltr'><strong>illud</strong></span> <span class='ocrx_word' id='word_1_93' title='bbox 1457 1678 1813 1771; x_wconf 85' lang='lat' dir='ltr'><strong>ultimum,</strong></span> <span class='ocrx_word' id='word_1_94' title='bbox 1834 1683 2022 1780; x_wconf 87' lang='lat' dir='ltr'><strong>quod</strong></span> <span class='ocrx_word' id='word_1_95' title='bbox 2045 1705 2280 1782; x_wconf 88' lang='lat' dir='ltr'><strong>postea</strong></span> 
     </span>
     <span class='ocr_line' id='line_1_13' title="bbox 187 1795 2278 1899; baseline 0.002 -31"><span class='ocrx_word' id='word_1_96' title='bbox 187 1798 444 1870; x_wconf 82' lang='lat' dir='ltr'><strong>factum</strong></span> <span class='ocrx_word' id='word_1_97' title='bbox 466 1818 603 1870; x_wconf 87' lang='lat' dir='ltr'><strong>est:</strong></span> <span class='ocrx_word' id='word_1_98' title='bbox 628 1796 749 1868; x_wconf 85' lang='lat' dir='ltr'><strong>illo</strong></span> <span class='ocrx_word' id='word_1_99' title='bbox 766 1823 925 1869; x_wconf 84' lang='lat' dir='ltr'><strong>vero</strong></span> <span class='ocrx_word' id='word_1_100' title='bbox 950 1796 1225 1867; x_wconf 83' lang='lat' dir='ltr'><strong>sublato</strong></span> <span class='ocrx_word' id='word_1_101' title='bbox 1255 1795 1500 1893; x_wconf 81' lang='lat' dir='ltr'><strong>incipit</strong></span> <span class='ocrx_word' id='word_1_102' title='bbox 1527 1795 1852 1870; x_wconf 87' lang='lat' dir='ltr'><strong>ultimum</strong></span> <span class='ocrx_word' id='word_1_103' title='bbox 1882 1826 2058 1889; x_wconf 89' lang='lat' dir='ltr'><strong>esse,</strong></span> <span class='ocrx_word' id='word_1_104' title='bbox 2089 1802 2278 1899; x_wconf 87' lang='lat' dir='ltr'><strong>quod</strong></span> 
     </span>
     <span class='ocr_line' id='line_1_14' title="bbox 190 1910 2280 2013; baseline 0.003 -29"><span class='ocrx_word' id='word_1_105' title='bbox 190 1913 503 1986; x_wconf 86' lang='lat' dir='ltr'><strong>relictum</strong></span> <span class='ocrx_word' id='word_1_106' title='bbox 536 1933 671 2003; x_wconf 83' lang='lat' dir='ltr'><strong>est,</strong></span> <span class='ocrx_word' id='word_1_107' title='bbox 707 1934 784 1984; x_wconf 90' lang='lat' dir='ltr'><strong>ut</strong></span> <span class='ocrx_word' id='word_1_108' title='bbox 824 1912 900 1985; x_wconf 88' lang='lat' dir='ltr'><strong>in</strong></span> <span class='ocrx_word' id='word_1_109' title='bbox 940 1910 1379 2003; x_wconf 78' lang='lat' dir='ltr'><strong>contentione</strong></span> <span class='ocrx_word' id='word_1_110' title='bbox 1414 1927 1724 2003; x_wconf 77' lang='lat' dir='ltr'><strong>cursus1,</strong></span> <span class='ocrx_word' id='word_1_111' title='bbox 1769 1914 1890 2011; x_wconf 92' lang='lat' dir='ltr'><strong>qui</strong></span> <span class='ocrx_word' id='word_1_112' title='bbox 1929 1918 2280 2013; x_wconf 81' lang='lat' dir='ltr'><strong>proximus</strong></span> 
     </span>
     <span class='ocr_line' id='line_1_15' title="bbox 190 2024 2280 2118; baseline 0.001 -18"><span class='ocrx_word' id='word_1_113' title='bbox 190 2030 273 2100; x_wconf 85' lang='lat' dir='ltr'><strong>ab</strong></span> <span class='ocrx_word' id='word_1_114' title='bbox 315 2027 569 2101; x_wconf 88' lang='lat' dir='ltr'><strong>ultimo</strong></span> <span class='ocrx_word' id='word_1_115' title='bbox 614 2027 861 2118; x_wconf 85' lang='lat' dir='ltr'><strong>fuerit,</strong></span> <span class='ocrx_word' id='word_1_116' title='bbox 910 2028 965 2099; x_wconf 91' lang='lat' dir='ltr'><strong>si</strong></span> <span class='ocrx_word' id='word_1_117' title='bbox 1008 2027 1283 2099; x_wconf 78' lang='lat' dir='ltr'><strong>desistat</strong></span> <span class='ocrx_word' id='word_1_118' title='bbox 1318 2024 1642 2117; x_wconf 86' lang='lat' dir='ltr'><strong>ultimus,</strong></span> <span class='ocrx_word' id='word_1_119' title='bbox 1685 2027 1756 2097; x_wconf 90' lang='lat' dir='ltr'><strong>in</strong></span> <span class='ocrx_word' id='word_1_120' title='bbox 1798 2054 2061 2100; x_wconf 87' lang='lat' dir='ltr'><strong>nomen</strong></span> <span class='ocrx_word' id='word_1_121' title='bbox 2093 2028 2280 2103; x_wconf 89' lang='lat' dir='ltr'><strong>illius</strong></span> 
     </span>
     <span class='ocr_line' id='line_1_16' title="bbox 191 2140 2280 2244; baseline 0.001 -30"><span class='ocrx_word' id='word_1_122' title='bbox 191 2144 561 2244; x_wconf 88' lang='lat' dir='ltr'><strong>locumque</strong></span> <span class='ocrx_word' id='word_1_123' title='bbox 590 2142 937 2215; x_wconf 88' lang='lat' dir='ltr'><strong>succedit:</strong></span> <span class='ocrx_word' id='word_1_124' title='bbox 972 2167 1135 2239; x_wconf 75' lang='lat' dir='ltr'><strong>ergo</strong></span> <span class='ocrx_word' id='word_1_125' title='bbox 1166 2162 1244 2212; x_wconf 89' lang='lat' dir='ltr'><strong>ut</strong></span> <span class='ocrx_word' id='word_1_126' title='bbox 1270 2165 1413 2211; x_wconf 89' lang='lat' dir='ltr'><strong>non</strong></span> <span class='ocrx_word' id='word_1_127' title='bbox 1440 2140 1652 2212; x_wconf 84' lang='lat' dir='ltr'><strong>fuerit</strong></span> <span class='ocrx_word' id='word_1_128' title='bbox 1675 2141 2006 2213; x_wconf 88' lang='lat' dir='ltr'><strong>ultimum</strong></span> <span class='ocrx_word' id='word_1_129' title='bbox 2038 2170 2280 2216; x_wconf 86' lang='lat' dir='ltr'><strong>meum</strong></span> 
     </span>
     <span class='ocr_line' id='line_1_17' title="bbox 190 2256 2277 2357; baseline 0 -27"><span class='ocrx_word' id='word_1_130' title='bbox 190 2258 567 2357; x_wconf 77' lang='lat' dir='ltr'><strong>aliquando</strong></span> <span class='ocrx_word' id='word_1_131' title='bbox 598 2276 1127 2346; x_wconf 85' lang='lat' dir='ltr'><strong>testamentum,</strong></span> <span class='ocrx_word' id='word_1_132' title='bbox 1162 2280 1353 2327; x_wconf 89' lang='lat' dir='ltr'><strong>nunc</strong></span> <span class='ocrx_word' id='word_1_133' title='bbox 1390 2256 1723 2327; x_wconf 87' lang='lat' dir='ltr'><strong>ultimum</strong></span> <span class='ocrx_word' id='word_1_134' title='bbox 1767 2278 1902 2348; x_wconf 88' lang='lat' dir='ltr'><strong>est;</strong></span> <span class='ocrx_word' id='word_1_135' title='bbox 1947 2278 2012 2330; x_wconf 88' lang='lat' dir='ltr'><strong>et</strong></span> <span class='ocrx_word' id='word_1_136' title='bbox 2050 2286 2162 2331; x_wconf 89' lang='lat' dir='ltr'><strong>vos</strong></span> <span class='ocrx_word' id='word_1_137' title='bbox 2205 2259 2277 2331; x_wconf 89' lang='lat' dir='ltr'><strong>id</strong></span> 
     </span>
     <span class='ocr_line' id='line_1_18' title="bbox 192 2368 2276 2471; baseline 0 -25"><span class='ocrx_word' id='word_1_138' title='bbox 192 2392 682 2447; x_wconf 86' lang='lat' dir='ltr'><strong>testamentum</strong></span> <span class='ocrx_word' id='word_1_139' title='bbox 696 2369 971 2461; x_wconf 73' lang='lat' dir='ltr'><strong>fecistiS,</strong></span> <span class='ocrx_word' id='word_1_140' title='bbox 998 2368 1401 2443; x_wconf 82' lang='lat' dir='ltr'><strong>damnando</strong></span> <span class='ocrx_word' id='word_1_141' title='bbox 1425 2368 1522 2462; x_wconf 87' lang='lat' dir='ltr'><strong>id,</strong></span> <span class='ocrx_word' id='word_1_142' title='bbox 1544 2371 1732 2469; x_wconf 88' lang='lat' dir='ltr'><strong>quod</strong></span> <span class='ocrx_word' id='word_1_143' title='bbox 1757 2392 1991 2471; x_wconf 83' lang='lat' dir='ltr'><strong>postea</strong></span> <span class='ocrx_word' id='word_1_144' title='bbox 2013 2375 2276 2447; x_wconf 80' lang='lat' dir='ltr'><strong>factum</strong></span> 
     </span>
    </p>
   </div>
   <div class='ocr_carea' id='block_1_3' title="bbox 193 2512 1407 2668">
    <p class='ocr_par' dir='ltr' id='par_1_3' title="bbox 193 2512 1407 2668">
     <span class='ocr_line' id='line_1_19' title="bbox 193 2512 347 2565; baseline 0 -3"><span class='ocrx_word' id='word_1_145' title='bbox 193 2512 347 2565; x_wconf 78' lang='lat' dir='ltr'><strong>erat.</strong></span> 
     </span>
     <span class='ocr_line' id='line_1_20' title="bbox 1048 2602 1407 2668; baseline -0.008 0"><span class='ocrx_word' id='word_1_146' title='bbox 1048 2602 1089 2668; x_wconf 94' lang='lat' dir='ltr'>S</span> <span class='ocrx_word' id='word_1_147' title='bbox 1105 2605 1159 2666; x_wconf 92' lang='grc' dir='ltr'><strong>Ε</strong></span> <span class='ocrx_word' id='word_1_148' title='bbox 1176 2605 1231 2666; x_wconf 90' lang='lat' dir='ltr'>R</span> <span class='ocrx_word' id='word_1_149' title='bbox 1242 2603 1316 2666; x_wconf 83' lang='lat' dir='ltr'>M</span> <span class='ocrx_word' id='word_1_150' title='bbox 1330 2603 1407 2668; x_wconf 93' lang='grc' dir='ltr'><strong>Ο.</strong></span> 
     </span>
    </p>
   </div>
   <div class='ocr_carea' id='block_1_4' title="bbox 285 2743 1736 2840">
    <p class='ocr_par' dir='ltr' id='par_1_4' title="bbox 285 2743 1736 2840">
     <span class='ocr_line' id='line_1_21' title="bbox 285 2743 1736 2840; baseline -0.004 -28"><span class='ocrx_word' id='word_1_151' title='bbox 285 2749 429 2814; x_wconf 89' lang='lat' dir='ltr'><strong>Hoc</strong></span> <span class='ocrx_word' id='word_1_152' title='bbox 454 2747 535 2812; x_wconf 87' lang='lat' dir='ltr'><strong>ad</strong></span> <span class='ocrx_word' id='word_1_153' title='bbox 558 2745 760 2812; x_wconf 82' lang='lat' dir='ltr'><strong>verba</strong></span> <span class='ocrx_word' id='word_1_154' title='bbox 782 2745 976 2834; x_wconf 77' lang='lat' dir='ltr'><strong>legis,</strong></span> <span class='ocrx_word' id='word_1_155' title='bbox 1007 2743 1172 2809; x_wconf 89' lang='lat' dir='ltr'><strong>illud</strong></span> <span class='ocrx_word' id='word_1_156' title='bbox 1199 2743 1284 2809; x_wconf 82' lang='lat' dir='ltr'><strong>ad</strong></span> <span class='ocrx_word' id='word_1_157' title='bbox 1308 2744 1736 2840; x_wconf 72' lang='lat' dir='ltr'><strong>voluntatem.</strong></span> 
     </span>
    </p>
   </div>
   <div class='ocr_carea' id='block_1_5' title="bbox 879 2865 1580 2985">
    <p class='ocr_par' dir='ltr' id='par_1_5' title="bbox 879 2865 1580 2985">
     <span class='ocr_line' id='line_1_22' title="bbox 879 2865 1580 2985; baseline -0.009 0"><span class='ocrx_word' id='word_1_158' title='bbox 879 2865 1580 2985; x_wconf 26' lang='lat' dir='ltr'>DECL‘AMATIO.</span> 
     </span>
    </p>
   </div>
   <div class='ocr_carea' id='block_1_6' title="bbox 198 3066 2277 3745">
    <p class='ocr_par' dir='ltr' id='par_1_6' title="bbox 198 3066 2277 3745">
     <span class='ocr_line' id='line_1_23' title="bbox 280 3066 2277 3173; baseline -0.003 -26"><span class='ocrx_word' id='word_1_159' title='bbox 280 3073 482 3166; x_wconf 86' lang='lat' dir='ltr'><strong>Quid</strong></span> <span class='ocrx_word' id='word_1_160' title='bbox 511 3093 838 3173; x_wconf 82' lang='lat' dir='ltr'><strong>putamus</strong></span> <span class='ocrx_word' id='word_1_161' title='bbox 866 3089 1235 3169; x_wconf 69' lang='lat' dir='ltr'><strong>sequutum</strong></span> <span class='ocrx_word' id='word_1_162' title='bbox 1268 3094 1408 3139; x_wconf 85' lang='lat' dir='ltr'><strong>esse</strong></span> <span class='ocrx_word' id='word_1_163' title='bbox 1439 3066 1665 3165; x_wconf 80' lang='lat' dir='ltr'><strong>legem</strong></span> <span class='ocrx_word' id='word_1_164' title='bbox 1684 3121 1702 3154; x_wconf 84' lang='lat'>,</span> <span class='ocrx_word' id='word_1_165' title='bbox 1735 3093 1886 3165; x_wconf 85' lang='lat' dir='ltr'><strong>quae</strong></span> <span class='ocrx_word' id='word_1_166' title='bbox 1916 3066 2136 3140; x_wconf 87' lang='lat' dir='ltr'><strong>valere</strong></span> <span class='ocrx_word' id='word_1_167' title='bbox 2161 3096 2277 3141; x_wconf 91' lang='lat' dir='ltr'><strong>vo-</strong></span> 
     </span>
     <span class='ocr_line' id='line_1_24' title="bbox 198 3181 2272 3280; baseline -0.001 -21"><span class='ocrx_word' id='word_1_168' title='bbox 198 3188 322 3262; x_wconf 88' lang='lat' dir='ltr'><strong>luit</strong></span> <span class='ocrx_word' id='word_1_169' title='bbox 350 3188 687 3261; x_wconf 89' lang='lat' dir='ltr'><strong>ultimum</strong></span> <span class='ocrx_word' id='word_1_170' title='bbox 711 3181 1242 3258; x_wconf 79' lang='lat' dir='ltr'><strong>testamentum?</strong></span> <span class='ocrx_word' id='word_1_171' title='bbox 1262 3182 1475 3252; x_wconf 88' lang='lat' dir='ltr'><strong>Plura</strong></span> <span class='ocrx_word' id='word_1_172' title='bbox 1498 3181 1720 3252; x_wconf 86' lang='lat' dir='ltr'><strong>valere</strong></span> <span class='ocrx_word' id='word_1_173' title='bbox 1751 3207 1891 3253; x_wconf 92' lang='lat' dir='ltr'><strong>non</strong></span> <span class='ocrx_word' id='word_1_174' title='bbox 1921 3205 2272 3280; x_wconf 86' lang='lat' dir='ltr'><strong>poterant:</strong></span> 
     </span>
     <span class='ocr_line' id='line_1_25' title="bbox 200 3296 2275 3392; baseline -0.003 -14"><span class='ocrx_word' id='word_1_175' title='bbox 200 3328 257 3378; x_wconf 86' lang='lat' dir='ltr'><strong>et</strong></span> <span class='ocrx_word' id='word_1_176' title='bbox 303 3307 379 3377; x_wconf 89' lang='lat' dir='ltr'><strong>in</strong></span> <span class='ocrx_word' id='word_1_177' title='bbox 436 3327 580 3376; x_wconf 85' lang='lat' dir='ltr'><strong>tam</strong></span> <span class='ocrx_word' id='word_1_178' title='bbox 628 3301 947 3374; x_wconf 86' lang='lat' dir='ltr'><strong>mutabili</strong></span> <span class='ocrx_word' id='word_1_179' title='bbox 1000 3321 1249 3372; x_wconf 81' lang='lat' dir='ltr'><strong>natura</strong></span> <span class='ocrx_word' id='word_1_180' title='bbox 1303 3296 1784 3370; x_wconf 86' lang='lat' dir='ltr'><strong>humanorum</strong></span> <span class='ocrx_word' id='word_1_181' title='bbox 1838 3301 2234 3372; x_wconf 86' lang='lat' dir='ltr'><strong>animorum</strong></span> <span class='ocrx_word' id='word_1_182' title='bbox 2258 3358 2275 3392; x_wconf 86' lang='lat'><strong>,</strong></span> 
     </span>
     <span class='ocr_line' id='line_1_26' title="bbox 199 3414 2276 3514; baseline -0.002 -20"><span class='ocrx_word' id='word_1_183' title='bbox 199 3422 475 3495; x_wconf 87' lang='lat' dir='ltr'><strong>diversis</strong></span> <span class='ocrx_word' id='word_1_184' title='bbox 506 3419 917 3506; x_wconf 77' lang='lat' dir='ltr'><strong>heredibuS‚</strong></span> <span class='ocrx_word' id='word_1_185' title='bbox 952 3417 1187 3490; x_wconf 87' lang='lat' dir='ltr'><strong>media</strong></span> <span class='ocrx_word' id='word_1_186' title='bbox 1218 3415 1306 3488; x_wconf 90' lang='lat' dir='ltr'><strong>lis</strong></span> <span class='ocrx_word' id='word_1_187' title='bbox 1337 3414 1854 3514; x_wconf 86' lang='lat' dir='ltr'><strong>relinquebatur</strong></span> <span class='ocrx_word' id='word_1_188' title='bbox 1881 3443 1896 3485; x_wconf 90' lang='lat'>:</span> <span class='ocrx_word' id='word_1_189' title='bbox 1929 3418 2276 3514; x_wconf 86' lang='lat' dir='ltr'><strong>optimum</strong></span> 
     </span>
     <span class='ocr_line' id='line_1_27' title="bbox 199 3531 2274 3635; baseline -0.001 -26"><span class='ocrx_word' id='word_1_190' title='bbox 199 3539 553 3612; x_wconf 79' lang='lat' dir='ltr'><strong>videbatur</strong></span> <span class='ocrx_word' id='word_1_191' title='bbox 584 3563 765 3625; x_wconf 88' lang='lat' dir='ltr'><strong>esse,</strong></span> <span class='ocrx_word' id='word_1_192' title='bbox 800 3555 879 3607; x_wconf 88' lang='lat' dir='ltr'><strong>ut</strong></span> <span class='ocrx_word' id='word_1_193' title='bbox 907 3535 1224 3635; x_wconf 86' lang='lat' dir='ltr'><strong>proxima</strong></span> <span class='ocrx_word' id='word_1_194' title='bbox 1263 3559 1556 3630; x_wconf 82' lang='lat' dir='ltr'><strong>quaeque</strong></span> <span class='ocrx_word' id='word_1_195' title='bbox 1589 3531 1910 3603; x_wconf 84' lang='lat' dir='ltr'><strong>voluntas</strong></span> <span class='ocrx_word' id='word_1_196' title='bbox 1951 3533 2228 3605; x_wconf 86' lang='lat' dir='ltr'><strong>duraret</strong></span> <span class='ocrx_word' id='word_1_197' title='bbox 2257 3563 2274 3606; x_wconf 70' lang='grc' dir='ltr'>ε</span> 
     </span>
     <span class='ocr_line' id='line_1_28' title="bbox 202 3645 2274 3745; baseline -0.001 -22"><span class='ocrx_word' id='word_1_198' title='bbox 202 3653 317 3725; x_wconf 88' lang='lat' dir='ltr'><strong>hac</strong></span> <span class='ocrx_word' id='word_1_199' title='bbox 338 3678 501 3725; x_wconf 84' lang='lat' dir='ltr'><strong>vero</strong></span> <span class='ocrx_word' id='word_1_200' title='bbox 528 3650 828 3741; x_wconf 81' lang='lat' dir='ltr'><strong>sublata,</strong></span> <span class='ocrx_word' id='word_1_201' title='bbox 850 3676 1123 3722; x_wconf 83' lang='lat' dir='ltr'><strong>necesse</strong></span> <span class='ocrx_word' id='word_1_202' title='bbox 1148 3661 1286 3720; x_wconf 83' lang='lat' dir='ltr'><strong>est²</strong></span> <span class='ocrx_word' id='word_1_203' title='bbox 1314 3673 1467 3719; x_wconf 87' lang='lat' dir='ltr'><strong>eam</strong></span> <span class='ocrx_word' id='word_1_204' title='bbox 1493 3645 1775 3736; x_wconf 87' lang='lat' dir='ltr'><strong>durare,</strong></span> <span class='ocrx_word' id='word_1_205' title='bbox 1803 3673 1954 3745; x_wconf 87' lang='lat' dir='ltr'><strong>quae</strong></span> <span class='ocrx_word' id='word_1_206' title='bbox 1983 3649 2129 3719; x_wconf 85' lang='lat' dir='ltr'><strong>sola</strong></span> <span class='ocrx_word' id='word_1_207' title='bbox 2153 3670 2274 3723; x_wconf 87' lang='lat' dir='ltr'><strong>est.</strong></span> 
     </span>
    </p>
   </div>
   <div class='ocr_carea' id='block_1_7' title="bbox 200 3798 2283 4189">
    <p class='ocr_par' dir='ltr' id='par_1_7' title="bbox 200 3798 2280 4034">
     <span class='ocr_line' id='line_1_29' title="bbox 269 3798 2280 3872; baseline -0.002 -15"><span class='ocrx_word' id='word_1_208' title='bbox 269 3823 311 3857; x_wconf 85' lang='grc' dir='ltr'><strong>ι.</strong></span> <span class='ocrx_word' id='word_1_209' title='bbox 344 3805 419 3858; x_wconf 75' lang='lat' dir='ltr'><strong>Ue</strong></span> <span class='ocrx_word' id='word_1_210' title='bbox 440 3805 731 3857; x_wconf 72' lang='lat' dir='ltr'><strong>intentione</strong></span> <span class='ocrx_word' id='word_1_211' title='bbox 754 3821 942 3858; x_wconf 76' lang='lat' dir='ltr'><strong>cursus.</strong></span> <span class='ocrx_word' id='word_1_212' title='bbox 977 3802 1157 3856; x_wconf 80' lang='lat' dir='ltr'><strong>Scribe</strong></span> <span class='ocrx_word' id='word_1_213' title='bbox 1176 3824 1191 3855; x_wconf 71' lang='grc' dir='ltr'><strong>ε</strong></span> <span class='ocrx_word' id='word_1_214' title='bbox 1261 3800 1448 3872; x_wconf 78' lang='lat' dir='ltr'><strong>fuerit.</strong></span> <span class='ocrx_word' id='word_1_215' title='bbox 1479 3801 1734 3851; x_wconf 79' lang='lat' dir='ltr'><strong>Francius</strong></span> <span class='ocrx_word' id='word_1_216' title='bbox 1767 3800 1922 3850; x_wconf 78' lang='lat' dir='ltr'><strong>etiam</strong></span> <span class='ocrx_word' id='word_1_217' title='bbox 1952 3798 2193 3869; x_wconf 75' lang='lat' dir='ltr'><strong>legebat,</strong></span> <span class='ocrx_word' id='word_1_218' title='bbox 2220 3811 2280 3854; x_wconf 81' lang='lat' dir='ltr'><strong>ut</strong></span> 
     </span>
     <span class='ocr_line' id='line_1_30' title="bbox 200 3881 2278 3952; baseline -0.001 -17"><span class='ocrx_word' id='word_1_219' title='bbox 200 3895 253 3935; x_wconf 80' lang='lat' dir='ltr'><strong>ut</strong></span> <span class='ocrx_word' id='word_1_220' title='bbox 274 3884 329 3935; x_wconf 75' lang='lat' dir='ltr'><strong>in</strong></span> <span class='ocrx_word' id='word_1_221' title='bbox 356 3884 689 3936; x_wconf 75' lang='lat' dir='ltr'><strong>contentione</strong></span> <span class='ocrx_word' id='word_1_222' title='bbox 712 3901 896 3936; x_wconf 78' lang='lat' dir='ltr'><strong>cursus.</strong></span> <span class='ocrx_word' id='word_1_223' title='bbox 922 3883 1085 3934; x_wconf 69' lang='lat' dir='ltr'><strong>Gnou.</strong></span> <span class='ocrx_word' id='word_1_224' title='bbox 1116 3883 1195 3932; x_wconf 75' lang='lat' dir='ltr'><strong>lta</strong></span> <span class='ocrx_word' id='word_1_225' title='bbox 1274 3899 1381 3934; x_wconf 79' lang='lat' dir='ltr'><strong>non</strong></span> <span class='ocrx_word' id='word_1_226' title='bbox 1398 3881 1546 3952; x_wconf 67' lang='lat' dir='ltr'><strong>ficit,-</strong></span> <span class='ocrx_word' id='word_1_227' title='bbox 1572 3894 1624 3932; x_wconf 86' lang='lat' dir='ltr'><strong>et</strong></span> <span class='ocrx_word' id='word_1_228' title='bbox 1646 3882 1718 3933; x_wconf 78' lang='lat' dir='ltr'><strong>sic</strong></span> <span class='ocrx_word' id='word_1_229' title='bbox 1741 3899 1908 3947; x_wconf 77' lang='lat' dir='ltr'><strong>nunc,</strong></span> <span class='ocrx_word' id='word_1_230' title='bbox 1934 3892 2065 3941; x_wconf 73' lang='lat' dir='ltr'><strong>etc...</strong></span> <span class='ocrx_word' id='word_1_231' title='bbox 2089 3891 2175 3932; x_wconf 80' lang='lat' dir='ltr'><strong>est.</strong></span> <span class='ocrx_word' id='word_1_232' title='bbox 2210 3881 2278 3933; x_wconf 76' lang='lat' dir='ltr'><strong>Ut</strong></span> 
     </span>
     <span class='ocr_line' id='line_1_31' title="bbox 204 3959 1650 4034; baseline -0.002 -21"><span class='ocrx_word' id='word_1_233' title='bbox 204 3976 251 4013; x_wconf 86' lang='lat' dir='ltr'><strong>et</strong></span> <span class='ocrx_word' id='word_1_234' title='bbox 288 3963 646 4034; x_wconf 69' lang='lat' dir='ltr'><strong>Schultingius</strong></span> <span class='ocrx_word' id='word_1_235' title='bbox 682 3976 732 4014; x_wconf 87' lang='lat' dir='ltr'><strong>et</strong></span> <span class='ocrx_word' id='word_1_236' title='bbox 770 3961 898 4015; x_wconf 81' lang='lat' dir='ltr'><strong>Obr.</strong></span> <span class='ocrx_word' id='word_1_237' title='bbox 944 3975 997 4014; x_wconf 89' lang='lat' dir='ltr'><strong>et</strong></span> <span class='ocrx_word' id='word_1_238' title='bbox 1033 3975 1190 4014; x_wconf 85' lang='lat' dir='ltr'><strong>recte.</strong></span> <span class='ocrx_word' id='word_1_239' title='bbox 1274 3962 1444 4013; x_wconf 81' lang='lat' dir='ltr'><strong>omisit</strong></span> <span class='ocrx_word' id='word_1_240' title='bbox 1471 3959 1650 4011; x_wconf 81' lang='lat' dir='ltr'><strong>AErod.</strong></span> 
     </span>
    </p>

    <p class='ocr_par' dir='ltr' id='par_1_8' title="bbox 202 4038 2283 4189">
     <span class='ocr_line' id='line_1_32' title="bbox 203 4038 2278 4107; baseline 0 -15"><span class='ocrx_word' id='word_1_241' title='bbox 203 4041 267 4092; x_wconf 87' lang='lat' dir='ltr'><strong>Ut</strong></span> <span class='ocrx_word' id='word_1_242' title='bbox 315 4063 339 4088; x_wconf 76' lang='grc' dir='ltr'>ι</span> <span class='ocrx_word' id='word_1_243' title='bbox 357 4059 519 4093; x_wconf 74' lang='lat' dir='ltr'><strong>cursu</strong></span> <span class='ocrx_word' id='word_1_244' title='bbox 563 4040 957 4107; x_wconf 66' lang='lat' dir='ltr'><strong>contenda-e,-</strong></span> <span class='ocrx_word' id='word_1_245' title='bbox 1001 4041 1191 4092; x_wconf 79' lang='lat' dir='ltr'><strong>Justin.</strong></span> <span class='ocrx_word' id='word_1_246' title='bbox 1348 4056 1395 4090; x_wconf 79' lang='lat'><strong>2.</strong></span> <span class='ocrx_word' id='word_1_247' title='bbox 1420 4038 1632 4090; x_wconf 76' lang='lat' dir='ltr'><strong>Necesse</strong></span> <span class='ocrx_word' id='word_1_248' title='bbox 1663 4047 1736 4089; x_wconf 78' lang='lat' dir='ltr'><strong>est</strong></span> <span class='ocrx_word' id='word_1_249' title='bbox 1767 4053 1900 4086; x_wconf 85' lang='lat' dir='ltr'><strong>eam.</strong></span> <span class='ocrx_word' id='word_1_250' title='bbox 1934 4039 2056 4088; x_wconf 75' lang='lat' dir='ltr'><strong>flaec</strong></span> <span class='ocrx_word' id='word_1_251' title='bbox 2089 4042 2278 4092; x_wconf 81' lang='lat' dir='ltr'><strong>merito</strong></span> 
     </span>
     <span class='ocr_line' id='line_1_33' title="bbox 202 4115 2283 4189; baseline -0 -18"><span class='ocrx_word' id='word_1_252' title='bbox 202 4116 436 4172; x_wconf 77' lang='lat' dir='ltr'>XXXVII</span> <span class='ocrx_word' id='word_1_253' title='bbox 450 4157 468 4186; x_wconf 84' lang='lat'><strong>‚</strong></span> <span class='ocrx_word' id='word_1_254' title='bbox 508 4119 574 4189; x_wconf 71' lang='lat'><strong>4,</strong></span> <span class='ocrx_word' id='word_1_255' title='bbox 608 4136 627 4172; x_wconf 82' lang='grc' dir='ltr'>ι</span> <span class='ocrx_word' id='word_1_256' title='bbox 645 4158 663 4187; x_wconf 84' lang='lat'><strong>‚</strong></span> <span class='ocrx_word' id='word_1_257' title='bbox 687 4133 740 4173; x_wconf 86' lang='lat' dir='ltr'><strong>et</strong></span> <span class='ocrx_word' id='word_1_258' title='bbox 771 4119 875 4172; x_wconf 75' lang='lat' dir='ltr'><strong>alii.</strong></span> <span class='ocrx_word' id='word_1_259' title='bbox 897 4149 968 4162; x_wconf 92' lang='lat'>—</span> <span class='ocrx_word' id='word_1_260' title='bbox 1000 4119 1069 4172; x_wconf 75' lang='lat' dir='ltr'><strong>Ut</strong></span> <span class='ocrx_word' id='word_1_261' title='bbox 1092 4136 1200 4171; x_wconf 80' lang='lat' dir='ltr'><strong>non</strong></span> <span class='ocrx_word' id='word_1_262' title='bbox 1278 4118 1504 4169; x_wconf 79' lang='lat' dir='ltr'><strong>restituit</strong></span> <span class='ocrx_word' id='word_1_263' title='bbox 1520 4115 1604 4169; x_wconf 85' lang='lat' dir='ltr'><strong>ed.</strong></span> <span class='ocrx_word' id='word_1_264' title='bbox 1621 4116 1830 4187; x_wconf 87' lang='lat' dir='ltr'><strong>Bipont.</strong></span> <span class='ocrx_word' id='word_1_265' title='bbox 1853 4132 1954 4185; x_wconf 86' lang='lat' dir='ltr'><strong>pro</strong></span> <span class='ocrx_word' id='word_1_266' title='bbox 1973 4134 2168 4171; x_wconf 79' lang='lat' dir='ltr'><strong>necesse</strong></span> <span class='ocrx_word' id='word_1_267' title='bbox 2183 4137 2283 4173; x_wconf 70' lang='lat' dir='ltr'><strong>esee</strong></span> 
     </span>
    </p>
   </div>
   <div class='ocr_carea' id='block_1_8' title="bbox 410 4203 1998 4259">
    <p class='ocr_par' dir='ltr' id='par_1_9' title="bbox 410 4203 1998 4259">
     <span class='ocr_line' id='line_1_34' title="bbox 410 4203 1998 4259; baseline -0.004 0"><span class='ocrx_word' id='word_1_268' title='bbox 410 4206 461 4259; x_wconf 88' lang='grc'><strong>6.</strong></span> <span class='ocrx_word' id='word_1_269' title='bbox 1939 4203 1998 4252; x_wconf 78' lang='grc'><strong>16</strong></span> 
     </span>
    </p>
   </div>
  </div>
 </body>
</html>
