2855 4871
1647 334 1676 377 ο

521 435 645 501 508
1016 438 1114 501 M:
1158 436 1412 501 FABII
1457 436 2097 519 QUINTILIANI

520 685 1095 710 mmmmm

1869 688 2602 714 mmmmlvn„

1148 852 1961 931 CCCLXXXVII.

1080 1048 1301 1119 Fortis
1333 1045 1666 1119 abdicans
1685 1064 2045 1119 servatum.

602 1219 985 1279 Desertorem
1020 1216 1221 1278 filium
1239 1232 1280 1289 ¹,
1316 1216 1491 1298 cujus
1527 1218 1853 1279 desertoris
1891 1219 2148 1280 salutem
2191 1221 2326 1302 ipse
2360 1220 2530 1282 fortis

1241 1318 1594 1388 optaverat,
1632 1307 1893 1367 abdicat.

1221 1477 1923 1542 DECLAMATIO.

628 1616 817 1685 Duas
836 1613 1020 1712 leges
1037 1612 1282 1705 habui,
1303 1613 1427 1687 viri
1445 1613 1661 1701 fortis,
1682 1634 1749 1685 et
1766 1612 1971 1712 patris
1991 1640 2006 1683 :
2029 1611 2155 1683 viri
2177 1611 2375 1685 fortis
2396 1612 2605 1712 legem

536 1727 848 1799 transtuli
878 1729 952 1800 in
976 1750 1247 1829 patrem
1260 1759 1280 1819 ;
1306 1728 1518 1828 patris
1533 1784 1552 1819 ,
1579 1729 1654 1800 in
1678 1728 1908 1801 virum
1929 1728 2208 1799 fortem.
2369 1712 2378 1722 ’

826 1946 2614 1994 mmmmmwmmflnnlmmmmu

1074 2084 1081 2091 ⁰
1148 2136 2010 2216 CCCLxxxwu.

1356 2337 1580 2407 Λυὶα2
1615 2339 1805 2405 testis.

540 2499 661 2578 Qui
701 2497 967 2562 hahebat
1002 2513 1297 2578 matrem,
1336 2503 1513 2564 duxit
1543 2523 1833 2576 uxorem,
1871 2523 2099 2584 εις-φη
2131 2515 2352 2564 natum
2390 2503 2589 2566 filium
2609 2549 2624 2580 ,

620 2594 771 2654 aviae
794 2593 1197 2654 nutriendum
1220 2593 1407 2654 dedit.
1437 2595 1713 2656 Moriens
1737 2592 2028 2654 heredem
2055 2591 2256 2654 filium
2279 2594 2462 2655 fecit:
2497 2597 2630 2656 sub-

620 2683 814 2743 stituit
832 2677 1151 2744 uxorem3:
1181 2685 1658 2770 dispensatorem
1679 2705 1862 2744 suum
1881 2685 2240 2743 manumitti
2253 2683 2455 2766 jussit.
2479 2688 2630 2746 Puer

622 2774 907 2836 reductus
954 2775 1035 2836 ad
1075 2789 1370 2849 matrem,
1417 2788 1478 2834 et
1520 2773 1598 2832 ab
1640 2796 1709 2833 ea
1754 2776 1822 2833 in
1867 2773 2065 2835 fundo
2105 2774 2456 2848 maritimo,
2499 2776 2633 2834 visis

622 2865 869 2946 piratis,
899 2865 1175 2942 relictus,
1212 2886 1345 2926 non
1378 2865 1742 2946 comparuit.
1779 2863 1923 2925 Post
1955 2884 2184 2945 paucos
2220 2862 2347 2923 dies
2379 2863 2635 2924 cadaver

626 2952 903 3012 confusis
940 2955 1363 3028 lineamentis,
1403 2954 1574 3036 quod
1611 2952 1776 3014 filius
1815 2965 2152 3036 putaretur,
2185 2955 2253 3012 in
2289 2952 2456 3012 idem
2495 2953 2634 3012 litus

627 3039 885 3121 ejectum
906 3086 923 3116 ‚
956 3059 1153 3103 mater
1185 3045 1379 3104 ductis
1418 3043 1700 3125 sepelivit
1731 3043 2045 3124 exsequiis.
2079 3042 2485 3122 Dispensator
2509 3061 2636 3099 ma-

628 3129 937 3188 numissus
974 3127 1052 3189 ab
1080 3153 1149 3191 ea
1182 3147 1323 3213 post
1358 3133 1596 3214 aliquot
1633 3151 1827 3192 annos
1864 3131 2251 3210 negotiatum
2289 3129 2636 3212 profectus,

630 3217 1069 3280 adolescentem
1085 3264 1103 3294 ‚
1131 3241 1315 3300 quem
1338 3223 1670 3283 dominum
1697 3221 1960 3295 diceret,
1988 3219 2152 3302 apud
2175 3219 2638 3279 venalitiarium

630 3321 969 3392 repertum,
1002 3307 1241 3390 judicio
1278 3333 1579 3387 asserens,
1622 3311 1837 3371 evicit:
1869 3329 2010 3368 cum
2050 3329 2124 3370 eo
2159 3310 2412 3368 revertit
2445 3309 2512 3368 in
2541 3327 2640 3388 pa-

628 3401 834 3460 triam.
860 3399 1129 3461 Puerum
1155 3402 1439 3481 agnoscit
1465 3403 1638 3462 avia:
1671 3413 1853 3482 negat
1875 3421 2056 3460 suum
2083 3410 2295 3458 mater.

1248 3561 1954 3630 DECLAMATIO.

656 3703 952 3774 Causam
973 3760 991 3793 ‚
1018 3701 1327 3804 judiceS,
1356 3703 1716 3804 probatam
1757 3725 2036 3800 peregre
2057 3753 2074 3788 ,
2110 3695 2480 3797 probatam
2513 3693 2644 3766 do-

636 3863 678 3898 ι.
712 3848 1029 3900 Desertorem
1050 3845 1259 3920 filium.
1293 3849 1564 3902 Servamm
1643 3844 1784 3898 edita
1807 3861 1928 3896 cum
1957 3841 2270 3911 Quintiliani
2297 3837 2646 3891 Institutioni-

558 3923 859 3978 desertorem
874 3925 1059 3998 filium
1084 3946 1251 3999 marg.
1279 3927 1457 3980 AErod.
1491 3955 1562 3968 --
1641 3923 1772 3988 bus,
1805 3937 1859 3975 et
1890 3923 2012 3974 XIX
2043 3918 2335 3989 majoribus
2371 3915 2648 3968 Declama-

560 4003 1564 4060 Desenomsaluoemfflesertorisoemri
1641 4004 1904 4070 tionibus,
1929 4001 2083 4055 Basil.
2113 3999 2272 4066 1548,
2297 3997 2430 4049 ini-8.
2451 3999 2646 4047 Ama..

562 4083 721 4134 vitam
742 4087 873 4156 ipse,
894 4087 1075 4140 AErod.
1711 4085 1764 4135 3.
1787 4082 2058 4136 Substituit
2081 4095 2312 4132 morem.
2339 4074 2402 4127 ld
2429 4088 2542 4137 est,
2569 4075 2648 4123 in-

637 4179 683 4214 2.
731 4164 883 4216 Avia.
924 4167 1046 4217 Haec
1086 4165 1415 4218 Declamatio
1450 4168 1563 4236 jam
1643 4163 1814 4216 stituit
1855 4177 2076 4214 uxorem
2113 4153 2365 4210 heredem
2402 4151 2504 4206 sub
2541 4149 2646 4204 filio
