2855 4871
583 445 667 528 84
1084 445 1177 510 M.
1225 444 1477 508 FABn
1523 442 2158 525 QUINTILlANI

586 569 721 642 niri
756 567 1059 666 profecto
1092 591 1235 637 non
1267 563 1564 663 poterit?
1597 590 1741 636 non
1777 583 1984 662 negat
2014 589 2084 635 se
2119 563 2192 634 in
2223 563 2401 634 hauc
2430 559 2641 662 legem

582 683 941 769 incidisse3
984 681 1104 753 sed
1136 679 1382 752 eadem
1420 679 1815 778 rogatione,
1861 679 1973 751 cui
2009 677 2444 768 contradixit,
2473 677 2644 749 solu-

581 821 737 872 tum
767 824 908 870 esse
940 794 1299 868 contendit
1326 822 1340 864 ε
1378 793 1720 892 placuisse
1753 793 1947 865 enim
1978 775 2258 891 publice
2279 851 2297 884 ,
2329 813 2408 863 ut
2433 792 2647 864 omni·

578 916 713 986 bus
746 911 1229 1012 ignominiosis
1274 930 1440 981 nota
1479 909 1954 982 remitteretur.
1997 911 2156 980 Non
2203 908 2416 980 miror
2457 907 2646 979 istum

578 1053 722 1103 tam
748 1031 1147 1127 frequenter
1169 1003 1634 1098 contradicere
1659 1054 1674 1096 :
1697 1026 1839 1098 vim
1871 1026 2109 1123 legum
2135 1051 2382 1124 parum
2406 1022 2649 1123 perspi-

580 1147 703 1218 cit:
731 1172 872 1244 quo
896 1142 1289 1243 pertineant
1314 1142 1738 1241 rogationes,
1765 1161 1888 1213 aut
1906 1139 2322 1229 dissimulat,
2349 1159 2467 1212 aut
2484 1138 2650 1236 igno-

580 1282 702 1333 rat.
728 1258 918 1330 Ferri
949 1258 1251 1358 profecto
1280 1259 1548 1356 rogatio
1563 1316 1583 1349 ,
1608 1257 1876 1357 quoties
1901 1282 2102 1356 poena
2125 1255 2361 1354 aliqua
2383 1252 2648 1326 remitti-

577 1397 712 1467 tur,
758 1401 902 1447 non
934 1393 1189 1473 potest,
1234 1372 1370 1444 nisi
1409 1374 1496 1445 de
1531 1373 1676 1464 his,
1721 1374 1844 1473 qui
1884 1399 2086 1472 poena
2107 1372 2260 1474 jam
2292 1389 2642 1443 tenentur:

580 1490 653 1563 id
684 1489 795 1562 vel
836 1488 1245 1587 cogitatione
1280 1485 1463 1588 ejus,
1499 1487 1620 1586 qui
1656 1488 1816 1560 tulit
1853 1485 2315 1586 rogationem,
2349 1484 2456 1556 vel
2486 1482 2648 1555 aesti-

584 1603 891 1676 matione
934 1601 1217 1702 populi,
1245 1602 1357 1673 vel
1392 1601 1540 1700 ipsa
1581 1602 1677 1673 rei
1721 1622 1973 1674 natura
2015 1600 2530 1701 perspiciamus
2561 1599 2647 1685 Is,

580 1719 703 1817 qui
727 1719 991 1792 ferebat
1014 1718 1442 1816 rogationem
1463 1775 1481 1808 ,
1513 1743 1688 1790 num
1712 1717 1980 1816 aliquid
2009 1716 2301 1816 cogitare
2328 1714 2415 1787 de
2441 1741 2521 1786 eo
2546 1737 2654 1811 po·

582 1834 745 1924 tuit,
777 1833 900 1932 qui
932 1860 1074 1907 non
1100 1854 1244 1906 erat
1266 1833 1806 1932 ignominiosus?
1829 1859 2008 1925 non,
2033 1853 2114 1904 ut
2129 1831 2411 1932 opinor:
2443 1853 2650 1926 neque

584 1949 776 2024 enim
806 1949 921 2023 hic
941 1947 1090 2049 jam
1128 1969 1229 2020 ter
1254 1948 1754 2021 contradixerat
1781 1947 2120 2048 rogationi
2150 1974 2164 2018 :
2197 1973 2325 2018 nec
2353 1972 2442 2017 an
2468 1943 2652 2018 tertio

585 2063 1132 2136 contradicturus
1166 2083 1377 2154 esset,
1415 2062 1722 2136 divinare
1755 2083 2018 2163 poterat
2045 2090 2059 2132 :
2087 2088 2248 2160 ergo
2273 2060 2393 2160 qui
2419 2059 2654 2132 ferebat

584 2179 1052 2277 rogationem,
1100 2177 1281 2249 nihil
1323 2177 1411 2250 de
1444 2205 1526 2250 eo
1567 2177 1911 2278 cogitavit.
1947 2176 2292 2278 Populus,
2337 2201 2556 2273 quum
2590 2173 2652 2243 in

584 2293 956 2367 consilium
992 2293 1408 2384 mitteretur,
1455 2313 1526 2366 et
1565 2294 2002 2367 miseratione
2029 2293 2406 2365 hominum
2449 2314 2654 2363 move·

588 2431 797 2503 retur,
818 2411 913 2487 ,de
942 2410 1051 2483 his
1074 2410 1429 2511 cogitavit,
1463 2412 1586 2511 qui
1621 2411 2075 2512 ignominiosi
2095 2411 2246 2514 jam
2276 2430 2504 2482 erant:
2537 2407 2658 2480 for·

584 2550 758 2603 tasse
804 2546 1035 2601 motus
1078 2548 1177 2601 est
1216 2554 1552 2621 numero,
1599 2532 1884 2603 fortasse
1927 2551 2160 2602 motus
2199 2548 2300 2601 est
2330 2526 2654 2627 personiS‚

584 2648 871 2721 fortasse
913 2664 1147 2718 motus
1190 2664 1293 2717 est
1334 2647 1582 2719 causis.
1623 2647 1762 2719 Hic
1809 2672 2038 2743 neque
2084 2646 2158 2716 in
2205 2669 2502 2717 numero
2535 2664 2656 2714 esse

588 2781 890 2860 poterat3
921 2760 1245 2837 nondum
1276 2762 1472 2833 enim
1501 2761 1988 2861 ignominiosis
2015 2782 2414 2849 accesserat;
2451 2782 2656 2857 neque

590 2904 795 2949 causa
828 2875 1277 2968 miserabiliS,
1312 2876 1438 2976 qui
1474 2903 1564 2949 ne
1593 2878 1964 2950 damnatus
1998 2877 2286 2978 quidem
2313 2897 2530 2948 esset:
2561 2898 2662 2944 ne-

592 3014 728 3085 que
751 3015 1045 3086 persona
1062 3004 1079 3034 ¹
1105 3017 1304 3090 :ergo
1329 3018 1459 3064 nec
1483 2992 1607 3090 qui
1630 2992 1894 3065 ferebat
1917 2992 2346 3091 rogationem
2363 3048 2381 3082 ,
2403 3016 2532 3062 nec
2551 2986 2658 3087 qui

590 3104 1004 3202 accipiebat,
1021 3105 1110 3176 de
1122 3105 1253 3178 hoc
1268 3107 1772 3205 cogitaverunt:
1791 3136 1983 3180 nunc
1998 3109 2221 3209 ipsam
2242 3108 2338 3179 rei
2359 3129 2658 3178 naturam

592 3218 1012 3289 intueamur.
1054 3218 1249 3309 Quid
1298 3222 1560 3295 remitti
1603 3242 1856 3322 potest,
1899 3222 2031 3295 nisi
2066 3222 2258 3323 quod
2298 3216 2662 3295 creditur2?

592 3332 740 3403 haec
773 3332 1033 3431 rogatio
1068 3332 1247 3405 nihil
1276 3334 1470 3407 aliud
1499 3336 1668 3427 fuit,
1700 3364 1917 3437 quam
1947 3336 2570 3436 ignominiosorum
2597 3332 2662 3403 in

579 3446 967 3547 pristinum
988 3468 1243 3521 statum
1264 3449 1634 3522 restitutio:
1659 3451 1986 3525 nondum
2013 3478 2158 3525 eras
2183 3452 2254 3523 in
2277 3477 2358 3523 ea
2373 3450 2660 3533 fortuna,

596 3582 679 3634 ut
710 3562 1172 3636 restituendus
1201 3590 1400 3638 esses.
1430 3566 1566 3641 Sed
1595 3567 1882 3658 eodem,
1918 3567 2189 3666 inquis,
2219 3588 2528 3665 tempore
2553 3586 2663 3659 ego

674 3775 717 3808 t.
748 3759 931 3830 Neque
954 3777 1191 3829 persona.
1218 3764 1317 3814 Hic
1340 3762 1446 3815 tale
1469 3763 1600 3836 quid
1755 3782 1802 3816 2.
1834 3764 1976 3836 Quid
1995 3763 2190 3816 mnitti
2207 3772 2397 3833 potest,
2423 3759 2524 3811 nisi
2542 3751 2669 3830 quod

594 3834 869 3903 desidero,
904 3858 926 3882 ι
945 3838 1087 3906 Quia
1114 3837 1325 3894 humilis
1350 3856 1401 3893 et
1424 3842 1600 3914 abjec-
1681 3844 1942 3896 creditur?
1979 3840 2252 3916 Numquid
2295 3838 2552 3892 tenditur?
2588 3842 2668 3885 aut

602 3938 625 3963 κ
644 3931 758 3984 tus,
786 3916 1090 3989 nulliusque
1121 3920 1175 3970 in
1206 3921 1480 3993 republica
1509 3944 1602 3977 au·
1681 3925 2003 3977 intenditur?
2023 3922 2394 3977 Gitonem-Nisi
2412 3918 2554 3993 quod
2571 3932 2668 3967 cre·

602 4018 626 4044 αι
647 4001 903 4053 etot-itatis
916 4038 935 4065 ‚
954 4002 1047 4073 qui
1071 4020 1237 4072 quum
1254 4004 1365 4073 jam
1389 4002 1598 4058 duabus
1679 4007 1878 4074 ditum,
1903 4005 2234 4071 obi-echnis,
2251 4006 2307 4055 in
2327 4015 2500 4065 textu,
2519 3996 2606 4051 sed
2620 3996 2667 4044 in

603 4097 627 4123 αι
646 4080 1010 4151 rogationibus
1026 4082 1454 4154 contradixisset,
1469 4103 1601 4137 nun-
1681 4086 2140 4141 emendationibus
2165 4085 2425 4137 meritum.
2453 4079 2539 4133 Nil
2567 4093 2669 4130 mu-

606 4179 628 4209 n
650 4177 805 4233 quam
828 4162 1074 4216 obtinuit.
1096 4186 1117 4211 ι
1144 4164 1325 4219 AEaon.
1679 4179 1806 4233 tem,
1816 4184 1940 4221 nam
1951 4158 2666 4239 praeced.congruiterediutr·
