2855 4871
714 438 1549 507 DECLAMATIONES.
1599 432 1860 500 xxiv.
2203 431 2332 518 569

234 562 446 662 rupit.
465 562 637 633 Vita
664 561 839 632 mihi
868 559 1150 649 tollitur,
1176 559 1296 630 sed
1328 585 1581 630 manus
1608 578 1892 656 paterna
1913 556 2139 628 debet.
2169 554 2330 626 Non

234 700 469 779 poteS,
506 700 733 777 pater,
770 678 941 777 legis
984 676 1297 777 ejusdem
1336 699 1405 748 et
1436 676 1736 773 irrogare
1773 673 2231 773 supplicium,
2267 690 2334 741 et

238 796 579 894 denegare
630 795 975 869 solatium.
1024 793 1322 865 Placabo
1376 792 1727 865 dexteram
1773 816 2004 863 meam
2031 803 2095 859 ¹:
2138 786 2332 875 cedo,

238 913 571 1011 tantisper
598 911 972 983 exosculor.
1011 912 1079 981 Ο
1115 934 1369 980 manus
1406 908 1576 980 olim
1615 932 1812 997 mea,
1847 930 1997 1004 quae
2033 930 2144 974 me
2177 928 2334 1001 par-

236 1026 485 1101 vulum
532 1052 711 1125 saepe
758 1024 1070 1124 gestasti,
1124 1050 1341 1123 quam
1384 1048 1560 1122 saepe
1599 1021 1918 1121 lacrymis
1959 1044 2134 1119 puer
2173 1018 2330 1091 lavi.

237 1144 479 1231 Erras,
512 1160 731 1239 pater,
772 1139 892 1239 qui
931 1138 1203 1211 facilius
1244 1137 1587 1212 existimas
1629 1136 2035 1239 hujusmodi
2075 1134 2334 1207 caedem

239 1255 510 1347 videre,
544 1282 761 1355 quam
794 1256 1039 1326 facere.

240 1516 728 1537 mmmm
736 1517 907 1537 mm
918 1516 1012 1536 m
1021 1518 1023 1521 ’

1148 1701 1431 1778 XXV.

933 1917 1157 1988 Fortis
1184 1916 1320 1987 duo
1344 1918 1655 2014 proemia.

248 2120 415 2179 Vino
453 2138 632 2179 ron-n
670 2139 793 2179 nuo
829 2139 1097 2180 mmmm.
1136 2120 1481 2179 Ram-Anum
1522 2138 1669 2178 Lex:
1715 2136 1904 2177 voum
1943 2134 2234 2175 RAP‘roms
2279 2134 2344 2173 us

324 2236 478 2276 num
521 2236 906 2277 TRIGESIMUM
956 2238 1358 2279 omri-,anum
1412 2219 1500 2277 Ex
1549 2216 1796 2277 duobus
1841 2212 2136 2275 fratribus
2183 2231 2348 2271 unus

330 2313 567 2393 rapuit:
590 2326 761 2395 rapta
785 2327 1043 2374 mortem
1066 2315 1338 2397 optavit:
1366 2334 1552 2397 poena
1577 2313 1768 2374 dilata
1793 2324 1911 2371 est:
1939 2310 2093 2370 alter
2111 2308 2350 2368 fortiter

328 2410 491 2474 fecit.
510 2412 723 2473 Primo
744 2414 1001 2496 praemio
1022 2416 1177 2498 petit
1194 2414 1400 2475 fratris
1422 2399 1943 2487 inc'olumitatem3
1968 2406 2349 2492 impetravit:

329 2509 633 2586 secundo,
657 2525 849 2593 raptae
878 2525 1145 2572 mortem
1169 2511 1443 2595 postuiat
1466 2536 1480 2570 2
1504 2511 1700 2571 frater
1721 2508 2107 2571 contradicit.

1036 2699 1189 2744 PRO
1238 2689 1568 2745 RAPTA’.

352 2821 544 2889 Dum
567 2817 711 2890 dies
731 2841 1085 2921 computo,
1108 2843 1175 2892 et
1192 2849 1231 2892 a
1254 2842 1449 2920 rapta
1467 2822 1740 2892 bonum
1760 2805 2103 2889 nuncium
2123 2839 2345 2911 spero,

253 2935 487 3007 subito
518 2935 891 3008 nunciatur
911 2940 1195 3011 fratrem
1217 2965 1458 3011 meum
1478 2937 1742 3010 venisse
1761 2937 2090 3009 victorem
2109 2989 2127 3021 ‚
2165 2931 2348 3030 peti*-

250 3069 396 3121 tam
434 3048 611 3120 mihi
639 3071 703 3122 et
728 3052 1008 3124 veniam
1026 3051 1080 3144 3,
1112 3054 1347 3153 putavi
1381 3053 1636 3156 pariter
1661 3072 1726 3123 et
1754 3048 2055 3152 nuptias,
2081 3049 2226 3119 Nec
2251 3045 2349 3117 dii

252 3215 493 3254 tet-entur
510 3201 621 3255 haec
641 3221 787 3256 sacra
800 3243 816 3269 ,
836 3207 1119 3259 necessitas
1139 3210 1263 3273 erit,

255 3296 317 3334 ut
342 3297 393 3334 et
419 3283 535 3353 ipsa
564 3299 712 3334 sacra
736 3283 1074 3351 violarentur,
1106 3299 1159 3336 et
1184 3287 1265 3338 fa-

256 3360 409 3412 miliae
440 3360 607 3431 gloria
641 3363 1009 3416 infuscat-etur.
1043 3364 1173 3431 Quae
1206 3378 1265 3416 ut

256 3458 401 3492 nunc
434 3442 592 3492 etiam
625 3442 915 3495 indelibata
950 3462 1265 3498 conserven—

260 3535 362 3585 tur,
387 3521 601 3572 minim‘e
618 3521 824 3592 judicat
846 3527 1153 3595 permittere
1176 3543 1266 3597 pa·

256 3611 391 3650 trem
406 3611 652 3670 oportere
664 3637 679 3664 ‚
690 3613 750 3652 ut
766 3601 873 3652 filio
882 3603 1037 3654 vilem
1051 3622 1264 3662 manum

260 3677 537 3732 admoveat
559 3679 821 3744 carnifex;
849 3701 1011 3753 quum
1037 3697 1264 3737 tantum-

258 3755 421 3807 modo
448 3755 531 3808 fas
556 3758 655 3823 sit,
686 3771 746 3808 ut
770 3761 886 3830 ipse
914 3760 1077 3812 filium
1102 3763 1265 3815 desti-

260 3847 437 3886 natam
469 3833 567 3887 diis
600 3837 884 3907 penatibus
914 3838 1141 3893 hostiam
1170 3847 1267 3895 im-

261 3911 443 3963 molet.
468 3913 687 3966 Senum.

341 4009 385 4045 ι.
408 3993 637 4050 Placabo
667 3997 929 4050 dexteram
958 4017 1146 4052 meam.
1172 4003 1267 4054 Le-

261 4091 331 4143 go
346 4109 363 4136 ,
396 4073 656 4125 dexteram
689 4087 833 4128 tuam
847 4115 866 4142 ,
900 4097 1015 4149 quae
1029 4115 1047 4142 ,
1076 4097 1233 4150 spero
1250 4119 1267 4148 ‚

263 4151 393 4205 mihi
416 4153 647 4207 incidere
671 4158 898 4210 cervices
920 4157 1077 4211 volet.
1103 4157 1221 4211 Scn.

1418 3224 1466 3258 α.
1489 3209 1594 3259 Pno
1613 3221 1787 3258 nnn.
1808 3205 1974 3275 Lege,
1994 3215 2086 3253 no
2103 3212 2348 3252 nii-Tou.

1347 3289 1496 3340 Ptrn.

1416 3367 1468 3420 3.
1491 3366 1716 3419 Petitam
1737 3364 1872 3416 mihi
1891 3374 1942 3414 et
1959 3362 2182 3413 veniam.
2200 3357 2354 3413 Videt

1346 3459 1432 3498 tm·
1455 3445 1707 3499 excidisse
1732 3463 1830 3495 vox
1857 3437 2189 3512 hujusmodi:
2218 3437 2354 3510 peti-

1344 3537 1454 3577 tam
1496 3523 1630 3574 mihi
1663 3531 1716 3572 et
1751 3521 2080 3591 impetratam
2125 3518 2350 3570 veniam.

1344 3606 1511 3657 Gnon.
1559 3605 1598 3654 F
1601 3615 1715 3654 orte
1763 3600 2044 3672 legendum
2060 3638 2077 3665 ‚
2109 3607 2352 3670 paratam

1344 3683 1479 3734 mihi
1513 3694 1567 3735 et
1597 3683 1800 3732 veniam
1828 3681 2046 3752 putavi,
2079 3677 2276 3750 pariter
2303 3685 2356 3726 et

1346 3763 1558 3836 nuptias
1574 3785 1590 3814 .-
1613 3779 1734 3814 nam
1760 3764 1813 3812 in
1835 3761 1975 3814 MSS.
1999 3757 2196 3810 librarii
2216 3773 2352 3826 saepe

1344 3841 1457 3894 haec
1481 3840 1642 3892 verba
1665 3853 2009 3891 commutant.
2034 3836 2186 3891 Ovid.
2211 3833 2350 3887 Med.

1344 3923 1468 3972 Fac.
1507 3938 1564 3972 αι
1591 3943 1602 3971 :
1644 3943 1665 3966 οι
1687 3918 1939 3972 Inductus
1973 3917 2114 3970 coilo
2149 3912 2352 3985 lapides

1352 4025 1373 4048 a
1396 4003 1598 4052 oriente
1619 4014 1851 4071 paratos.
1870 4023 1891 4046 a
1910 3998 2016 4052 Ubi
2035 3997 2122 4049 alii
2140 3993 2352 4047 codices

1342 4080 1546 4154 petitos.
1568 4082 1763 4132 Lucan.
1789 4083 1842 4145 1,
1871 4079 1968 4132 282
1994 4099 2006 4127 :
2040 4099 2062 4122 α
2085 4078 2180 4127 Par
2199 4073 2353 4126 labor

1352 4185 1375 4209 a
1396 4175 1556 4233 atque
1575 4173 1745 4213 metus
1765 4161 1935 4232 pretio
1954 4159 2152 4228 majore
2169 4167 2358 4228 petun-
