2855 4871
516 427 1349 496 DECLAMATIONES.
1398 429 1840 494 cccxxvl.
2089 431 2214 498 325

164 553 451 628 trimenti
484 553 713 627 civitas
746 552 1009 651 accepit
1037 580 1052 623 :
1102 552 1160 624 si
1198 552 1329 624 hoc
1364 552 1811 626 defenderem
1843 555 2217 631 infirmita-

158 691 284 742 tem
324 669 541 742 animi
588 668 773 757 mei,
814 668 973 741 satis
1014 667 1434 742 defensionis
1475 689 1683 759 esset,
1725 696 1868 744 non
1911 671 2067 744 odio
2103 701 2215 746 me

158 783 419 858 civitatis
448 783 713 856 fecisse.
750 783 1007 856 Filium
1037 810 1278 856 meum
1306 783 1823 857 immolandum
1858 813 2000 859 esse
2035 788 2222 860 dixe-

158 921 248 972 rat
288 900 491 972 deus:
537 919 777 999 putate
823 899 1041 999 egisse
1081 924 1235 988 me,
1283 925 1373 970 ne
1414 897 1927 972 immolaretur:
1971 902 2221 976 hostias

160 1017 345 1088 caedi¹
391 1015 883 1088 mirabamini?
926 1013 1137 1112 quid?
1174 1041 1291 1087 vos
1333 1040 1479 1086 non
1513 1015 1896 1089 maluistis?
1926 1020 2222 1090 Exorare

160 1157 332 1230 posse
355 1130 785 1204 solemnibus
809 1130 1013 1202 sacris
1045 1128 1608 1202 existimabamus
1633 1130 1833 1203 deos:
1870 1132 2081 1231 quid?
2105 1161 2224 1206 vos

160 1245 287 1318 haec
332 1245 640 1318 remedia
687 1273 831 1318 non
883 1243 1241 1318 tentastis?
1288 1248 1544 1320 Secum
1594 1246 1888 1346 quisque
1935 1249 2223 1347 cogitet,

161 1383 481 1460 quantum
512 1362 689 1435 mihi
720 1360 1125 1462 impositum
1155 1387 1355 1453 onus»,
1386 1361 1613 1461 qualis
1647 1383 1874 1434 exacta
1899 1389 2065 1436 vox:
2105 1363 2226 1436 sed

160 1503 237 1548 ne
262 1478 586 1551 mentitus
615 1477 901 1576 quidem
930 1503 1127 1566 sum3
1156 1502 1346 1548 sacra
1373 1476 1552 1576 exigi
1586 1502 1625 1549 a
1653 1476 1786 1549 diis
1815 1477 2228 1551 immortali-

160 1590 273 1664 bus
319 1593 496 1666 dixi:
552 1619 698 1664 non
751 1619 940 1665 sacra
991 1590 1489 1690 exigebantur?
1535 1618 1680 1663 non
1723 1592 1927 1664 sacris
1971 1591 2226 1692 placati

162 1709 335 1780 sunt?
358 1710 624 1810 alioqui
646 1709 825 1782 nihil
846 1736 961 1782 me
986 1709 1224 1781 fecisse
1248 1707 1698 1808 surripiendae
1721 1709 1953 1780 hostiae
1979 1709 2228 1808 gratia,

164 1823 257 1894 cui
283 1851 417 1897 non
444 1822 902 1897 manifestum
933 1823 1081 1896 est?
1110 1822 1413 1896 indicavi
1455 1823 1603 1895 filio
1643 1821 1932 1896 maximi
1977 1823 2226 1895 animi.

164 1939 320 2038 Ergo
342 1969 427 2014 ne
455 1941 593 2014 hac
621 1940 912 2040 quidem
938 1939 1141 2013 venia
1170 1939 1427 2038 dignus
1457 1959 1556 2012 est
1578 1958 1801 2038 pater,
1835 1938 1892 2009 si
1917 1938 2050 2010 hoc
2085 1939 2230 2010 filio

166 2053 354 2128 voluit
390 2055 666 2148 deberi,
703 2056 893 2154 quod
936 2055 1407 2128 moriebatur?
1435 2055 1625 2155 quod
1661 2053 1951 2153 quidem
1999 2080 2230 2150 neque

168 2169 403 2242 consilii
444 2170 635 2261 mei,
682 2197 912 2271 neque
960 2161 1334 2244 voluntatis
1388 2169 1698 2272 primum
1746 2169 1900 2241 fuit.
1959 2168 2233 2240 Credite

166 2309 335 2374 eum,
354 2289 468 2386 qui
487 2289 755 2386 legatus
778 2289 1023 2361 missus
1044 2287 1162 2380 sit,
1182 2287 1434 2360 credite
1454 2313 1617 2361 eum
1633 2343 1652 2378 ,
1675 2285 1797 2386 qui
1821 2311 2232 2384 responsum

169 2401 509 2501 acceperit,
560 2403 1104 2496 renunciaverit,
1147 2402 1327 2476 nihil
1370 2403 1610 2477 animo
1651 2429 1816 2492 suo,
1855 2399 2031 2474 nihil
2074 2427 2236 2501 pro·-

168 2515 291 2612 pria
312 2540 539 2591 mente
564 2519 835 2591 fecisse:
862 2519 993 2591 hoc
1013 2518 1315 2618 profecto
1336 2518 1775 2619 quaerebatur
1796 2516 2196 2615 exemplum
2210 2575 2229 2606 ,

168 2650 234 2699 ut
260 2655 639 2707 narraretur
671 2634 987 2736 juveni²‚
1021 2634 1145 2733 qui
1180 2662 1307 2734 pro
1350 2634 1706 2733 republica
1748 2653 2042 2705 mortem
2089 2659 2234 2704 non

170 2749 499 2841 recusavit,
538 2748 663 2847 qui
692 2748 765 2821 in
794 2770 1169 2847 conspectu
1202 2750 1463 2822 civium
1495 2746 1874 2822 visceribus
1913 2745 2052 2820 suis
2090 2747 2234 2817 fer-

172 2883 304 2931 mm
328 2864 691 2937 immersit.
726 2866 886 2936 Non
925 2864 1227 2965 potuisse
1266 2865 1470 2938 aliter
1505 2864 1690 2936 finiri
1727 2852 2230 2965 pestilentiam,

171 2979 489 3069 quomodo
510 2978 720 3051 vultis
738 2978 1161 3078 approbem?
1182 2980 1279 3053 sic
1299 2980 1501 3053 finita
1527 3000 1658 3051 est:
1685 3006 1830 3051 non
1857 2978 2048 3051 enim
2071 3006 2236 3078 pro—

170 3088 321 3163 fecto
359 3094 455 3165 dii
496 3094 926 3167 immortales
962 3121 1237 3195 poenam
1268 3095 1642 3197 petebant,
1677 3120 1810 3166 nec
1848 3093 1920 3165 in
1961 3092 2236 3193 suppli—

175 3286 193 3309 “
209 3264 335 3322 dant.
352 3296 375 3320 υ
388 3274 534 3329 Alios
552 3273 729 3346 legere
741 3314 757 3342 .,
772 3274 855 3328 lex
868 3276 1001 3330 loesoe
1015 3276 1142 3349 reip.
1222 3276 1380 3331 coedes
1390 3273 1812 3348 indiqnabimini.
1831 3272 1993 3343 Quid?
2002 3288 2098 3324 vos.
2111 3270 2229 3323 scu.

171 3342 273 3400 huic
283 3354 765 3425 criminiconiuneta
771 3392 789 3419 ,
800 3370 950 3408 notat
961 3356 1140 3408 AErod.
1220 3354 1393 3407 -Alii
1406 3376 1421 3417 3
1435 3356 1581 3407 Num
1594 3352 1848 3405 verberam
1855 3352 1906 3401 in
1916 3350 2234 3402 i?-Existi-

170 3422 315 3479 Buta.
337 3461 405 3472 —
429 3434 488 3485 Si
514 3434 613 3485 hoc
640 3434 965 3506 defenderem
996 3433 1145 3507 infir·
1222 3437 1507 3489 muhamas.
1525 3431 2232 3487 Existimabam.Scnutr.—

172 3506 395 3562 mitatem.
432 3512 712 3581 AErodim,
751 3516 849 3568 hic.
889 3518 1027 3589 Lege
1051 3540 1063 3569 :
1100 3519 1145 3570 si
1222 3520 1348 3573 Non
1365 3536 1527 3571 sacra.
1547 3518 1743 3571 Nonne
1758 3532 1931 3579 suem,
1957 3510 2137 3564 AErod.
2161 3542 2232 3551 —-

174 3583 255 3639 ¹¹⁰⁶
278 3592 599 3663 defenderem
634 3594 940 3669 infimitate
975 3596 1149 3650 animi
1225 3599 1351 3651 Non
1382 3596 1554 3651 sacris.
1587 3594 1663 3647 Ae
1692 3610 1798 3645 non
1823 3594 1944 3646 satis
1965 3590 2048 3662 pl.
2079 3610 2116 3643 s.
2145 3591 2236 3643 sed

172 3683 267 3733 me,
296 3691 397 3725 non
420 3678 540 3728 odio
562 3677 786 3729 civitatis
794 3677 980 3747 fecisse
988 3714 1005 3737 ,
1027 3679 1151 3729 satis
1226 3674 1456 3748 alioqui,
1479 3671 1655 3727 AErod.

172 3742 455 3815 d‘f‘fflonl's
481 3763 609 3807 erat·
633 3756 799 3807 0³08-
832 3750 1150 3824 Infirmitate
1302 3774 1348 3809 2.
1391 3757 1710 3809 Narraretur
1731 3754 1940 3825 juveni.
1983 3750 2229 3813 Juvem's,

172 3826 317 3877 animi
349 3830 481 3896 mei,
512 3851 620 3884 non
652 3831 773 3885 odio
808 3850 894 3884 me
927 3831 1151 3884 civitatis
1228 3833 1409 3887 AErod.
1440 3832 1640 3886 Schult.
1671 3830 1738 3884 ad
1767 3830 1950 3883 Senee.
1985 3830 2230 3879 controv.

164 3902 349 3975 fecisse,
372 3913 491 3965 satis
512 3912 825 3985 defensionis
844 3923 997 3977 esset,
1026 3911 1146 3965 Sch.
1228 3912 1322 3966 lib.
1348 3916 1436 3979 IV,
1461 3914 1714 3965 Contu-ov.
1748 3912 1844 3976 28,
1870 3927 1990 3979 pag.
2019 3907 2137 3959 283.
2161 3936 2233 3947 —-

172 3982 231 4033 At
246 3987 365 4040 Obr.
380 3990 651 4061 vulgatam
669 4006 863 4059 servat,
882 3992 985 4045 uisi
1004 3991 1151 4064 quod
1228 3994 1432 4067 Maqna
1458 3996 1656 4045 anima.
1689 3993 1872 4042 Horat.
1907 3988 2008 4039 od.
2043 3990 2098 4045 1.
2137 4004 2154 4039 1
2169 4006 2196 4039 2
2215 4026 2230 4053 ‚

174 4062 454 4135 infimitate
472 4072 615 4141 legit.
1232 4074 1326 4141 37:
1353 4094 1376 4118 α
1396 4073 1700 4141 Animoeque
1722 4086 1923 4137 magum
1945 4066 2232 4139 prodigum

239 4162 279 4197 1.
310 4150 514 4219 Hostiqs
545 4154 687 4207 eoedt.
720 4154 833 4223 An,
868 4154 1149 4209 hostiarum
1238 4174 1260 4197 α
1283 4150 1544 4203 Paullum.
1567 4172 1590 4195 ιι
