2855 4871
557 412 677 476 168
1052 408 1144 471 M.
1193 407 1445 471 FABII
1490 406 2123 489 QUINTILIANI

545 534 603 607 si
645 534 830 606 ullus
873 534 947 605 in
989 552 1056 604 te
1093 529 1322 630 pudor
1361 550 1463 603 est
1481 587 1502 620 ,
1548 530 1836 605 maritus
1880 530 2106 603 fuerat
2124 585 2146 620 ,
2182 530 2239 601 si
2278 556 2407 630 per
2447 550 2515 603 te
2558 530 2651 601 li-

548 671 817 723 culsset.

543 908 740 931 w
746 902 2484 931 “mmmmm
2488 904 2647 925 m

1228 1103 1957 1182 CCLXXXVII.

1053 1335 1278 1407 Fortis
1287 1330 1488 1432 filius
1506 1346 1524 1375 ¹
1558 1332 1966 1430 proditionis
1994 1340 2113 1407 rei.

543 1541 917 1606 Proditionis
947 1560 1084 1600 reus
1107 1541 1326 1600 citatus
1349 1550 1467 1612 est,
1491 1538 1601 1620 qui
1623 1538 1781 1599 duos
1804 1538 1967 1601 filios
1991 1538 2289 1601 habebat:
2314 1562 2387 1601 ex
2410 1541 2647 1624 quibus

623 1640 776 1701 alter
797 1638 1034 1699 fortiter
1056 1635 1224 1712 fecit,
1251 1635 1406 1695 alter
1434 1634 1716 1696 deseruit.
1754 1638 1909 1699 Petit
1940 1650 2115 1721 pater
2137 1661 2170 1698 a
2200 1638 2365 1715 filio,
2390 1652 2461 1700 ut
2494 1640 2647 1700 abo·

619 1739 905 1799 litionem
934 1736 1152 1819 judicii
1195 1746 1451 1817 peteret:
1493 1733 1599 1794 ille
1636 1732 1838 1795 fratris
1872 1737 2061 1797 vitam
2098 1738 2305 1820 petiit,
2343 1750 2405 1798 et
2438 1736 2649 1799 adfuit

621 1836 814 1919 patri:
842 1832 1154 1896 absolutus
1180 1844 1354 1914 pater
1377 1830 1624 1892 abdicat
1644 1828 1869 1891 filium.
1893 1832 2005 1895 Ille
2028 1836 2095 1895 C.
2120 1836 2196 1895 D.

1413 2038 1779 2105 SERMO.

634 2206 734 2265 An
776 2196 1106 2290 quidquid
1144 2215 1332 2287 pater
1371 2199 1613 2281 voluit,
1654 2200 1791 2265 filio
1834 2201 2050 2266 facere
2086 2223 2359 2267 neeesse
2399 2170 2523 2267 sit?
2552 2224 2647 2267 an

545 2309 689 2372 viro
720 2306 917 2371 forti?
942 2328 1028 2371 an
1053 2303 1343 2370 abdicari
1371 2323 1647 2396 propter
1671 2308 2019 2396 praemium
2043 2308 2292 2398 possit?

1243 2503 1943 2572 DECLAMATIO.

643 2667 804 2738 Duo
837 2665 1012 2756 haec,
1047 2685 1127 2737 ut
1157 2665 1426 2764 opinor,
1460 2665 1699 2766 objicis
1734 2667 1912 2738 mihi
1947 2687 2159 2767 pater,
2190 2687 2257 2738 et
2287 2665 2475 2767 quod
2512 2665 2701 2739 de·-

547 2781 822 2857 sertoris
852 2782 1062 2854 vitam
1099 2781 1515 2880 optaverim,
1562 2801 1629 2854 et
1669 2782 1857 2882 quod
1901 2783 2354 2856 abolitionem
2380 2783 2641 2884 judicii

549 2925 694 2970 non
725 2897 1121 2994 optaverim.
1150 2895 1405 2993 Optavi
1444 2896 1655 2968 vitam
1676 2954 1695 2988 ,
1726 2918 1934 2996 puta,
1969 2898 2317 2986 nocentis,
2347 2897 2467 2970 sed
2505 2899 2647 2970 fra-

551 3013 711 3084 tris:
741 3011 951 3084 alieni
982 3037 1261 3108 quoque
1275 3011 1591 3113 juveniS,
1623 3013 1905 3112 aequalis
1930 3012 2099 3102 mei,
2130 3011 2450 3102 misertus
2468 3013 2645 3085 fuis·

553 3155 756 3201 sem:
801 3126 1118 3200 subiisset
1167 3126 1285 3198 illa
1323 3128 1642 3227 cogitatio
1690 3129 1983 3201 infelicis
2028 3128 2241 3230 hujus
2280 3130 2638 3230 parentis:

546 3271 696 3315 non
721 3264 869 3314 tam
896 3241 1434 3341 reprehensione
1455 3243 1705 3341 dignus
1730 3264 1828 3316 est
1845 3243 2165 3335 desertor,
2190 3269 2403 3348 quam
2430 3241 2643 3315 laude

545 3361 654 3434 vir
693 3357 904 3431 fortis.
955 3359 1118 3432 Post
1160 3358 1290 3431 hoc
1332 3359 1573 3459 objicis
1616 3359 1829 3448 mihi,
1873 3361 2063 3460 quod
2106 3360 2192 3434 de
2238 3358 2643 3432 innocentia

547 3496 667 3546 tua
695 3472 877 3545 nihil
913 3472 1158 3563 timui;
1189 3472 1527 3558 sciebam,
1557 3473 1911 3573 quomodo
1936 3474 2247 3563 vixisses,
2276 3473 2641 3571 quomodo

548 3610 746 3661 tuam
785 3615 1065 3660 causam
1103 3587 1441 3686 egissem:
1486 3615 1611 3686 ego
1655 3588 1847 3659 enim
1887 3587 2182 3660 domum
2223 3608 2529 3659 nostram
2563 3587 2641 3660 in

549 3703 694 3776 acie
725 3701 1008 3775 defendi
1025 3729 1049 3772 ,ι
1087 3701 1385 3789 accedit,
1421 3704 1612 3798 quod
1636 3704 1759 3801 qui
1784 3704 1998 3776 semel
2024 3703 2291 3775 delatus
2314 3722 2415 3774 est
2438 3729 2640 3794 reue,

547 3843 693 3889 non
739 3835 960 3916 potest
1010 3814 1303 3905 absolvi,
1355 3817 1493 3887 nisi
1536 3839 1935 3891 accusetur:
1979 3845 2222 3890 omnes
2268 3815 2640 3910 dixissent,

624 4039 670 4073 ι.
717 4021 883 4074 Fortis
919 4016 1080 4090 filius.
1123 4016 1254 4070 vide
1295 4019 1436 4088 infr-31
1482 4019 1552 4072 ad
1636 4045 1659 4069 α
1680 4023 1833 4075 fortis
1876 4035 2027 4096 pater
2074 4019 2392 4096 proditionis
2436 4039 2583 4074 reus.
2612 4045 2635 4070 ι

553 4101 996 4155 Declamationem
1031 4099 1351 4154 CCCLXXI:
1399 4124 1420 4148 σι
1444 4101 1551 4154 Viri
1633 4101 1808 4156 AErod.
