2855 4871
664 380 1503 448 DECLAMATIONES.
1552 382 1842 449 van.
2179 389 2293 478 591

1070 782 1438 859 XLVII.

896 988 1185 1087 Infamis
1219 991 1289 1057 in
1320 1012 1594 1060 nurum.

196 1188 590 1245 Anum-nuum
614 1202 744 1242 cun
770 1200 1090 1241 AnuzrnnA
1116 1200 1332 1240 mcum·
1362 1201 1680 1243 occmnmz.
1705 1182 1870 1243 Rtus
1901 1202 2087 1247 carnis
2109 1206 2301 1249 Λιπο-

279 1301 525 1355 mrum,
550 1300 721 1354 thu
745 1298 961 1355 vom-r,
980 1296 1218 1338 atton.
1243 1280 1391 1337 Erat
1414 1277 1670 1339 infamis
1694 1280 1760 1340 in
1781 1301 2042 1357 nurum,
2068 1284 2306 1344 invenit

280 1376 639 1437 adolescens
674 1377 978 1436 incertum
1015 1396 1197 1457 quem
1235 1374 1618 1453 adulterum,
1654 1378 1850 1459 capite
1877 1378 2114 1456 velat03
2147 1402 2302 1443 uxo-

279 1496 413 1535 rem
434 1475 628 1536 solam
647 1476 931 1555 peremit:
958 1472 1029 1533 fit
1052 1492 1191 1533 reus
1213 1472 1421 1533 caedis:
1448 1474 1819 1537 advocatum
1839 1490 2077 1559 patrem
2095 1490 2303 1561 postu·

280 1574 401 1632 lat:
433 1572 815 1633 contradicit.

1020 1723 1174 1769 PRO
1222 1722 1479 1769 FILIO.

296 1852 673 1920 Accusator
702 1844 945 1948 objicit
964 1904 984 1937 ,
1025 1845 1216 1947 quod
1248 1846 1570 1919 adultero
1603 1846 2074 1946 pepercerim:
2109 1866 2306 1946 pater

198 1962 423 2054 dolet,
455 1964 643 2061 quod
676 1988 938 2035 nurum
969 1962 1117 2064 ejus
1150 1963 1548 2035 occiderim.
1585 1962 1878 2034 Adulter
1899 1961 2122 2034 occidi
2147 1989 2306 2035 ma·
2345 1981 2354 1992 ‘

196 2078 366 2169 luit,
388 2106 603 2177 quam
627 2078 882 2150 videri:
916 2074 1124 2150 habet
1150 2077 1420 2150 adulter
1446 2105 1727 2178 poenam
1762 2105 1962 2150 suam
1993 2105 2006 2148 :
2044 2076 2306 2150 crucia-

194 2216 313 2268 tur
346 2194 800 2287 conscientia,
835 2196 1101 2297 pudore
1137 2216 1538 2295 torquetur:
1578 2215 1644 2266 et
1678 2194 1732 2266 si
1767 2192 2049 2266 interim
2088 2214 2306 2266 tectus

196 2310 449 2401 evasit,
480 2312 792 2383 inveniet
820 2310 1027 2385 illum
1056 2332 1403 2413 postremo
1435 2312 1545 2385 vel
1566 2325 1583 2356 ¹
1623 2313 1840 2383 fama.

1943 2551 2304 2573 mxv

488 2553 585 2575 m

1034 2720 1452 2796 XLVIII.

535 2925 815 3024 Pauper
841 2927 1247 3022 imperatum
1282 2925 1645 3022 imperium
1678 2935 1956 2994 recusat.

186 3117 438 3198 Pauper
456 3128 517 3175 et
538 3115 712 3174 dives
736 3113 993 3174 inimici.
1018 3111 1169 3174 Belli
1203 3126 1510 3197 tempore,
1533 3112 1706 3174 dives
1728 3129 1818 3174 est
1840 3127 2078 3177 creatus
2107 3118 2296 3199 impe·

272 3224 473 3272 rator:
506 3213 613 3292 qui
648 3231 843 3292 quum
883 3211 979 3288 bis
1009 3210 1259 3291 fugatus
1293 3225 1479 3288 esset,
1515 3231 1755 3295 pauper
1779 3211 1980 3294 legem
2015 3213 2192 3288 tulit,
2227 3229 2297 3275 ut

274 3310 383 3390 qui
433 3324 524 3370 ter
566 3309 817 3392 fugatus
858 3325 1039 3384 esset,
1086 3310 1152 3369 in
1200 3328 1447 3369 crucem
1492 3309 1830 3371 tolleretur.
1865 3311 2074 3369 Tertio
2123 3309 2298 3372 dives

272 3405 523 3488 fugatus
541 3419 656 3482 est,
671 3423 727 3468 et
747 3409 815 3468 in
835 3405 1281 3469 crucem-latus.
1297 3407 1493 3468 Filius
1508 3406 1717 3466 divitis
1730 3404 1850 3464 fert
1869 3407 2294 3488 rogationem,

274 3516 345 3562 ut
366 3504 697 3589 imperium
719 3505 1126 3568 transferatur
1144 3504 1223 3566 ad
1248 3526 1618 3588 pauperem:
1643 3524 1882 3586 pauper
1905 3504 2292 3568 contradicit.

816 3694 1149 3742 CONTRA
1197 3691 1654 3740 PAUPERBM.

292 3811 525 3888 Habes
546 3873 567 3907 ,
606 3842 912 3916 pauper,
954 3815 1214 3915 grande
1260 3816 1628 3906 solatium3
1674 3814 2010 3916 reliquisti
2051 3842 2292 3914 super·-

272 3963 319 3999 1.
357 3949 595 4002 Inveniet
634 3949 791 4003 illum
823 3957 1081 4026 postremo·
1116 3949 1203 4003 vel
1278 3963 1429 4004 turus
1443 3951 1528 4016 sit,
1546 3967 1645 4020 ego
1661 3947 1992 4002 accusandus
2009 3945 2163 4002 caedis
2177 3965 2290 4004 nou

174 4029 361 4102 fama.
400 4033 563 4101 Igitur
596 4051 765 4104 quum
802 4051 1013 4107 poenam
1050 4049 1199 4084 suam
1278 4048 1423 4098 sum,
1445 4031 1684 4103 quamvis
1707 4047 1829 4082 eum
1854 4045 1959 4081 una
1983 4047 2104 4081 cum
2125 4047 2287 4081 uxore

186 4107 280 4162 vel
294 4111 405 4180 jam
424 4113 679 4164 invenerit
696 4109 904 4166 adulter
918 4109 1003 4164 vel
1020 4111 1200 4164 inven-
1279 4107 1669 4180 deprehensum
1677 4125 1788 4159 non
1797 4107 2286 4160 interemta-iason.
2299 4141 2312 4156 .
