2855 4871
564 462 689 551 574
1136 452 1675 521 CALPURNH
1723 454 2070 519 FLAcci

1388 845 1830 922 XXVIII.

1048 1025 1255 1095 Dives
1261 1022 1475 1121 fortis
1509 1026 1826 1093 inimicus
1857 1022 2174 1093 duorum.

562 1199 746 1259 Dives
779 1195 1025 1257 duobus
1058 1190 1436 1276 pauperibus
1463 1190 1750 1251 inimicus
1779 1190 2066 1273 promisit
2097 1213 2159 1251 se
2187 1190 2438 1254 fortiter
2467 1195 2656 1255 factu-

643 1306 819 1359 rum,
862 1286 911 1343 si
952 1281 1065 1342 sibi
1116 1302 1278 1341 mors
1322 1282 1510 1341 unius
1552 1280 1996 1340 decerneretur.
2043 1281 2296 1341 Decreta
2341 1296 2470 1341 est:
2515 1281 2656 1343 alter

644 1370 1030 1435 contradicit.
1056 1370 1240 1433 Dives
1260 1370 1506 1431 fortiter
1524 1369 1701 1429 fecit:
1727 1370 1884 1452 petit
1900 1372 2161 1453 praemio
2183 1386 2452 1432 mortem
2472 1372 2652 1443 illius,

645 1464 753 1546 qui
782 1458 1269 1523 contradixerat:
1303 1458 1458 1518 alter
1479 1458 1548 1517 C.
1575 1457 1650 1515 D.

1318 1628 1473 1674 Plio
1520 1626 1904 1673 PAUPERF..

662 1742 811 1837 Ego
828 1734 1119 1837 quidem
1136 1733 1345 1805 verba
1363 1733 1671 1804 facturus
1690 1730 1764 1801 in
1785 1729 2067 1801 alterius
2087 1732 2426 1829 periculo,
2444 1759 2654 1832 nuper

570 1856 645 1927 in
680 1880 837 1925 meo
875 1852 1089 1924 tacui:
1120 1875 1345 1949 quum
1384 1846 1758 1945 praemium
1795 1866 2052 1945 peteret
2089 1846 2436 1947 injustum
2461 1862 2508 1939 ¹,
2543 1850 2654 1946 qui

570 1996 695 2069 per
726 1968 909 2067 leges
938 1964 1241 2038 necdum
1280 1980 1505 2063 posset
1533 1980 1764 2059 petere
1791 1960 1896 2030 vel
1921 1959 2194 2062 justum
2227 1989 2242 2032 :
2277 1989 2404 2061 per
2434 1984 2532 2035 tot
2564 1965 2656 2035 in·

570 2084 973 2157 nocentium
1006 2081 1233 2180 capita
1260 2097 1637 2179 grassatur:
1669 2075 1861 2149 hunc
1895 2076 2224 2174 relinquit
2241 2133 2263 2167 ‚
2291 2077 2486 2152 hunc
2507 2079 2654 2151 arri·

572 2199 675 2299 pit
690 2231 711 2290 ;
742 2199 931 2271 huuc
958 2196 1209 2269 timore
1236 2194 1484 2294 punit,
1520 2192 1710 2265 hunc
1733 2213 1981 2265 morte.

1150 2424 2656 2448 mmmmmmmwmwmmmmu

1449 2583 1527 2659 X
1541 2583 1618 2660 X
1635 2585 1669 2660 I
1685 2581 1785 2661 X.

834 2764 1058 2834 Fortis
1080 2762 1268 2834 dives
1300 2766 1564 2832 inimici
1593 2759 1880 2833 alteram
1887 2761 2122 2862 filiam
2145 2777 2404 2861 petens.

572 2927 817 3011 Pauper
865 2941 927 2988 et
971 2928 1180 2988 dives²
1216 2929 1493 2988 inimici:
1531 2929 1788 3010 pauperi
1827 2927 1965 2987 duae
1995 2927 2158 2988 filiae.
2205 2927 2356 2988 Belli
2391 2941 2656 3010 tempore

654 3019 939 3101 promisit
963 3039 1027 3078 se
1050 3019 1223 3079 dives
1247 3019 1491 3079 fortiter
1513 3018 1855 3094 facturum,
1882 3020 1930 3078 si
1958 3020 2023 3077 iu
2053 3020 2526 3079 matrimonium
2549 3018 2652 3078 sibi

656 3109 945 3190 pauperis
982 3127 1106 3165 una
1144 3105 1273 3168 filia
1302 3107 1587 3169 daretur:
1621 3107 1921 3190 populus,
1959 3119 2196 3167 tacente
2229 3130 2536 3190 paupere,
2565 3107 2657 3166 de-

653 3195 879 3256 crevit:
915 3193 1084 3254 dives
1116 3193 1361 3256 fortiter
1394 3196 1572 3257 fecit:
1608 3195 1814 3280 puella
1847 3217 1908 3257 se
1939 3197 2268 3256 interemit.
2311 3197 2472 3258 Petit
2503 3195 2658 3256 dives.

651 3279 869 3346 aliam:
901 3303 1141 3366 pauper
1163 3283 1552 3347 contradicit.

1238 3449 1574 3500 com-iu
1623 3453 2009 3502 mvn-EM.

682 3559 1098 3659 Priusquam
1142 3561 1407 3633 fortiter
1455 3559 1711 3635 faceret
1729 3619 1748 3652 ‚
1795 3561 2162 3662 postulavit
2181 3591 2200 3652 ;
2247 3561 2546 3634 confisus
2585 3561 2658 3630 id

656 3713 699 3746 1.
726 3695 894 3765 Quum
910 3693 1188 3764 proemium
1208 3705 1404 3768 peteret
1425 3694 1587 3769 injus·
1663 3699 1923 3767 potuisset
1966 3710 2145 3768 petere
2187 3697 2460 3767 premium
2505 3697 2660 3748 etiam

578 3787 707 3826 tum.
751 3776 873 3843 Quo
916 3793 1109 3846 nempe
1150 3777 1413 3844 periturus
1453 3775 1586 3827 alter
1667 3791 1788 3828 aute
1807 3778 2110 3844 victoriam,
2129 3779 2172 3830 si
2191 3797 2403 3849 agrum,
2422 3776 2632 3828 domum
2647 3815 2662 3831 .

576 3866 845 3916 nostrum,
863 3867 1051 3906 neuter
1070 3855 1183 3906 sine
1202 3872 1406 3906 summo
1429 3855 1586 3905 timo-
1663 3857 1944 3928 pecuniam
1963 3895 1981 3924 ‚
2031 3857 2131 3910 alia
2179 3857 2364 3909 similia
2411 3871 2662 3928 optasset.

578 3953 635 3986 re
662 3935 871 3986 futurus
888 3972 904 3999 ‚
934 3947 1160 4005 uterque
1186 3935 1446 3984 innocens
1463 3973 1480 4000 ‚
1507 3933 1586 3984 id-
1663 3935 1880 3986 Senum.
1897 3936 2089 3987 —Per
2104 3945 2193 3988 tot.
2213 3935 2314 3988 Tot
2337 3933 2404 3988 de
2428 3934 2660 3996 duobuS,

578 4032 684 4086 que
728 4033 792 4066 eo
839 4028 1079 4087 tempore
1101 4052 1120 4080 ‚
1166 4033 1329 4087 quum
1381 4013 1584 4066 nullum
1662 4013 1770 4068 vid.
1795 4013 1864 4065 ad
1884 4013 2060 4066 Albin.
2085 4015 2140 4066 in
2163 4015 2422 4078 Drusum,
2445 4014 2562 4082 339.

578 4091 755 4144 adhuc
788 4091 855 4144 ab
887 4091 1051 4146 divite
1084 4096 1325 4147 meritum
1356 4093 1409 4144 in
1446 4111 1586 4145 rem-
1739 4111 1788 4145 2.
1819 4095 2032 4167 Pauper
2059 4105 2113 4146 et
2139 4095 2290 4148 dives.
2327 4092 2570 4166 stephan.
2601 4093 2658 4143 in

576 4169 847 4242 publicam
867 4171 1171 4241 profectum
1195 4183 1350 4224 esset.
1376 4173 1587 4224 Justum
1667 4172 1860 4225 Saxon.
1885 4173 2114 4226 Gramm.
2145 4191 2190 4241 1,
2210 4191 2332 4246 pag.
2359 4173 2450 4226 60.
2469 4173 2654 4224 Ama.
