2855 4871
530 500 569 579 4
1034 500 1125 562 Μ.
1174 498 1423 562 FABII
1469 497 2107 582 QUINTILIANI

529 619 911 693 contrahit.
942 676 957 691 .
985 677 999 692 .
1048 639 1256 718 negat
1301 617 1474 690 mihi
1523 617 1796 692 licuisse
1836 619 2151 694 occidere
2184 649 2199 692 ε
2247 621 2558 720 primum
2584 679 2608 712 ‚

527 736 715 834 quod
750 736 865 837 jus
909 736 1069 809 civis
1112 761 1255 807 non
1282 733 1667 806 'habuerim
1711 761 1793 807 eo
1835 757 2142 835 tempore
2169 793 2188 826 ‚
2233 763 2373 833 quo
2418 737 2611 808 exsul

528 879 747 943 eram,
784 879 910 924 nec
952 851 1043 924 ad
1086 877 1199 922 me
1230 848 1399 950 jura·
1420 850 1860 950 pertinuisse,
1901 852 2092 950 quod
2121 853 2376 924 exsulo.
2420 852 2494 926 Si
2531 853 2612 923 in

525 989 941 1066 perpetuum
988 966 1310 1038 exsilium
1345 965 1595 1037 missus
1639 991 1898 1056 essem,
1933 967 2216 1039 forsitan
2257 988 2485 1066 posset
2519 967 2612 1038 de

526 1085 658 1156 hoc
714 1083 970 1184 quaeri,
1014 1110 1103 1154 an
1148 1082 1235 1154 ad
1283 1081 1467 1179 leges
1507 1081 2002 1181 pertinuerim,
2050 1111 2274 1181 quum
2310 1083 2484 1154 illud
2527 1111 2614 1156 ex

525 1199 677 1298 lege
724 1199 949 1286 fieret,
992 1196 1182 1294 quod
1226 1197 1623 1268 exsularem.
1662 1196 2208 1296 Quinquennale
2236 1224 2394 1269 vero
2430 1198 2611 1269 exsi-

504 1312 704 1388 lium
745 1311 1047 1384 dubium
1078 1333 1213 1403 est,
1247 1311 1418 1410 quin
1441 1365 1850 1382 ...........
1890 1311 2286 1409 processerit
2321 1309 2612 1383 absente

464 1512 472 1520 ,
524 1457 675 1522 me,
720 1456 948 1527 neque
978 1451 1123 1501 erat
1156 1455 1387 1518 causa,
1424 1449 1705 1526 propter
1731 1453 1946 1526 quam
1973 1427 2073 1498 vis
2109 1427 2478 1499 inferretur
2511 1427 2613 1519 ei,

525 1547 647 1646 qui
686 1544 1095 1643 imprudens
1124 1543 1484 1616 occidisset
1507 1598 1521 1614 .
1545 1599 1560 1613 .
1583 1598 1610 1613 ..
1632 1569 1773 1613 non
1806 1542 2273 1648 damnabatur
2305 1543 2569 1615 ¹animo
2589 1600 2610 1634 ‚

523 1683 645 1733 aut
674 1659 947 1732 sceleris
970 1685 1049 1732 ea
1079 1685 1279 1758 poena
1308 1678 1484 1730 erat:
1513 1657 1646 1730 sed
1655 1679 1732 1730 ut
1761 1659 2198 1756 pertinuerit,
2231 1658 2491 1757 inquit,
2522 1658 2614 1730 ad

525 1796 591 1847 te
634 1774 778 1846 lex.
806 1830 974 1845 .....
1010 1795 1245 1846 tamen
1287 1773 1416 1846 tibi
1457 1799 1602 1844 non
1634 1771 1862 1864 licuit,
1907 1800 2129 1872 quum
2165 1773 2252 1844 ad
2289 1773 2618 1845 occiden-

528 1890 701 1962 dum
747 1891 983 1963 venire
1039 1917 1184 1962 non
1231 1890 1524 1964 licuerit.
1585 1892 1728 1962 Lex
1772 1891 1966 1962 enim
2013 1889 2500 1990 quinquennio
2547 1911 2614 1960 te

518 2005 723 2109 jubet
753 2007 1134 2080 exsulare.
1205 2027 1438 2106 .puta
1480 2031 1595 2078 me
1638 2026 1871 2077 contra
1900 2005 2016 2106 jus
2057 2005 2411 2078 rediisse..
2477 2004 2616 2076 .in

523 2122 885 2220 praesentia
908 2179 923 2193 .
946 2179 997 2194 ..
1031 2143 1391 2218 tamquam
1426 2142 1665 2193 contra
1695 2120 1811 2221 jus
1840 2120 2166 2192 redissem
2186 2177 2201 2191 .
2227 2176 2280 2191 ..
2315 2122 2474 2191 N'on
2505 2141 2619 2191 ta-

527 2263 692 2309 men
720 2237 895 2308 mihi
929 2238 1230 2338 objicere
1255 2236 1464 2309 debes
1495 2237 1682 2334 quod
1714 2235 2081 2309 occiderim
2098 2291 2116 2325 ,
2158 2235 2277 2307 sed
2303 2234 2492 2332 quod
2517 2291 2532 2306 .
2557 2291 2572 2305 .
2595 2293 2612 2307 .

524 2353 835 2453 tingente
862 2355 1098 2426 fecisse
1128 2374 1365 2425 contra
1392 2353 1574 2453 leges
1594 2410 1608 2424 .
1631 2409 1646 2424 .
1675 2409 1690 2424 .
1728 2373 1964 2425 contra
1990 2351 2184 2423 illam
2213 2373 2448 2423 tamen
2475 2349 2618 2450 legi

526 2468 660 2540 feci
680 2525 695 2540 .
718 2526 733 2540 .
757 2526 771 2541 .
796 2524 811 2540 .
847 2468 936 2541 ad
971 2468 1333 2571 judicium⁸
1361 2468 1657 2568 pertinet
1675 2524 1690 2540 .
1715 2525 1729 2540 .
1759 2524 1810 2539 ..
1843 2468 1937 2539 sic
1967 2467 2173 2539 etiam
2199 2466 2419 2539 redire
2443 2466 2620 2537 mihi

524 2581 800 2656 licuisse
825 2639 1011 2657 .....
1048 2584 1180 2655 hoc
1212 2610 1448 2655 rerum
1475 2638 1653 2654 .....
1691 2581 1998 2654 occidere
2029 2581 2234 2652 licere
2253 2636 2306 2652 ..
2337 2636 2350 2651 .
2378 2636 2393 2651 .
2433 2582 2620 2677 Ergo

528 2693 634 2768 lex
662 2724 756 2795 qu
778 2752 959 2771 .....
993 2696 1337 2797 significat
1364 2696 1602 2768 omnia
1626 2751 1859 2769 ......
1892 2720 2043 2794 quae
2071 2693 2396 2765 adversus
2422 2692 2622 2764 adul-

527 2833 706 2884 teros
734 2815 983 2913 scripta
1014 2837 1143 2903 est,
1176 2834 1254 2886 ut
1287 2834 1524 2886 contra
1551 2812 1716 2884 alias
1749 2809 1936 2908 [eges
1958 2866 1973 2881 .
2003 2868 2016 2883 .
2047 2866 2100 2881 ..
2123 2866 2139 2881 .
2162 2866 2176 2881 .
2210 2810 2298 2881 ab
2337 2808 2573 2881 exsilio
2599 2867 2619 2899 ‚

530 2952 659 2995 nec
695 2926 1016 2999 homines
1062 2924 1375 2999 occidere
1408 2926 1644 2998 licuit:
1680 2925 1801 2999 sed
1843 2921 2445 3021 quemadmodum
2482 2922 2622 2993 ho-

531 3037 724 3109 mine
744 3093 920 3110 .....
958 3060 1152 3110 erant
1183 3039 1279 3111 ita
1308 3066 1500 3111 rever
1518 3094 1533 3110 .
1557 3096 1572 3110 .
1595 3094 1610 3110 .
1635 3095 1648 3110 .

1388 3263 1752 3329 SERMO.

620 3438 837 3505 Locus
860 3456 1123 3529 patens,
1147 3438 1490 3531 quomodo
1504 3490 1521 3521 ,
1543 3455 1868 3531 quantum
1889 3438 2081 3505 liceat
2098 3438 2416 3505 adversus
2433 3438 2626 3505 adul-

532 3562 741 3611 teros:
782 3545 901 3613 sed
934 3547 1003 3614 in
1036 3547 1161 3613 hac
1190 3549 1638 3614 controversia
1669 3549 1890 3612 facere
1923 3562 2188 3633 oportet
2218 3545 2287 3610 in
2317 3568 2627 3610 commu—

531 3651 761 3719 nibus²
788 3655 963 3733 fere,
992 3672 1069 3720 ut
1097 3656 1359 3745 quoties
1388 3678 1815 3721 communem
1848 3653 2206 3718 dixerimus
2235 3652 2454 3717 locum
2475 3702 2492 3731 ‚
2534 3654 2624 3719 ad

526 3760 869 3848 proprium
896 3780 1325 3827 revertamur.
1354 3765 1742 3830 Communis
1768 3778 1868 3827 est
1889 3762 2072 3825 locus
2097 3758 2411 3827 adversus
2431 3760 2624 3825 adul-

530 3882 707 3931 teros
730 3888 996 3933 omnes:
1023 3870 1366 3958 proprius,
1396 3869 1751 3935 adversum
1774 3866 1898 3933 hos
1920 3865 2277 3931 adultero&

606 4064 649 4099 1.
686 4050 1053 4105 Damnabatur
1082 4054 1280 4106 animo.
1317 4052 1533 4119 Malim,
1687 4050 1832 4101 2101
1871 4048 2244 4100 communibus.
2271 4048 2442 4116 Lege,
2471 4056 2536 4098 ut
2565 4049 2626 4100 t'n

528 4124 768 4180 am‘mus:
786 4132 1016 4203 etpaulo
1033 4148 1185 4205 post,
1194 4152 1286 4205 μω
1310 4132 1529 4185 rediisse.
1613 4126 1987 4178 communibus.
2008 4126 2226 4178 Scnmr.
2245 4124 2426 4196 quod
2407 4142 2466 4175 m
2483 4142 2621 4181 com.

526 4203 1934 4278 Si.Pnu.Bipon1.Eu.
