2855 4871
652 416 781 483 256
862 410 871 415 ’
980 476 993 495 „
1152 416 1243 481 M.
1292 416 1548 481 FABll
1593 417 2237 500 QUINTILIANI

646 542 819 613 Haec
834 540 923 613 ad
945 539 1093 639 ipsa
1114 541 1504 635 testamenti
1521 541 1729 613 verba
1747 569 1762 612 ε
1781 541 1951 614 libet
1967 564 2204 615 tamen
2223 544 2511 617 scrutari
2531 545 2714 616 etiam

644 657 953 730 defuncti
995 657 1467 747 voluntatem,
1516 683 1656 755 qua
1703 655 1884 729 nihil
1931 659 2284 757 potentius
2333 660 2526 760 apud
2571 687 2712 745 nos,

638 772 823 847 nihil
868 792 1097 843 nostro
1138 771 1376 843 animo
1418 771 1748 845 sacratius
1790 798 1932 845 esse
1975 772 2228 846 debet:
2279 774 2608 847 credibile
2636 795 2718 845 est

646 888 884 987 igitur,
929 888 1059 959 hoc
1098 913 1265 959 eum
1306 886 1627 978 sensisse,
1665 907 1744 959 ut
1777 887 2084 961 liberum
2115 914 2261 962 esse
2293 889 2502 963 vellet
2531 890 2713 961 etiam

646 1002 1033 1075 addictum.
1078 1001 1319 1073 Servos
1360 1028 1486 1073 cur
1521 1002 2050 1095 manumiserit,
2095 1005 2554 1079 manifestum
2589 1022 2709 1075 est:

648 1118 1029 1191 delectatus
1062 1136 1165 1189 est
1194 1114 1441 1188 officiis
1457 1173 1477 1207 ,
1511 1117 1764 1189 referre
1791 1117 2012 1191 voluit
2039 1120 2336 1219 gratiam
2367 1118 2706 1218 obsequio:

644 1233 827 1320 alius
862 1258 1125 1327 aegrum
1162 1252 1556 1320 curaverat,
1597 1227 1774 1304 alius
1815 1234 2382 1333 peregrinantem
2411 1253 2709 1331 sequutus

648 1369 827 1435 erat,
860 1347 1039 1419 alius
1068 1346 1249 1418 inter
1281 1368 1383 1419 tot
1414 1347 1908 1446 occupationes
1945 1349 2366 1423 domesticas
2399 1346 2709 1423 custodie-

646 1485 784 1552 rat,
826 1461 999 1533 alius
1042 1460 1173 1532 hoc
1212 1460 1448 1558 ipsum
1485 1462 1714 1533 foenus
1756 1483 2193 1535 exercuerat:
2233 1461 2458 1535 voluit
2495 1460 2708 1532 liberos

646 1604 819 1667 esse,
850 1603 1023 1673 quos
1050 1596 1430 1665 amaverat,
1465 1602 1506 1646 a
1528 1576 1786 1674 quibus
1811 1597 2124 1649 amatum
2159 1604 2308 1651 esse
2338 1604 2412 1650 se
2435 1572 2708 1649 credide-

648 1716 753 1767 rat
785 1721 801 1764 :
840 1694 1002 1766 huic
1034 1719 1196 1764 vero
1235 1691 1406 1790 quid
1446 1692 1724 1783 debuit,
1765 1693 1896 1765 nisi
1939 1692 2158 1767 iram?
2201 1694 2470 1765 durum
2503 1712 2704 1763 tamen

646 1812 942 1897 videtur,
976 1830 1044 1881 et
1072 1808 1592 1898 inhumanum,
1627 1808 1859 1882 solum
1891 1807 2084 1883 hunc
2123 1836 2271 1883 esse
2312 1808 2388 1882 in
2415 1803 2701 1891 vinculis,

646 1948 717 1999 et
747 1928 821 1999 in
852 1926 1198 1998 servitute.
1236 1926 1414 1996 Ante
1447 1924 1728 1997 omnia¹
1773 1926 1830 1996 si
1863 1925 2035 2023 quid
2071 1925 2456 2025 asperitatis
2485 1923 2552 1994 in
2579 1920 2704 2016 lege

646 2068 785 2131 est,
820 2069 975 2143 quae
1012 2039 1322 2114 addictos
1358 2039 1609 2112 servire
1624 2038 1864 2140 jussit,
1900 2039 2122 2113 donec
2154 2042 2532 2128 solverent,
2557 2060 2702 2107 num

650 2160 863 2259 igitur
904 2156 1206 2254 exigitis,
1256 2175 1334 2226 ut
1380 2155 1698 2226 dicamus
1741 2154 1978 2252 aliqua
2023 2182 2147 2255 pro
2195 2155 2400 2255 lege?
2451 2178 2580 2226 non
2625 2168 2702 2219 est

646 2295 896 2346 nostrae
918 2267 1407 2341 mediocritatis
1424 2325 1443 2357 ,
1465 2295 1610 2340 non
1631 2267 1845 2339 officii
1863 2325 1882 2359 ,
1905 2294 1988 2340 ea
2003 2325 2022 2359 ,
2043 2296 2200 2368 quae
2225 2259 2700 2370 prudentissimi

650 2388 947 2491 majores
980 2383 1502 2474 constituerint,
1527 2402 1788 2457 tentare
1817 2382 2212 2458 defendere.
2231 2388 2698 2458 Verumtamen

650 2505 711 2577 si
736 2499 993 2575 intueri
1015 2497 1265 2589 velitiS,
1302 2497 1478 2597 quid
1507 2498 1772 2598 aequius
1797 2499 2122 2572 constitui
2155 2521 2412 2598 potest,
2449 2515 2559 2569 aut
2584 2515 2697 2591 quo

646 2620 785 2693 alio
808 2615 1131 2692 custodiri
1166 2614 1589 2715 patrimonia
1615 2633 1874 2703 vestra,
1905 2617 2202 2688 fortunae
2235 2611 2547 2690 sustineri
2575 2629 2697 2707 pos-

648 2732 851 2808 sunt?
881 2759 968 2804 an
1005 2758 1162 2802 vero
1192 2730 1567 2830 pecuniam
1599 2729 1852 2827 aliquis
1885 2753 2332 2832 accepturus,
2363 2757 2481 2832 per
2501 2719 2696 2800 omnia

646 2851 815 2922 vitia
852 2847 1239 2936 exhauriet,
1286 2867 1363 2918 ut
1402 2873 1548 2918 non
1591 2844 1912 2944 alligetur
1949 2847 2038 2919 ad
2081 2847 2392 2948 aliquam
2426 2833 2692 2918 solvendi

649 2961 1165 3039 necessitatem?
1185 2965 1376 3034 Dura
1398 2962 1629 3034 vincla
1651 2961 1854 3034 alicui
1871 2963 2217 3054 videntur,
2241 2966 2414 3037 dura
2431 2950 2693 3032 conditio

648 3081 1026 3155 servitutis:
1063 3078 1303 3151 reddat
1318 3136 1337 3166 ‚
1362 3078 1554 3176 quod
1581 3081 1884 3180 accepit:
1923 3079 2070 3154 istic
2091 3108 2240 3153 non
2261 3078 2534 3154 servitus
2557 3091 2694 3141 con·-

648 3199 888 3272 stituta
916 3215 1049 3284 est,
1079 3193 1199 3266 sed
1233 3193 1448 3286 illud,
1483 3194 1675 3293 quod
1698 3195 2166 3296 justissimum
2200 3219 2336 3288 est,
2373 3181 2690 3267 reddendae

648 3314 967 3417 pecuniae
996 3336 1221 3382 causa.
1286 3345 1293 3352 ·

646 3503 749 3556 nisi
770 3514 831 3554 nt
854 3498 1083 3552 addatur
1100 3515 1203 3552 non
1217 3534 1236 3563 ,
1256 3507 1315 3548 ut
1332 3515 1524 3550 nomen
1545 3515 1654 3550 non
1733 3497 1846 3576 [eye
1873 3513 1960 3553 est.
1993 3501 2210 3554 Senum.
2245 3500 2384 3554 Ante
2407 3492 2568 3548 omnia
2589 3477 2693 3570 quf'd

645 3585 728 3637 sit.
750 3579 1191 3649 Setinum—Quid
1201 3579 1375 3631 debuit
1388 3579 1490 3631 nisi
1503 3579 1652 3630 iram.
1733 3579 2016 3648 asperitatis
2037 3581 2094 3632 in
2119 3579 2232 3654 [eye
2252 3591 2348 3644 cst,
2373 3569 2537 3628 AErod.
2555 3561 2688 3610 -ha

654 3662 793 3734 Quid
822 3662 1034 3714 debuit?
1064 3660 1247 3711 misera
1278 3658 1538 3711 malorum
1569 3668 1653 3709 ta-
1735 3675 1852 3728 quoe
1874 3658 2278 3731 prudentissimi.
2309 3653 2548 3710 Francius
2569 3638 2688 3723 veie-⁸

648 3761 770 3796 men
810 3741 1037 3794 conditio
1078 3738 1309 3806 videtur,
1351 3747 1399 3789 et
1444 3736 1652 3788 iulium.
1735 3733 1852 3798 bat,
1873 3737 2294 3808 prudenu'ssime,
2321 3749 2371 3788 et
2389 3747 2526 3792 mox,
2543 3731 2686 3774 eonon

648 3819 831 3874 AErod.
1733 3813 2022 3884 defendere.
2047 3844 2120 3854 —
2137 3817 2258 3868 Istic
2281 3831 2388 3868 non
2408 3805 2608 3862 servim-
2625 3791 2685 3844 1⁹·

728 3917 745 3952 ι
760 3939 771 3951 .
814 3899 955 3950 Ante
989 3897 1184 3950 omnia.
1223 3892 1363 3946 Ante
1398 3893 1576 3944 omnia
1610 3894 1655 3944 si
1735 3901 1788 3942 ta
1833 3911 1942 3944 non
1985 3895 2242 3949 servitutis
2285 3891 2546 3947 constituta
2579 3879 2682 3928 ΨΜ·
2785 3955 2787 3958 ⁴

646 3979 779 4050 quid
802 3990 875 4032 est
898 3976 1215 4048 asperitatis,
1244 3973 1301 4026 td
1320 3970 1448 4040 (aut
1471 3969 1572 4041 ea)
1597 3972 1652 4022 in
1733 3969 1952 4022 Senum.
