2855 4871
601 458 728 542 470
1099 452 1196 516 M.
1245 452 1500 516 FAml
1544 449 2193 534 QUINTlmmt

600 705 690 724 tm
703 699 1819 724 mmmtxsmmmmmum
2214 705 2701 727 mm

1307 887 1995 966 CCCLXVIII.

1099 1116 1313 1190 Alens
1339 1133 1608 1218 patrem
1636 1136 1837 1218 rapta
1862 1118 2207 1192 abdicata.

605 1315 806 1396 Rapta
834 1314 1032 1373 invito
1060 1324 1235 1394 patre
1257 1313 1513 1394 nuptias
1537 1315 1810 1396 optavit,
1845 1315 1927 1374 ob
1952 1313 2075 1374 hoc
2102 1313 2393 1374 abdicata
2409 1362 2427 1390 ,
2458 1329 2475 1360 ¹
2492 1319 2701 1377 tacuit:

685 1425 967 1492 egentem
999 1422 1240 1493 patrem
1271 1413 1420 1492 quia
1448 1411 1649 1500 invito
1686 1411 2183 1504 maritoalebat,
2220 1429 2313 1474 εἰ
2351 1415 2703 1497 repudiata;

687 1509 922 1589 ingrati
951 1508 1078 1588 agit
1099 1507 1388 1569 adversus
1409 1510 1729 1570 maritum.

1305 1658 2007 1754 DECLAMATIO.

705 1839 1138 1914 Beneficium
1179 1839 1407 1929 dedit,
1442 1839 1655 1912 vitam
1692 1839 2019 1911 donavit:
2060 1865 2411 1938 magnum
2444 1837 2709 1911 benefi-

613 1955 809 2028 cium
838 1976 972 2044 est,
1007 1957 1242 2028 lucem
1273 1955 1437 2028 dare
1466 1983 1483 2026 ε
1519 1955 1677 2028 ideo
1704 1976 1869 2026 sunt
1892 1975 2212 2054 parentes
2236 1955 2617 2041 carissimi;
2644 1969 2713 2026 et

613 2071 717 2142 illi
747 2071 958 2142 vitam
989 2071 1202 2144 dant²
1239 2099 1384 2144 non
1421 2070 1899 2144 sentientibus.
1932 2069 2173 2160 Quid?
2204 2069 2401 2170 quod
2440 2070 2706 2142 benefi-

615 2188 806 2258 cium
843 2187 1074 2277 dedit,
1111 2215 1335 2286 quum
1373 2189 1746 2287 accepisset
1780 2186 2156 2287 injuriam?
2188 2187 2339 2288 jam
2372 2213 2526 2259 non
2560 2209 2709 2258 tan·

615 2323 771 2374 tum
791 2303 1006 2376 vitam
1027 2324 1220 2375 tuam
1241 2303 1529 2376 donavit
1544 2303 1703 2394 tibi,
1730 2301 1851 2374 sed
1870 2303 2081 2375 etiam
2104 2301 2449 2375 ultionem
2466 2328 2705 2374 suam:

613 2444 742 2491 nec
772 2439 1048 2491 tantum
1079 2447 1222 2492 non
1255 2421 1477 2519 exegit
1502 2419 1967 2521 supplicium,
2000 2419 2123 2492 sed
2146 2418 2353 2492 etiam
2382 2418 2715 2491 concessit

612 2533 1174 2607 matrimonium.
1191 2535 1391 2626 Quid
1410 2536 1519 2607 his
1535 2535 1638 2607 vis
1656 2534 2027 2638 adjiciam?
2046 2555 2317 2607 exorata
2332 2554 2467 2607 est:
2490 2533 2713 2606 solent

621 2650 853 2723 dolere
883 2670 1134 2749 raptae:
1165 2672 1231 2723 et
1257 2650 1599 2723 contineri
1628 2676 1775 2723 non
1796 2670 2121 2749 possunt,
2152 2676 2279 2721 nec
2303 2676 2343 2721 a
2372 2650 2709 2749 patribus.

615 2766 826 2837 Dedit
867 2793 1028 2865 ergo
1069 2767 1497 2839 beneficium
1532 2792 1551 2835 ε
1602 2760 1822 2864 quid?
1867 2764 1920 2835 si
1968 2764 2182 2836 etiam
2224 2784 2457 2835 contra
2500 2762 2713 2863 patris

613 2881 1050 2953 voluntatem
1079 2903 1144 2954 te
1173 2879 1502 2955 servavit?
1529 2878 1737 2953 illum
1762 2879 2087 2971 offendit,
2111 2900 2190 2951 ut
2210 2878 2335 2952 tibi
2364 2899 2709 2979 parceret:

620 3013 686 3064 et
717 3022 932 3092 quam
961 2996 1293 3094 graviter?
1327 2997 1541 3069 etiam
1568 2994 1884 3068 abdicata
1913 3016 2035 3068 est.
2062 2994 2310 3085 Quum
2344 2994 2465 3067 tibi
2500 2994 2715 3066 bene-

619 3108 862 3181 ficium
906 3110 1056 3201 dat,
1105 3112 1260 3211 ipsa
1299 3110 1557 3212 accipit
1597 3111 1948 3214 injuriam.
1992 3108 2291 3183 Donavit
2333 3108 2460 3183 tibi
2496 3108 2711 3181 etiam

617 3245 1109 3298 testamentum
1152 3227 1447 3326 patris-³:
1490 3227 1809 3327 accepisti
1850 3254 2011 3327 ergo
2054 3225 2477 3301 beneficium
2494 3280 2513 3315 ,
2568 3252 2709 3297 non

621 3342 909 3415 retulisti
949 3344 1240 3443 gratiam
1270 3372 1284 3415 :
1329 3344 1540 3441 quid?
1580 3346 1637 3417 si
1668 3344 1887 3418 fecisti
1924 3344 2131 3417 etiam
2166 3340 2545 3447 injuriam?
2574 3344 2713 3413 Ex-

621 3459 964 3557 spectatiS,
993 3481 1070 3532 ut
1088 3459 1355 3533 dicam:
1379 3460 1627 3533 Cultus
1652 3459 2258 3559 negavit,viduam
2278 3458 2445 3531 fecit
2461 3484 2477 3529 z
2496 3482 2717 3555 quan-

697 3632 742 3667 1.
759 3602 772 3628 '
791 3614 1042 3667 abdicata
1087 3617 1265 3669 tacuit.
1314 3614 1447 3669 Aba,
1494 3613 1633 3669 aluit
1708 3634 1819 3669 nou
1848 3613 2215 3667 intellexerunt
2242 3616 2351 3665 vim
2378 3613 2465 3663 τοῦ
2486 3612 2715 3675 donare,

621 3704 855 3769 eyentem
874 3703 1094 3764 patrem.
1123 3694 1258 3764 Quia
1281 3696 1318 3747 ι’.
1345 3714 1414 3745 m.
1437 3714 1486 3745 a.
1512 3713 1558 3747 e.
1582 3712 1625 3747 r.
1709 3697 1775 3751 de
1813 3716 1920 3768 qua
1955 3696 2178 3749 diximus
2214 3696 2361 3749 alibi.
2402 3698 2515 3747 Hoc
2550 3693 2715 3749 dicit,

620 3772 800 3826 AErod.
829 3773 900 3823 Et
925 3771 1222 3843 repudiata,
1248 3790 1411 3841 marg.
1708 3780 1761 3831 in
1798 3790 1941 3831 tuam
1978 3780 2199 3849 gratiam
2236 3791 2385 3829 caret
2418 3774 2715 3827 hereditate

693 3872 744 3909 2.
769 3855 840 3907 Et
863 3853 950 3906 illi
971 3854 1132 3905 vitam
1155 3853 1300 3907 dant.
1325 3854 1406 3905 Al.
1433 3862 1491 3904 at
1514 3850 1625 3904 illi:
1706 3859 1893 3930 patris.
1921 3856 2004 3909 Sic
2030 3856 2180 3909 Decl,
2210 3856 2429 3909 CCCLX
2446 3878 2459 3905 ς
2496 3877 2519 3900 ι
2537 3854 2713 3905 Addat

623 3956 790 4007 marg.
817 3935 994 3988 AErod.
1715 3959 1738 3984 ιι
1759 3934 1989 3989 donasse
2015 3934 2159 3987 illam
2188 3932 2299 3985 filio
2332 3935 2664 4005 petitionem.
2684 3956 2707 3979 ι

691 4020 743 4071 3.
775 4017 1008 4073 Donavit
1041 4018 1130 4069 tibi
1161 4017 1319 4069 etiam
1353 4026 1628 4069 testamen·
1708 4018 1827 4068 Hoc
1859 4028 1970 4081 est,
1999 4015 2055 4065 in
2088 4015 2311 4085 gratiam
2346 4012 2435 4065 filii
2472 4031 2581 4064 nou
2618 4030 2713 4083 pe-

625 4095 1162 4167 tumpatris.Quidam
1173 4094 1626 4169 apudAErodiumt
1706 4096 1863 4161 fisse,
1894 4094 2205 4165 petitionem
2234 4092 2519 4145 remisisse.
2546 4092 2707 4145 Gaea.

625 4177 782 4227 etiam
801 4189 982 4229 contra
1001 4188 1224 4229 metitem
1244 4175 1423 4245 patris.
1450 4174 1553 4229 Sed
1572 4174 1627 4227 hi
1708 4174 1881 4239 Quem
1903 4170 2008 4223 vid.
2034 4170 2165 4226 obs.
2191 4171 2291 4238 111,
2318 4170 2403 4236 24.
