2855 4871
582 381 748 464 ·146
1121 379 1216 445 M.
1265 378 1515 443 FABII
1560 376 2197 462 QUINTILIANI

614 504 846 605 priam
849 498 1098 605 judicii
1115 498 1237 599 huj
1245 524 1405 571 usce
1419 524 1810 590 summam3
1830 524 2104 574 necesse
2120 500 2345 575 habeo
2364 503 2434 576 id
2450 504 2677 599 dicere,

615 618 808 719 quod
831 618 904 689 in
929 614 1164 691 oculos
1188 611 1745 713 uniuscujusque
1767 634 2075 687 vestrum
2092 672 2112 707 ,
2136 616 2410 717 judices
2426 677 2447 711 ‚
2476 620 2678 693 incur-

615 737 720 809 rit.
751 730 1130 808 Abdicatur
1151 756 1328 831 puer
1349 758 1364 801 t
1393 728 1610 805 nolite
1631 728 1834 803 illum
1864 730 2200 805 aestimare
2218 760 2299 807 ex
2318 734 2451 807 hoc
2468 794 2488 827 ‚
2510 736 2679 835 quod

613 850 903 927 maritus
939 868 1040 920 est
1079 874 1094 919 :
1140 846 1214 919 in
1257 872 1400 942 quo
1443 845 1620 918 illud
1662 845 2043 944 praecipue,
2082 846 2395 947 judices,
2434 878 2677 942 vereor,

609 995 700 1043 ne
731 963 922 1065 apud
953 961 1228 1039 animos
1258 979 1509 1033 vestros
1543 980 1903 1059 suspectus
1938 957 2027 1031 sit
2065 958 2515 1058 impudentiae
2534 980 2580 1056 ¹,
2614 992 2679 1039 ac

605 1082 920 1155 videatur
964 1077 1146 1149 intra
1188 1075 1316 1149 hos
1361 1100 1587 1147 annos
1633 1074 1941 1146 nimium
1987 1073 2123 1147 cito
2162 1074 2395 1148 virum
2438 1076 2677 1174 egisse:

604 1221 890 1269 uxorem
938 1214 1132 1292 pater
1173 1189 1527 1290 impuberi
1572 1188 1789 1261 dedit.
1838 1187 2037 1279 Quid
2086 1188 2299 1288 igitur
2346 1189 2497 1265 haec
2542 1212 2680 1264 aetas

605 1309 1046 1385 committere
1079 1304 1306 1405 potuit
1339 1324 1528 1377 tanta
1560 1302 2164 1377 animadversione
2194 1304 2532 1403 dignum?
2557 1308 2679 1379 Lex

601 1423 1066 1502 abdicationis
1083 1421 1406 1495 adversus
1425 1419 1753 1495 ferociam
1766 1432 1796 1465 ²
1806 1419 2155 1520 juvenum
2178 1420 2547 1495 constituta
2564 1443 2675 1495 est:

599 1542 748 1615 haec
779 1565 938 1613 vero
979 1534 1346 1609 infirmitas
1378 1534 1553 1605 adeo
1587 1532 1898 1606 nocentis
1930 1560 2196 1607 nomen
2228 1558 2374 1609 non
2410 1538 2676 1637 recepit,

602 1676 682 1729 ut
701 1652 811 1725 vix
839 1650 1120 1751 recipiat
1148 1647 1561 1721 innocentis.
1588 1648 1659 1720 Si
1686 1668 1923 1720 tamen
1958 1674 2349 1747 perseveras
2376 1649 2677 1725 abdicare

595 1790 960 1865 tamquam
980 1764 1318 1866 juvenem
1336 1820 1356 1853 ‚
1387 1780 1731 1861 superest,
1762 1782 1841 1833 ut
1861 1788 1993 1861 ego
2024 1789 2303 1861 quoque
2332 1786 2674 1865 tamquam

589 1886 926 1986 juvenem
972 1879 1374 1953 defendam.
1397 1877 1632 1951 Vultis
1674 1877 1919 1976 igitur,
1958 1877 2266 1978 judices,
2308 1879 2537 1953 dicam
2576 1882 2677 1953 illa

597 1997 929 2077 omnibus
955 1997 1100 2069 fere
1124 1992 1645 2067 abdicationum
1661 1992 1949 2094 judiciis
1976 1992 2250 2093 vulgata
2272 2021 2399 2093 pro
2430 1996 2678 2067 liberis?

597 2140 742 2187 non
781 2140 907 2213 ego
940 2110 1334 2185 luxuriatus
1367 2136 1567 2199 sum,
1604 2134 1747 2181 non
1786 2134 1917 2207 ego
1958 2108 2397 2183 meretricem
2428 2109 2675 2193 amavi,

585 2256 740 2305 non
777 2249 1069 2328 paterna
1100 2226 1293 2302 bona
1317 2225 1501 2297 vitiis
1534 2223 1978 2323 consumpsi:
2014 2223 2133 2297 sed
2174 2222 2231 2295 si
2270 2224 2405 2297 hoc
2444 2252 2678 2325 pmpo-

592 2372 819 2435 suere,
833 2342 1617 2444 respondebiturspotest
1630 2339 1875 2438 enim),
1888 2340 2262 2431 adulteros,
2280 2340 2531 2440 inquit,
2544 2368 2673 2415 non

595 2460 921 2536 occidisti.
943 2459 1275 2532 Dicamus
1300 2481 1365 2531 et
1391 2480 1753 2558 tamquam
1788 2484 1913 2557 pro
1934 2456 2270 2530 marito-³:
2302 2485 2447 2532 non
2476 2458 2675 2532 habes

672 2675 716 2711 ι.
755 2657 840 2710 Ne
872 2655 1014 2730 apud
1041 2657 1246 2709 animos
1277 2667 1463 2709 vestrm
1496 2673 1603 2708 sus-

589 2750 767 2813 pectus
799 2740 867 2792 sit
897 2739 1246 2810 impudentiae.
1283 2736 1466 2790 Scribe
1502 2753 1601 2790 au-

593 2819 792 2882 dacter,
817 2817 1184 2888 impatientiae,
1209 2815 1266 2867 id
1288 2829 1366 2868 est
1382 2855 1399 2883 ‚
1429 2817 1600 2867 nimiae

597 2894 990 2948 libidinis.vide
1003 2895 1225 2948 Observ.
1245 2895 1307 2962 4,
1329 2893 1412 2947 25.
1431 2893 1596 2944 Giton.

669 2991 717 3024 2.
739 2974 844 3026 Lex
861 2972 1195 3026 abdicationis
1211 2971 1599 3044 advomufero·

595 3051 749 3102 ciam.
777 3053 874 3102 Hic
896 3049 1047 3114 locus
1070 3051 1301 3104 elucidat
1325 3051 1473 3103 illum
1498 3051 1599 3102 De·

593 3130 924 3182 clamationis
958 3129 1158 3182 OCle
1194 3149 1388 3202 supra:
1436 3127 1601 3182 «Ful-

602 3233 625 3258 «
645 3217 766 3264 men'
796 3207 940 3264 istud
967 3223 1211 3283 patrum,
1239 3210 1494 3264 adversus
1520 3211 1601 3262 fe-

601 3313 623 3338 ·
642 3292 844 3344 rocism
873 3288 1240 3342 adolescentie
1269 3287 1457 3342 datum
1488 3301 1601 3358 est,

599 3393 626 3421 ι
643 3385 747 3424 etc.
769 3393 791 3418 a
821 3371 1084 3424 AEnourns.

663 3453 715 3513 3.
733 3453 988 3506 ,Dicamus
1009 3463 1062 3504 et
1083 3461 1352 3524 tamquam
1371 3468 1471 3523 pro
1492 3469 1603 3506 ma-

595 3534 710 3588 n’to.
747 3537 898 3590 Patet
935 3553 998 3588 ex
1034 3533 1270 3588 Declam.
1307 3531 1600 3598 CCLxxv,

595 3627 755 3686 atque
791 3633 854 3667 ex
884 3616 1006 3685 jure
1035 3628 1255 3678 nostr-Q
1293 3613 1599 3686 quicunque

595 3692 666 3745 ob
701 3692 1020 3746 adulterium
1055 3693 1336 3764 pecuniam
1371 3709 1599 3762 accepe-

593 3775 660 3826 rit
673 3813 690 3843 ,
715 3794 836 3827 enm
851 3775 1115 3828 famosum
1129 3793 1272 3838 esse,
1297 3773 1422 3846 quia
1441 3770 1497 3826 id
1515 3785 1596 3826 est

591 3855 916 3910 lenocinium
929 3873 1102 3928 agere.
1119 3853 1222 3908 sed
1235 3857 1446 3921 marito,
1460 3855 1595 3906 sicut

593 3951 692 3990 nec
715 3953 780 3986 ea
799 3937 951 4010 jura,
985 3953 1104 4008 (με
1127 3933 1346 3994 tandem,
1372 3933 1429 3986 in
1461 3935 1598 3987 Pan-

591 4011 771 4068 dcctas
793 4016 955 4068 relata
976 4029 1126 4083 sunt,
1149 4034 1358 4068 omnem
1377 4015 1595 4067 omnino

593 4093 917 4166 adulterum,
944 4117 1043 4153 nec
1071 4097 1377 4172 ubicunque
1405 4095 1599 4170 depre-

1680 2651 1925 2706 henderit
1941 2691 1959 2719 ‚
2006 2654 2359 2726 permiserunt
2404 2653 2639 2708 occidere
2660 2675 2673 2704 z

1682 2735 1805 2806 quia
1828 2733 2003 2786 mariti
2027 2732 2175 2784 calor
2198 2746 2250 2784 et
2278 2733 2512 2803 impetus
2536 2732 2674 2784 facile

1680 2809 2010 2863 decernentis
2052 2811 2153 2862 fuit
2192 2811 2556 2863 refrenandus
2576 2833 2591 2874 ;
2625 2825 2673 2861 nt

1680 2888 1949 2960 eleganter
1960 2907 1991 2940 a
2004 2889 2293 2960 Papiniano
2311 2891 2415 2940 seri
2418 2903 2567 2960 ptum
2580 2901 2649 2942 est
2658 2924 2673 2952 ,

1679 2969 1747 3024 de
1780 2971 2051 3024 adulterii·
2082 2967 2177 3022 lib.
2206 2973 2259 3021 1:
2295 2987 2396 3023 nec
2424 2971 2581 3024 facile
2604 2971 2673 3022 vin

1678 3049 2024 3104 concedenda
2037 3090 2054 3119 ,
2076 3069 2184 3122 quo
2202 3053 2301 3103 viri
2318 3054 2545 3104 maxime
2562 3069 2673 3104 con·

1678 3133 1924 3202 fugerent
1942 3170 1958 3198 ‚
1989 3128 2189 3182 levibus
2219 3142 2270 3181 et
2304 3131 2673 3184 momentaneis

1680 3207 2074 3283 suspicionibus
2121 3210 2349 3261 offensi:
2398 3211 2675 3281 potiusque

1676 3290 1783 3344 hoc
1810 3293 1899 3362 jun
1932 3287 2003 3341 nd
2032 3301 2209 3360 patres
2242 3289 2559 3342 translatum
2588 3301 2670 3342 est.

1676 3376 1755 3426 lta
1780 3374 1891 3425 sive
1910 3371 2005 3424 ino
2028 3372 2252 3442 antiqno
2275 3371 2399 3440 jure
2418 3373 2673 3425 Romano-

1678 3473 1829 3521 rum,
1854 3469 1963 3526 quo
1987 3451 2205 3508 velutin
2230 3470 2429 3524 magna
2454 3471 2673 3526 pauper-

1680 3545 1787 3591 tate
1810 3551 1977 3604 poenae
2002 3551 2187 3592 omnes
2212 3543 2362 3584 erant
2385 3532 2501 3586 fere
2524 3549 2673 3604 pecu·

1676 3613 1852 3666 niariae
1870 3634 1883 3663 z
1904 3614 2010 3664 sive
2030 3611 2237 3682 leg-ibus
2256 3609 2670 3671 Atheniensium,

1676 3703 1736 3742 ut
1760 3709 1824 3743 ex
1847 3691 2087 3743 oratione
2112 3691 2277 3763 Lysim
2299 3687 2417 3756 ὀπὸς
2444 3689 2533 3742 «ηδ
2550 3689 2674 3755 Ἐμ-

1673 3769 1909 3830 voco-‘nove
1932 3768 2067 3839 φὸνου
2090 3771 2269 3845 colligi
2293 3785 2503 3843 potest,
2526 3771 2673 3822 mari-

1674 3867 1766 3920 to,
1798 3871 1909 3904 non
1939 3854 2097 3904 etiam
2130 3851 2251 3918 alii,
2280 3851 2409 3903 citra
2440 3848 2671 3902 fraudem

1676 3935 1935 3999 infamiae,
1974 3933 2202 4004 pecunia
2242 3945 2499 4004 accepta,
2538 3943 2591 3984 et
2625 3925 2671 3980 id

1674 4031 1843 4086 poenae
1868 4011 2084 4085 quidem
2100 4049 2117 4079 ‚
2146 4029 2257 4063 non
2282 4012 2441 4082 pretii
2471 4009 2669 4062 nomine

1676 4091 1975 4151 adulterum
2020 4091 2283 4148 dimittere
2326 4091 2497 4146 licuit.
2546 4092 2669 4158 3¹8⁰
