<?xml version="1.0" encoding="UTF-8"?>
<!DOCTYPE html PUBLIC "-//W3C//DTD XHTML 1.0 Transitional//EN"
    "http://www.w3.org/TR/xhtml1/DTD/xhtml1-transitional.dtd">
<html xmlns="http://www.w3.org/1999/xhtml" xml:lang="en" lang="en">
 <head>
  <title>
</title>
<meta http-equiv="Content-Type" content="text/html;charset=utf-8" />
  <meta name='ocr-system' content='tesseract 3.04.00' />
  <meta name='ocr-capabilities' content='ocr_page ocr_carea ocr_par ocr_line ocrx_word'/>
</head>
<body>
  <div class='ocr_page' id='page_1' title='image "./marcusfabiusqui06spalgoog_0242.png"; bbox 0 0 2855 4871; ppageno 0'>
   <div class='ocr_carea' id='block_1_1' title="bbox 578 442 2231 515">
    <p class='ocr_par' dir='ltr' id='par_1_1' title="bbox 578 442 2231 515">
     <span class='ocr_line' id='line_1_1' title="bbox 578 442 2231 515; baseline 0.001 -2"><span class='ocrx_word' id='word_1_1' title='bbox 578 442 1410 513; x_wconf 72' lang='lat' dir='ltr'>DECLAMATIONES.</span> <span class='ocrx_word' id='word_1_2' title='bbox 1457 443 1808 513; x_wconf 82' lang='lat' dir='ltr'><strong>cccvll.</strong></span> <span class='ocrx_word' id='word_1_3' title='bbox 2107 447 2231 515; x_wconf 82' lang='lat'><strong>235</strong></span> 
     </span>
    </p>
   </div>
   <div class='ocr_carea' id='block_1_2' title="bbox 171 567 2332 3438">
    <p class='ocr_par' dir='ltr' id='par_1_2' title="bbox 171 567 2332 3438">
     <span class='ocr_line' id='line_1_2' title="bbox 183 567 2234 668; baseline 0.002 -27"><span class='ocrx_word' id='word_1_4' title='bbox 183 596 307 641; x_wconf 87' lang='lat' dir='ltr'><strong>non</strong></span> <span class='ocrx_word' id='word_1_5' title='bbox 355 567 449 641; x_wconf 82' lang='lat' dir='ltr'><strong>sic</strong></span> <span class='ocrx_word' id='word_1_6' title='bbox 497 568 825 668; x_wconf 83' lang='lat' dir='ltr'><strong>scriptum</strong></span> <span class='ocrx_word' id='word_1_7' title='bbox 874 590 973 642; x_wconf 86' lang='lat' dir='ltr'><strong>est</strong></span> <span class='ocrx_word' id='word_1_8' title='bbox 992 628 1011 659; x_wconf 87' lang='lat'>,</span> <span class='ocrx_word' id='word_1_9' title='bbox 1060 590 1425 647; x_wconf 75' lang='lat' dir='ltr'><strong>Pnom&#39;mn</strong></span> <span class='ocrx_word' id='word_1_10' title='bbox 1469 588 1962 660; x_wconf 71' lang='lat' dir='ltr'>TORQUEATUR</span> <span class='ocrx_word' id='word_1_11' title='bbox 1997 598 2013 645; x_wconf 73' lang='grc' dir='ltr'>ε</span> <span class='ocrx_word' id='word_1_12' title='bbox 2070 573 2192 645; x_wconf 87' lang='lat' dir='ltr'><strong>sed</strong></span> <span class='ocrx_word' id='word_1_13' title='bbox 2214 632 2234 665; x_wconf 88' lang='lat'>,</span> 
     </span>
     <span class='ocr_line' id='line_1_3' title="bbox 179 684 2234 785; baseline 0.002 -30"><span class='ocrx_word' id='word_1_14' title='bbox 179 700 676 770; x_wconf 68' lang='lat' dir='ltr'><strong>TonQum‘rtm,</strong></span> <span class='ocrx_word' id='word_1_15' title='bbox 711 700 956 755; x_wconf 70' lang='lat' dir='ltr'><strong>nonne</strong></span> <span class='ocrx_word' id='word_1_16' title='bbox 984 702 1331 756; x_wconf 67' lang='lat' dir='ltr'><strong>conscios</strong></span> <span class='ocrx_word' id='word_1_17' title='bbox 1364 703 1702 757; x_wconf 64' lang='lat' dir='ltr'><strong>lumem:</strong></span> <span class='ocrx_word' id='word_1_18' title='bbox 1735 684 1908 757; x_wconf 83' lang='lat' dir='ltr'><strong>adeo</strong></span> <span class='ocrx_word' id='word_1_19' title='bbox 1937 685 2084 778; x_wconf 86' lang='lat' dir='ltr'><strong>ille,</strong></span> <span class='ocrx_word' id='word_1_20' title='bbox 2112 688 2234 785; x_wconf 89' lang='lat' dir='ltr'><strong>qui</strong></span> 
     </span>
     <span class='ocr_line' id='line_1_4' title="bbox 178 796 2238 899; baseline 0.001 -29"><span class='ocrx_word' id='word_1_21' title='bbox 178 798 475 871; x_wconf 84' lang='lat' dir='ltr'><strong>nondum</strong></span> <span class='ocrx_word' id='word_1_22' title='bbox 514 796 881 887; x_wconf 80' lang='lat' dir='ltr'><strong>indicavit,</strong></span> <span class='ocrx_word' id='word_1_23' title='bbox 923 798 1152 871; x_wconf 77' lang='lat' dir='ltr'><strong>adhuc</strong></span> <span class='ocrx_word' id='word_1_24' title='bbox 1200 824 1345 869; x_wconf 88' lang='lat' dir='ltr'><strong>non</strong></span> <span class='ocrx_word' id='word_1_25' title='bbox 1388 818 1489 870; x_wconf 84' lang='lat' dir='ltr'><strong>est</strong></span> <span class='ocrx_word' id='word_1_26' title='bbox 1532 826 1656 897; x_wconf 85' lang='lat' dir='ltr'><strong>pro</strong></span> <span class='ocrx_word' id='word_1_27' title='bbox 1697 818 1911 871; x_wconf 88' lang='lat' dir='ltr'><strong>torto:</strong></span> <span class='ocrx_word' id='word_1_28' title='bbox 1953 826 2115 899; x_wconf 77' lang='lat' dir='ltr'><strong>ergo</strong></span> <span class='ocrx_word' id='word_1_29' title='bbox 2160 820 2238 873; x_wconf 87' lang='lat' dir='ltr'><strong>ut</strong></span> 
     </span>
     <span class='ocr_line' id='line_1_5' title="bbox 180 910 2236 1013; baseline 0 -28"><span class='ocrx_word' id='word_1_30' title='bbox 180 912 537 1013; x_wconf 83' lang='lat' dir='ltr'><strong>majoribus</strong></span> <span class='ocrx_word' id='word_1_31' title='bbox 558 910 810 984; x_wconf 83' lang='lat' dir='ltr'><strong>nostris</strong></span> <span class='ocrx_word' id='word_1_32' title='bbox 828 910 1057 984; x_wconf 80' lang='lat' dir='ltr'><strong>visum</strong></span> <span class='ocrx_word' id='word_1_33' title='bbox 1082 931 1216 1001; x_wconf 84' lang='lat' dir='ltr'><strong>est,</strong></span> <span class='ocrx_word' id='word_1_34' title='bbox 1246 911 1305 982; x_wconf 84' lang='lat' dir='ltr'><strong>si</strong></span> <span class='ocrx_word' id='word_1_35' title='bbox 1328 912 1640 985; x_wconf 83' lang='lat' dir='ltr'><strong>conscios</strong></span> <span class='ocrx_word' id='word_1_36' title='bbox 1667 912 1914 985; x_wconf 84' lang='lat' dir='ltr'><strong>habuit</strong></span> <span class='ocrx_word' id='word_1_37' title='bbox 1935 926 1983 1001; x_wconf 86' lang='lat'><strong>¹,</strong></span> <span class='ocrx_word' id='word_1_38' title='bbox 2012 914 2236 987; x_wconf 81' lang='lat' dir='ltr'><strong>videa-</strong></span> 
     </span>
     <span class='ocr_line' id='line_1_6' title="bbox 182 1024 2235 1127; baseline 0 -28"><span class='ocrx_word' id='word_1_39' title='bbox 182 1054 337 1116; x_wconf 86' lang='lat' dir='ltr'><strong>mus,</strong></span> <span class='ocrx_word' id='word_1_40' title='bbox 354 1054 525 1125; x_wconf 87' lang='lat' dir='ltr'><strong>quos</strong></span> <span class='ocrx_word' id='word_1_41' title='bbox 536 1025 880 1098; x_wconf 85' lang='lat' dir='ltr'><strong>habuerit.</strong></span> <span class='ocrx_word' id='word_1_42' title='bbox 892 1024 1189 1099; x_wconf 87' lang='lat' dir='ltr'><strong>Nullum</strong></span> <span class='ocrx_word' id='word_1_43' title='bbox 1208 1026 1471 1101; x_wconf 81' lang='lat' dir='ltr'><strong>factum</strong></span> <span class='ocrx_word' id='word_1_44' title='bbox 1487 1025 1938 1127; x_wconf 80' lang='lat' dir='ltr'><strong>deprehendi,</strong></span> <span class='ocrx_word' id='word_1_45' title='bbox 1957 1027 2235 1099; x_wconf 82' lang='lat' dir='ltr'><strong>nullum</strong></span> 
     </span>
     <span class='ocr_line' id='line_1_7' title="bbox 179 1142 2239 1243; baseline 0.001 -30"><span class='ocrx_word' id='word_1_46' title='bbox 179 1142 585 1217; x_wconf 83' lang='lat' dir='ltr'><strong>conscicntiae</strong></span> <span class='ocrx_word' id='word_1_47' title='bbox 598 1143 754 1242; x_wconf 79' lang='lat' dir='ltr'><strong>sign</strong></span> <span class='ocrx_word' id='word_1_48' title='bbox 762 1159 883 1213; x_wconf 81' lang='lat' dir='ltr'><strong>um</strong></span> <span class='ocrx_word' id='word_1_49' title='bbox 904 1169 918 1214; x_wconf 92' lang='lat'>:</span> <span class='ocrx_word' id='word_1_50' title='bbox 944 1164 1268 1243; x_wconf 83' lang='lat' dir='ltr'><strong>putemus</strong></span> <span class='ocrx_word' id='word_1_51' title='bbox 1286 1163 1651 1217; x_wconf 83' lang='lat' dir='ltr'><strong>mortuum</strong></span> <span class='ocrx_word' id='word_1_52' title='bbox 1667 1168 1812 1215; x_wconf 84' lang='lat' dir='ltr'><strong>esse</strong></span> <span class='ocrx_word' id='word_1_53' title='bbox 1823 1200 1844 1234; x_wconf 87' lang='lat'>‚</span> <span class='ocrx_word' id='word_1_54' title='bbox 1864 1164 2239 1243; x_wconf 71' lang='lat' dir='ltr'><strong>autequam</strong></span> 
     </span>
     <span class='ocr_line' id='line_1_8' title="bbox 178 1258 2237 1359; baseline 0 -29"><span class='ocrx_word' id='word_1_55' title='bbox 178 1278 607 1357; x_wconf 80' lang='lat' dir='ltr'><strong>torqueretur:</strong></span> <span class='ocrx_word' id='word_1_56' title='bbox 634 1285 1023 1359; x_wconf 68' lang='lat' dir='ltr'><strong>quaeramus</strong></span> <span class='ocrx_word' id='word_1_57' title='bbox 1038 1316 1057 1349; x_wconf 90' lang='lat'>‚</span> <span class='ocrx_word' id='word_1_58' title='bbox 1090 1284 1265 1359; x_wconf 90' lang='lat' dir='ltr'><strong>quos</strong></span> <span class='ocrx_word' id='word_1_59' title='bbox 1288 1258 1596 1331; x_wconf 87' lang='lat' dir='ltr'><strong>conscios</strong></span> <span class='ocrx_word' id='word_1_60' title='bbox 1615 1258 1968 1332; x_wconf 85' lang='lat' dir='ltr'><strong>habuerit:</strong></span> <span class='ocrx_word' id='word_1_61' title='bbox 2000 1284 2237 1340; x_wconf 77' lang='lat' dir='ltr'><strong>nonne</strong></span> 
     </span>
     <span class='ocr_line' id='line_1_9' title="bbox 176 1372 2238 1475; baseline 0.002 -32"><span class='ocrx_word' id='word_1_62' title='bbox 176 1372 329 1447; x_wconf 80' lang='lat' dir='ltr'><strong>illud</strong></span> <span class='ocrx_word' id='word_1_63' title='bbox 352 1400 570 1473; x_wconf 77' lang='lat' dir='ltr'><strong>genus</strong></span> <span class='ocrx_word' id='word_1_64' title='bbox 592 1373 991 1475; x_wconf 65' lang='lat' dir='ltr'><strong>questionis</strong></span> <span class='ocrx_word' id='word_1_65' title='bbox 1010 1374 1563 1474; x_wconf 81' lang='lat' dir='ltr'><strong>praecipiendum</strong></span> <span class='ocrx_word' id='word_1_66' title='bbox 1587 1394 1722 1465; x_wconf 85' lang='lat' dir='ltr'><strong>est,</strong></span> <span class='ocrx_word' id='word_1_67' title='bbox 1742 1400 1954 1473; x_wconf 89' lang='lat' dir='ltr'><strong>quem</strong></span> <span class='ocrx_word' id='word_1_68' title='bbox 1979 1375 2238 1447; x_wconf 80' lang='lat' dir='ltr'><strong>habue-</strong></span> 
     </span>
     <span class='ocr_line' id='line_1_10' title="bbox 178 1488 2242 1564; baseline 0 -3"><span class='ocrx_word' id='word_1_69' title='bbox 178 1488 251 1561; x_wconf 82' lang='lat' dir='ltr'><strong>rit</strong></span> <span class='ocrx_word' id='word_1_70' title='bbox 269 1489 613 1564; x_wconf 85' lang='lat' dir='ltr'><strong>amicum?</strong></span> <span class='ocrx_word' id='word_1_71' title='bbox 644 1492 803 1562; x_wconf 85' lang='lat' dir='ltr'><strong>Non</strong></span> <span class='ocrx_word' id='word_1_72' title='bbox 828 1510 1085 1563; x_wconf 86' lang='lat' dir='ltr'><strong>temere</strong></span> <span class='ocrx_word' id='word_1_73' title='bbox 1113 1489 1324 1563; x_wconf 84' lang='lat' dir='ltr'><strong>debet</strong></span> <span class='ocrx_word' id='word_1_74' title='bbox 1352 1489 1694 1564; x_wconf 85' lang='lat' dir='ltr'><strong>indicasse</strong></span> <span class='ocrx_word' id='word_1_75' title='bbox 1720 1510 1922 1564; x_wconf 76' lang='lat' dir='ltr'><strong>tantae</strong></span> <span class='ocrx_word' id='word_1_76' title='bbox 1947 1492 2042 1563; x_wconf 84' lang='lat' dir='ltr'><strong>rei</strong></span> <span class='ocrx_word' id='word_1_77' title='bbox 2071 1516 2242 1562; x_wconf 88' lang='lat' dir='ltr'><strong>con-</strong></span> 
     </span>
     <span class='ocr_line' id='line_1_11' title="bbox 176 1604 2241 1705; baseline 0.001 -30"><span class='ocrx_word' id='word_1_78' title='bbox 176 1604 513 1679; x_wconf 78' lang='lat' dir='ltr'>scientiam</span> <span class='ocrx_word' id='word_1_79' title='bbox 545 1634 563 1678; x_wconf 88' lang='lat'><strong>:</strong></span> <span class='ocrx_word' id='word_1_80' title='bbox 611 1607 819 1705; x_wconf 79' lang='lat' dir='ltr'><strong>longa</strong></span> <span class='ocrx_word' id='word_1_81' title='bbox 852 1604 1320 1698; x_wconf 85' lang='lat' dir='ltr'><strong>consuetudo,</strong></span> <span class='ocrx_word' id='word_1_82' title='bbox 1352 1626 1546 1679; x_wconf 84' lang='lat' dir='ltr'><strong>vetus</strong></span> <span class='ocrx_word' id='word_1_83' title='bbox 1589 1606 1897 1679; x_wconf 86' lang='lat' dir='ltr'><strong>amicitia</strong></span> <span class='ocrx_word' id='word_1_84' title='bbox 1931 1607 2127 1698; x_wconf 80' lang='lat' dir='ltr'><strong>facit,</strong></span> <span class='ocrx_word' id='word_1_85' title='bbox 2165 1626 2241 1678; x_wconf 86' lang='lat' dir='ltr'><strong>ut</strong></span> 
     </span>
     <span class='ocr_line' id='line_1_12' title="bbox 175 1720 2239 1821; baseline 0.001 -31"><span class='ocrx_word' id='word_1_86' title='bbox 175 1720 381 1794; x_wconf 80' lang='lat' dir='ltr'><strong>veniat</strong></span> <span class='ocrx_word' id='word_1_87' title='bbox 412 1722 571 1820; x_wconf 89' lang='lat' dir='ltr'><strong>quis</strong></span> <span class='ocrx_word' id='word_1_88' title='bbox 604 1722 679 1794; x_wconf 88' lang='lat' dir='ltr'><strong>in</strong></span> <span class='ocrx_word' id='word_1_89' title='bbox 710 1720 979 1795; x_wconf 82' lang='lat' dir='ltr'><strong>sceleris</strong></span> <span class='ocrx_word' id='word_1_90' title='bbox 1006 1722 1403 1797; x_wconf 79' lang='lat' dir='ltr'><strong>societatem</strong></span> <span class='ocrx_word' id='word_1_91' title='bbox 1434 1747 1449 1793; x_wconf 77' lang='grc' dir='ltr'><em>τ</em></span> <span class='ocrx_word' id='word_1_92' title='bbox 1484 1722 1796 1794; x_wconf 77' lang='lat' dir='ltr'><strong>amicum</strong></span> <span class='ocrx_word' id='word_1_93' title='bbox 1831 1722 2046 1821; x_wconf 77' lang='lat' dir='ltr'><strong>igitur</strong></span> <span class='ocrx_word' id='word_1_94' title='bbox 2073 1748 2239 1821; x_wconf 84' lang='lat' dir='ltr'><strong>pro-</strong></span> 
     </span>
     <span class='ocr_line' id='line_1_13' title="bbox 174 1834 2239 1937; baseline 0.002 -32"><span class='ocrx_word' id='word_1_95' title='bbox 174 1834 389 1909; x_wconf 83' lang='lat' dir='ltr'><strong>ditoris</strong></span> <span class='ocrx_word' id='word_1_96' title='bbox 419 1857 483 1909; x_wconf 85' lang='lat' dir='ltr'><strong>te</strong></span> <span class='ocrx_word' id='word_1_97' title='bbox 518 1838 737 1911; x_wconf 84' lang='lat' dir='ltr'><strong>fuisse</strong></span> <span class='ocrx_word' id='word_1_98' title='bbox 772 1864 1005 1937; x_wconf 75' lang='lat' dir='ltr'><strong>negas.</strong></span> <span class='ocrx_word' id='word_1_99' title='bbox 1038 1840 1204 1911; x_wconf 83' lang='lat' dir='ltr'><strong>Jam</strong></span> <span class='ocrx_word' id='word_1_100' title='bbox 1246 1838 1301 1911; x_wconf 86' lang='lat' dir='ltr'><strong>si</strong></span> <span class='ocrx_word' id='word_1_101' title='bbox 1339 1860 1404 1911; x_wconf 91' lang='lat' dir='ltr'><strong>te</strong></span> <span class='ocrx_word' id='word_1_102' title='bbox 1441 1838 1945 1937; x_wconf 74' lang='lat' dir='ltr'><strong>interrogavero</strong></span> <span class='ocrx_word' id='word_1_103' title='bbox 1964 1896 1984 1928; x_wconf 84' lang='lat'>‚</span> <span class='ocrx_word' id='word_1_104' title='bbox 2027 1864 2239 1937; x_wconf 86' lang='lat' dir='ltr'><strong>quare</strong></span> 
     </span>
     <span class='ocr_line' id='line_1_14' title="bbox 176 1948 2239 2053; baseline 0 -32"><span class='ocrx_word' id='word_1_105' title='bbox 176 1948 408 2024; x_wconf 81' lang='lat' dir='ltr'><strong>dederis</strong></span> <span class='ocrx_word' id='word_1_106' title='bbox 434 1976 792 2025; x_wconf 86' lang='lat' dir='ltr'><strong>venenum</strong></span> <span class='ocrx_word' id='word_1_107' title='bbox 820 2011 840 2044; x_wconf 89' lang='lat'>,</span> <span class='ocrx_word' id='word_1_108' title='bbox 876 1953 1322 2053; x_wconf 70' lang='lat' dir='ltr'><strong>respondebis</strong></span> <span class='ocrx_word' id='word_1_109' title='bbox 1341 2012 1360 2043; x_wconf 87' lang='lat'>,</span> <span class='ocrx_word' id='word_1_110' title='bbox 1392 1972 1741 2027; x_wconf 80' lang='lat' dir='ltr'><strong>tormenta</strong></span> <span class='ocrx_word' id='word_1_111' title='bbox 1777 1952 1977 2023; x_wconf 87' lang='lat' dir='ltr'><strong>tertio</strong></span> <span class='ocrx_word' id='word_1_112' title='bbox 2011 1950 2239 2022; x_wconf 82' lang='lat' dir='ltr'><strong>videre</strong></span> 
     </span>
     <span class='ocr_line' id='line_1_15' title="bbox 176 2066 2240 2165; baseline 0 -29"><span class='ocrx_word' id='word_1_113' title='bbox 176 2090 297 2137; x_wconf 83' lang='lat' dir='ltr'><strong>non</strong></span> <span class='ocrx_word' id='word_1_114' title='bbox 324 2088 633 2165; x_wconf 81' lang='lat' dir='ltr'><strong>poteram</strong></span> <span class='ocrx_word' id='word_1_115' title='bbox 662 2094 679 2139; x_wconf 73' lang='grc' dir='ltr'><strong><em>ι</em></strong></span> <span class='ocrx_word' id='word_1_116' title='bbox 716 2094 913 2140; x_wconf 87' lang='lat' dir='ltr'><strong>meos</strong></span> <span class='ocrx_word' id='word_1_117' title='bbox 948 2088 1177 2159; x_wconf 82' lang='lat' dir='ltr'><strong>artus,</strong></span> <span class='ocrx_word' id='word_1_118' title='bbox 1224 2094 1385 2141; x_wconf 86' lang='lat' dir='ltr'><strong>mea</strong></span> <span class='ocrx_word' id='word_1_119' title='bbox 1420 2066 1704 2141; x_wconf 77' lang='lat' dir='ltr'><strong>lacerari</strong></span> <span class='ocrx_word' id='word_1_120' title='bbox 1739 2067 1997 2138; x_wconf 80' lang='lat' dir='ltr'><strong>viscera</strong></span> <span class='ocrx_word' id='word_1_121' title='bbox 2037 2086 2240 2165; x_wconf 82' lang='lat' dir='ltr'><strong>puta-</strong></span> 
     </span>
     <span class='ocr_line' id='line_1_16' title="bbox 176 2179 2237 2282; baseline 0.001 -33"><span class='ocrx_word' id='word_1_122' title='bbox 176 2179 315 2252; x_wconf 82' lang='lat' dir='ltr'><strong>bam</strong></span> <span class='ocrx_word' id='word_1_123' title='bbox 340 2210 355 2253; x_wconf 90' lang='lat'>:</span> <span class='ocrx_word' id='word_1_124' title='bbox 381 2182 625 2282; x_wconf 77' lang='lat' dir='ltr'><strong>jungit</strong></span> <span class='ocrx_word' id='word_1_125' title='bbox 652 2184 845 2256; x_wconf 86' lang='lat' dir='ltr'><strong>enim</strong></span> <span class='ocrx_word' id='word_1_126' title='bbox 871 2184 1213 2256; x_wconf 77' lang='lat' dir='ltr'><strong>amicitias</strong></span> <span class='ocrx_word' id='word_1_127' title='bbox 1236 2184 1628 2257; x_wconf 79' lang='lat' dir='ltr'><strong>similitudo</strong></span> <span class='ocrx_word' id='word_1_128' title='bbox 1652 2208 1932 2255; x_wconf 82' lang='lat' dir='ltr'><strong>morum</strong></span> <span class='ocrx_word' id='word_1_129' title='bbox 1964 2208 1980 2252; x_wconf 78' lang='lat' dir='ltr'><strong>t</strong></span> <span class='ocrx_word' id='word_1_130' title='bbox 2009 2181 2237 2252; x_wconf 82' lang='lat' dir='ltr'><strong>nescio</strong></span> 
     </span>
     <span class='ocr_line' id='line_1_17' title="bbox 175 2293 2239 2396; baseline 0 -27"><span class='ocrx_word' id='word_1_131' title='bbox 175 2299 495 2393; x_wconf 81' lang='lat' dir='ltr'><strong>quomodo</strong></span> <span class='ocrx_word' id='word_1_132' title='bbox 514 2299 701 2371; x_wconf 82' lang='lat' dir='ltr'><strong>inter</strong></span> <span class='ocrx_word' id='word_1_133' title='bbox 717 2326 861 2373; x_wconf 81' lang='lat' dir='ltr'><strong>sese</strong></span> <span class='ocrx_word' id='word_1_134' title='bbox 881 2300 1283 2373; x_wconf 81' lang='lat' dir='ltr'><strong>animorum</strong></span> <span class='ocrx_word' id='word_1_135' title='bbox 1304 2293 1638 2372; x_wconf 58' lang='lat' dir='ltr'><strong>numinoe&#39;</strong></span> <span class='ocrx_word' id='word_1_136' title='bbox 1653 2300 1893 2371; x_wconf 85' lang='lat' dir='ltr'><strong>viden&#39;t</strong></span> <span class='ocrx_word' id='word_1_137' title='bbox 1911 2316 1980 2369; x_wconf 85' lang='lat' dir='ltr'><strong>et</strong></span> <span class='ocrx_word' id='word_1_138' title='bbox 1999 2322 2239 2396; x_wconf 77' lang='lat' dir='ltr'><strong>agnos-</strong></span> 
     </span>
     <span class='ocr_line' id='line_1_18' title="bbox 176 2412 2240 2514; baseline 0.002 -32"><span class='ocrx_word' id='word_1_139' title='bbox 176 2434 349 2488; x_wconf 83' lang='lat' dir='ltr'><strong>cunt:</strong></span> <span class='ocrx_word' id='word_1_140' title='bbox 382 2443 509 2490; x_wconf 80' lang='lat' dir='ltr'><strong>nec</strong></span> <span class='ocrx_word' id='word_1_141' title='bbox 550 2415 925 2514; x_wconf 81' lang='lat' dir='ltr'><strong>quisquam</strong></span> <span class='ocrx_word' id='word_1_142' title='bbox 958 2441 1193 2490; x_wconf 80' lang='lat' dir='ltr'><strong>amare</strong></span> <span class='ocrx_word' id='word_1_143' title='bbox 1226 2416 1299 2486; x_wconf 85' lang='lat' dir='ltr'><strong>in</strong></span> <span class='ocrx_word' id='word_1_144' title='bbox 1336 2413 1549 2488; x_wconf 85' lang='lat' dir='ltr'><strong>altero</strong></span> <span class='ocrx_word' id='word_1_145' title='bbox 1581 2434 1836 2514; x_wconf 85' lang='lat' dir='ltr'><strong>potest,</strong></span> <span class='ocrx_word' id='word_1_146' title='bbox 1879 2413 2014 2486; x_wconf 87' lang='lat' dir='ltr'><strong>nisi</strong></span> <span class='ocrx_word' id='word_1_147' title='bbox 2048 2412 2240 2511; x_wconf 86' lang='lat' dir='ltr'><strong>quod</strong></span> 
     </span>
     <span class='ocr_line' id='line_1_19' title="bbox 174 2529 2234 2630; baseline 0 -32"><span class='ocrx_word' id='word_1_148' title='bbox 174 2529 393 2602; x_wconf 81' lang='lat' dir='ltr'><strong>tacitus</strong></span> <span class='ocrx_word' id='word_1_149' title='bbox 431 2531 703 2630; x_wconf 73' lang='lat' dir='ltr'><strong>probat.</strong></span> <span class='ocrx_word' id='word_1_150' title='bbox 738 2531 886 2602; x_wconf 89' lang='lat' dir='ltr'><strong>Nec</strong></span> <span class='ocrx_word' id='word_1_151' title='bbox 922 2529 1067 2604; x_wconf 81' lang='lat' dir='ltr'><strong>haec</strong></span> <span class='ocrx_word' id='word_1_152' title='bbox 1098 2530 1173 2600; x_wconf 88' lang='lat' dir='ltr'><strong>in</strong></span> <span class='ocrx_word' id='word_1_153' title='bbox 1206 2529 1410 2614; x_wconf 81' lang='lat' dir='ltr'><strong>nobis</strong></span> <span class='ocrx_word' id='word_1_154' title='bbox 1452 2548 1724 2601; x_wconf 76' lang='lat' dir='ltr'><strong>tantum</strong></span> <span class='ocrx_word' id='word_1_155' title='bbox 1757 2529 2182 2626; x_wconf 82' lang='lat' dir='ltr'><strong>comparatio</strong></span> <span class='ocrx_word' id='word_1_156' title='bbox 2219 2555 2234 2598; x_wconf 74' lang='grc' dir='ltr'>ε</span> 
     </span>
     <span class='ocr_line' id='line_1_20' title="bbox 176 2642 2236 2742; baseline -0.001 -28"><span class='ocrx_word' id='word_1_157' title='bbox 176 2665 343 2718; x_wconf 78' lang='lat' dir='ltr'><strong>muta</strong></span> <span class='ocrx_word' id='word_1_158' title='bbox 372 2645 708 2718; x_wconf 77' lang='lat' dir='ltr'><strong>animalia</strong></span> <span class='ocrx_word' id='word_1_159' title='bbox 738 2645 793 2717; x_wconf 90' lang='lat' dir='ltr'><strong>si</strong></span> <span class='ocrx_word' id='word_1_160' title='bbox 826 2644 899 2716; x_wconf 88' lang='lat' dir='ltr'><strong>in</strong></span> <span class='ocrx_word' id='word_1_161' title='bbox 926 2670 1154 2716; x_wconf 86' lang='lat' dir='ltr'><strong>unum</strong></span> <span class='ocrx_word' id='word_1_162' title='bbox 1178 2646 1649 2734; x_wconf 82' lang='lat' dir='ltr'><strong>conferantur,</strong></span> <span class='ocrx_word' id='word_1_163' title='bbox 1675 2642 1973 2742; x_wconf 70' lang='lat' dir='ltr'><strong>genera-3</strong></span> <span class='ocrx_word' id='word_1_164' title='bbox 1999 2649 2236 2714; x_wconf 73' lang='lat' dir='ltr'><strong>tamen</strong></span> 
     </span>
     <span class='ocr_line' id='line_1_21' title="bbox 176 2755 2232 2858; baseline -0.002 -29"><span class='ocrx_word' id='word_1_165' title='bbox 176 2759 450 2834; x_wconf 80' lang='lat' dir='ltr'><strong>coibunt.</strong></span> <span class='ocrx_word' id='word_1_166' title='bbox 472 2760 767 2834; x_wconf 80' lang='lat' dir='ltr'><strong>Amicus</strong></span> <span class='ocrx_word' id='word_1_167' title='bbox 789 2759 981 2832; x_wconf 87' lang='lat' dir='ltr'><strong>illius</strong></span> <span class='ocrx_word' id='word_1_168' title='bbox 998 2759 1195 2832; x_wconf 83' lang='lat' dir='ltr'><strong>fuisti</strong></span> <span class='ocrx_word' id='word_1_169' title='bbox 1219 2786 1234 2830; x_wconf 75' lang='grc' dir='ltr'>ε</span> <span class='ocrx_word' id='word_1_170' title='bbox 1260 2785 1426 2832; x_wconf 89' lang='lat' dir='ltr'><strong>cum</strong></span> <span class='ocrx_word' id='word_1_171' title='bbox 1455 2757 1577 2832; x_wconf 84' lang='lat' dir='ltr'><strong>illo</strong></span> <span class='ocrx_word' id='word_1_172' title='bbox 1603 2756 1730 2829; x_wconf 88' lang='lat' dir='ltr'><strong>tibi</strong></span> <span class='ocrx_word' id='word_1_173' title='bbox 1751 2757 1927 2829; x_wconf 83' lang='lat' dir='ltr'><strong>seria</strong></span> <span class='ocrx_word' id='word_1_174' title='bbox 1955 2781 2035 2828; x_wconf 86' lang='lat' dir='ltr'><strong>ac</strong></span> <span class='ocrx_word' id='word_1_175' title='bbox 2052 2755 2232 2858; x_wconf 86' lang='lat' dir='ltr'><strong>joci:</strong></span> 
     </span>
     <span class='ocr_line' id='line_1_22' title="bbox 174 2869 2232 2974; baseline -0.002 -30"><span class='ocrx_word' id='word_1_176' title='bbox 174 2897 293 2946; x_wconf 86' lang='lat' dir='ltr'><strong>non</strong></span> <span class='ocrx_word' id='word_1_177' title='bbox 340 2897 527 2974; x_wconf 86' lang='lat' dir='ltr'><strong>potes</strong></span> <span class='ocrx_word' id='word_1_178' title='bbox 568 2873 789 2946; x_wconf 80' lang='lat' dir='ltr'><strong>videri</strong></span> <span class='ocrx_word' id='word_1_179' title='bbox 835 2899 981 2946; x_wconf 86' lang='lat' dir='ltr'><strong>non</strong></span> <span class='ocrx_word' id='word_1_180' title='bbox 1026 2873 1385 2972; x_wconf 73' lang='lat' dir='ltr'><strong>probasse,</strong></span> <span class='ocrx_word' id='word_1_181' title='bbox 1429 2897 1642 2970; x_wconf 83' lang='lat' dir='ltr'><strong>quem</strong></span> <span class='ocrx_word' id='word_1_182' title='bbox 1677 2893 1821 2942; x_wconf 85' lang='lat' dir='ltr'><strong>non</strong></span> <span class='ocrx_word' id='word_1_183' title='bbox 1856 2869 2178 2968; x_wconf 76' lang='lat' dir='ltr'><strong>ignorasti</strong></span> <span class='ocrx_word' id='word_1_184' title='bbox 2217 2895 2232 2939; x_wconf 73' lang='grc' dir='ltr'><em>τ</em></span> 
     </span>
     <span class='ocr_line' id='line_1_23' title="bbox 172 2985 2234 3090; baseline -0 -32"><span class='ocrx_word' id='word_1_185' title='bbox 172 2988 407 3062; x_wconf 80' lang='lat' dir='ltr'><strong>amicus</strong></span> <span class='ocrx_word' id='word_1_186' title='bbox 432 2989 805 3090; x_wconf 83' lang='lat' dir='ltr'><strong>proditoris</strong></span> <span class='ocrx_word' id='word_1_187' title='bbox 834 2987 1066 3066; x_wconf 82' lang='lat' dir='ltr'><strong>fuisti:</strong></span> <span class='ocrx_word' id='word_1_188' title='bbox 1099 2988 1257 3089; x_wconf 81' lang='lat' dir='ltr'><strong>plus</strong></span> <span class='ocrx_word' id='word_1_189' title='bbox 1284 3009 1389 3061; x_wconf 82' lang='lat' dir='ltr'><strong>est</strong></span> <span class='ocrx_word' id='word_1_190' title='bbox 1408 2987 1542 3059; x_wconf 81' lang='lat' dir='ltr'><strong>hoc</strong></span> <span class='ocrx_word' id='word_1_191' title='bbox 1559 3043 1579 3077; x_wconf 92' lang='lat'><strong>‚</strong></span> <span class='ocrx_word' id='word_1_192' title='bbox 1606 3011 1820 3086; x_wconf 81' lang='lat' dir='ltr'><strong>quam</strong></span> <span class='ocrx_word' id='word_1_193' title='bbox 1854 2985 1911 3059; x_wconf 83' lang='lat' dir='ltr'><strong>si</strong></span> <span class='ocrx_word' id='word_1_194' title='bbox 1946 2985 2196 3059; x_wconf 83' lang='lat' dir='ltr'><strong>dixeris</strong></span> <span class='ocrx_word' id='word_1_195' title='bbox 2214 3043 2234 3077; x_wconf 87' lang='lat'><strong>,</strong></span> 
     </span>
     <span class='ocr_line' id='line_1_24' title="bbox 171 3103 2234 3204; baseline 0 -29"><span class='ocrx_word' id='word_1_196' title='bbox 171 3107 497 3179; x_wconf 85' lang='lat' dir='ltr'><strong>conscium</strong></span> <span class='ocrx_word' id='word_1_197' title='bbox 530 3127 601 3179; x_wconf 88' lang='lat' dir='ltr'><strong>te</strong></span> <span class='ocrx_word' id='word_1_198' title='bbox 624 3106 859 3180; x_wconf 83' lang='lat' dir='ltr'><strong>fuisse.</strong></span> <span class='ocrx_word' id='word_1_199' title='bbox 892 3109 984 3178; x_wconf 85' lang='lat' dir='ltr'><strong>At</strong></span> <span class='ocrx_word' id='word_1_200' title='bbox 1004 3105 1115 3178; x_wconf 81' lang='lat' dir='ltr'><strong>bis</strong></span> <span class='ocrx_word' id='word_1_201' title='bbox 1136 3126 1353 3178; x_wconf 84' lang='lat' dir='ltr'><strong>tortus</strong></span> <span class='ocrx_word' id='word_1_202' title='bbox 1380 3104 1776 3204; x_wconf 72' lang='lat' dir='ltr'><strong>pernegavit</strong></span> <span class='ocrx_word' id='word_1_203' title='bbox 1805 3129 1823 3175; x_wconf 73' lang='grc' dir='ltr'>ε</span> <span class='ocrx_word' id='word_1_204' title='bbox 1859 3103 2066 3176; x_wconf 84' lang='lat' dir='ltr'><strong>redde</strong></span> <span class='ocrx_word' id='word_1_205' title='bbox 2101 3129 2234 3176; x_wconf 87' lang='lat' dir='ltr'><strong>no-</strong></span> 
     </span>
     <span class='ocr_line' id='line_1_25' title="bbox 172 3215 2233 3322; baseline 0.001 -34"><span class='ocrx_word' id='word_1_206' title='bbox 172 3215 259 3292; x_wconf 83' lang='lat' dir='ltr'><strong>bis</strong></span> <span class='ocrx_word' id='word_1_207' title='bbox 276 3221 607 3298; x_wconf 73' lang='lat' dir='ltr'><strong>rationem</strong></span> <span class='ocrx_word' id='word_1_208' title='bbox 624 3279 643 3312; x_wconf 88' lang='lat'>‚</span> <span class='ocrx_word' id='word_1_209' title='bbox 658 3249 870 3322; x_wconf 82' lang='lat' dir='ltr'><strong>quare</strong></span> <span class='ocrx_word' id='word_1_210' title='bbox 890 3220 993 3293; x_wconf 87' lang='lat' dir='ltr'><strong>illi</strong></span> <span class='ocrx_word' id='word_1_211' title='bbox 1012 3221 1281 3296; x_wconf 77' lang='lat' dir='ltr'><strong>amicus</strong></span> <span class='ocrx_word' id='word_1_212' title='bbox 1300 3241 1655 3320; x_wconf 76' lang='lat' dir='ltr'><strong>tantopere</strong></span> <span class='ocrx_word' id='word_1_213' title='bbox 1669 3219 1904 3292; x_wconf 76' lang='lat' dir='ltr'><strong>fueris.</strong></span> <span class='ocrx_word' id='word_1_214' title='bbox 1918 3219 2233 3317; x_wconf 77' lang='lat' dir='ltr'><strong>Dignum</strong></span> 
     </span>
     <span class='ocr_line' id='line_1_26' title="bbox 172 3334 2332 3438; baseline -0.001 -31"><span class='ocrx_word' id='word_1_215' title='bbox 172 3336 535 3412; x_wconf 78' lang='lat' dir='ltr'><strong>mehercule</strong></span> <span class='ocrx_word' id='word_1_216' title='bbox 560 3337 962 3438; x_wconf 78' lang='lat' dir='ltr'><strong>exemplum</strong></span> <span class='ocrx_word' id='word_1_217' title='bbox 978 3395 997 3430; x_wconf 89' lang='lat'>‚</span> <span class='ocrx_word' id='word_1_218' title='bbox 1028 3337 1219 3436; x_wconf 88' lang='lat' dir='ltr'><strong>quod</strong></span> <span class='ocrx_word' id='word_1_219' title='bbox 1252 3335 1448 3410; x_wconf 81' lang='lat' dir='ltr'><strong>ficret</strong></span> <span class='ocrx_word' id='word_1_220' title='bbox 1469 3337 1545 3410; x_wconf 90' lang='lat' dir='ltr'><strong>in</strong></span> <span class='ocrx_word' id='word_1_221' title='bbox 1572 3361 1644 3408; x_wconf 81' lang='lat' dir='ltr'><strong>re</strong></span> <span class='ocrx_word' id='word_1_222' title='bbox 1663 3334 2096 3408; x_wconf 79' lang='lat' dir='ltr'><strong>honestiore:</strong></span> <span class='ocrx_word' id='word_1_223' title='bbox 2123 3354 2232 3424; x_wconf 87' lang='lat' dir='ltr'><strong>tu,</strong></span> <span class='ocrx_word' id='word_1_224' title='bbox 2323 3369 2332 3377; x_wconf 95' lang='lat'><strong>·</strong></span> 
     </span>
    </p>
   </div>
   <div class='ocr_carea' id='block_1_3' title="bbox 166 3521 2236 4218">
    <p class='ocr_par' dir='ltr' id='par_1_3' title="bbox 166 3521 2236 4218">
     <span class='ocr_line' id='line_1_27' title="bbox 170 3521 2234 3601; baseline 0.003 -31"><span class='ocrx_word' id='word_1_225' title='bbox 170 3523 213 3571; x_wconf 87' lang='lat' dir='ltr'><strong>in</strong></span> <span class='ocrx_word' id='word_1_226' title='bbox 232 3523 501 3580; x_wconf 76' lang='lat' dir='ltr'><strong>sceleratos</strong></span> <span class='ocrx_word' id='word_1_227' title='bbox 524 3545 635 3579; x_wconf 81' lang='lat' dir='ltr'><strong>non</strong></span> <span class='ocrx_word' id='word_1_228' title='bbox 658 3525 829 3594; x_wconf 79' lang='lat' dir='ltr'><strong>cadit,</strong></span> <span class='ocrx_word' id='word_1_229' title='bbox 854 3527 1147 3582; x_wconf 81' lang='lat' dir='ltr'><strong>secundum</strong></span> <span class='ocrx_word' id='word_1_230' title='bbox 1299 3527 1673 3580; x_wconf 74' lang='lat' dir='ltr'><strong>2.Am·momm</strong></span> <span class='ocrx_word' id='word_1_231' title='bbox 1695 3523 1932 3601; x_wconf 46' lang='lat' dir='ltr'><strong>numine.</strong></span> <span class='ocrx_word' id='word_1_232' title='bbox 1951 3524 2092 3592; x_wconf 84' lang='lat' dir='ltr'><strong>Scio,</strong></span> <span class='ocrx_word' id='word_1_233' title='bbox 2107 3521 2234 3596; x_wconf 80' lang='lat' dir='ltr'><strong>quid</strong></span> 
     </span>
     <span class='ocr_line' id='line_1_28' title="bbox 172 3601 2233 3679; baseline 0 -27"><span class='ocrx_word' id='word_1_234' title='bbox 172 3603 519 3660; x_wconf 76' lang='lat' dir='ltr'><strong>Aristotelicos.</strong></span> <span class='ocrx_word' id='word_1_235' title='bbox 548 3609 766 3662; x_wconf 72' lang='lat' dir='ltr'><strong>Senum.</strong></span> <span class='ocrx_word' id='word_1_236' title='bbox 1224 3604 1680 3679; x_wconf 69' lang='lat' dir='ltr'><strong>philosophentur·</strong></span> <span class='ocrx_word' id='word_1_237' title='bbox 1724 3615 1944 3656; x_wconf 76' lang='lat' dir='ltr'><strong>veteres.</strong></span> <span class='ocrx_word' id='word_1_238' title='bbox 1995 3603 2096 3656; x_wconf 85' lang='lat' dir='ltr'><strong>Sed</strong></span> <span class='ocrx_word' id='word_1_239' title='bbox 2146 3601 2233 3654; x_wconf 81' lang='lat' dir='ltr'><strong>hio</strong></span> 
     </span>
     <span class='ocr_line' id='line_1_29' title="bbox 232 3685 2234 3758; baseline 0.002 -26"><span class='ocrx_word' id='word_1_240' title='bbox 232 3697 271 3733; x_wconf 81' lang='grc'><strong>1.</strong></span> <span class='ocrx_word' id='word_1_241' title='bbox 284 3685 339 3737; x_wconf 75' lang='lat' dir='ltr'><strong>Si</strong></span> <span class='ocrx_word' id='word_1_242' title='bbox 348 3687 577 3739; x_wconf 77' lang='lat' dir='ltr'><strong>conscios</strong></span> <span class='ocrx_word' id='word_1_243' title='bbox 590 3687 785 3739; x_wconf 77' lang='lat' dir='ltr'><strong>habuit.</strong></span> <span class='ocrx_word' id='word_1_244' title='bbox 806 3687 911 3742; x_wconf 76' lang='lat' dir='ltr'><strong>Iste</strong></span> <span class='ocrx_word' id='word_1_245' title='bbox 922 3687 1147 3742; x_wconf 74' lang='lat' dir='ltr'><strong>conscios</strong></span> <span class='ocrx_word' id='word_1_246' title='bbox 1226 3685 1566 3741; x_wconf 79' lang='lat' dir='ltr'><strong>scribendum</strong></span> <span class='ocrx_word' id='word_1_247' title='bbox 1583 3685 1800 3756; x_wconf 80' lang='lat' dir='ltr'><strong>judico:</strong></span> <span class='ocrx_word' id='word_1_248' title='bbox 1829 3686 1994 3738; x_wconf 77' lang='lat' dir='ltr'><strong>nescio</strong></span> <span class='ocrx_word' id='word_1_249' title='bbox 2017 3701 2234 3758; x_wconf 79' lang='lat' dir='ltr'><strong>quomo-</strong></span> 
     </span>
     <span class='ocr_line' id='line_1_30' title="bbox 170 3757 2232 3839; baseline -0.001 -24"><span class='ocrx_word' id='word_1_250' title='bbox 170 3757 213 3808; x_wconf 62' lang='grc' dir='ltr'><strong>ἢ·</strong></span> <span class='ocrx_word' id='word_1_251' title='bbox 244 3761 450 3816; x_wconf 66' lang='lat' dir='ltr'><strong>Suum-¹1⁸.</strong></span> <span class='ocrx_word' id='word_1_252' title='bbox 483 3793 557 3806; x_wconf 84' lang='lat'><strong>—-</strong></span> <span class='ocrx_word' id='word_1_253' title='bbox 592 3767 913 3838; x_wconf 58' lang='lat' dir='ltr'><strong>Quone-amns.</strong></span> <span class='ocrx_word' id='word_1_254' title='bbox 952 3769 1034 3819; x_wconf 82' lang='lat' dir='ltr'><strong>An</strong></span> <span class='ocrx_word' id='word_1_255' title='bbox 1053 3804 1070 3832; x_wconf 88' lang='lat'>‚</span> <span class='ocrx_word' id='word_1_256' title='bbox 1106 3765 1150 3819; x_wconf 70' lang='grc' dir='ltr'><strong>εἰ</strong></span> <span class='ocrx_word' id='word_1_257' title='bbox 1228 3768 1293 3819; x_wconf 66' lang='grc' dir='ltr'><strong>δο</strong></span> <span class='ocrx_word' id='word_1_258' title='bbox 1318 3766 1456 3818; x_wconf 70' lang='lat' dir='ltr'><strong>inter</strong></span> <span class='ocrx_word' id='word_1_259' title='bbox 1473 3783 1574 3819; x_wconf 73' lang='lat' dir='ltr'><strong>sese</strong></span> <span class='ocrx_word' id='word_1_260' title='bbox 1595 3768 1890 3817; x_wconf 74' lang='lat' dir='ltr'><strong>animorum</strong></span> <span class='ocrx_word' id='word_1_261' title='bbox 1919 3762 2126 3839; x_wconf 66' lang='lat' dir='ltr'><strong>ingenia</strong></span> <span class='ocrx_word' id='word_1_262' title='bbox 2152 3763 2232 3814; x_wconf 83' lang='grc' dir='ltr'><strong>υἰ-</strong></span> 
     </span>
     <span class='ocr_line' id='line_1_31' title="bbox 168 3843 2232 3918; baseline 0.001 -28"><span class='ocrx_word' id='word_1_263' title='bbox 168 3853 449 3906; x_wconf 61' lang='lat' dir='ltr'><strong>vum-amus.</strong></span> <span class='ocrx_word' id='word_1_264' title='bbox 482 3843 705 3896; x_wconf 66' lang='lat' dir='ltr'><strong>Surum.</strong></span> <span class='ocrx_word' id='word_1_265' title='bbox 734 3875 809 3886; x_wconf 90' lang='lat'><strong>—-</strong></span> <span class='ocrx_word' id='word_1_266' title='bbox 831 3845 1149 3918; x_wconf 73' lang='lat' dir='ltr'><strong>Proeen&#39;pien-</strong></span> <span class='ocrx_word' id='word_1_267' title='bbox 1228 3844 1370 3908; x_wconf 73' lang='lat' dir='ltr'><strong>dent,</strong></span> <span class='ocrx_word' id='word_1_268' title='bbox 1390 3855 1444 3897; x_wconf 75' lang='lat' dir='ltr'><strong>et</strong></span> <span class='ocrx_word' id='word_1_269' title='bbox 1457 3843 2232 3917; x_wconf 56' lang='lat' dir='ltr'><strong>coqnoscuntfinomhumina,</strong></span> 
     </span>
     <span class='ocr_line' id='line_1_32' title="bbox 166 3913 1961 3996; baseline 0.006 -34"><span class='ocrx_word' id='word_1_270' title='bbox 166 3913 289 3968; x_wconf 67' lang='lat' dir='ltr'><strong>cham.</strong></span> <span class='ocrx_word' id='word_1_271' title='bbox 326 3920 424 3972; x_wconf 78' lang='lat' dir='ltr'><strong>Alii</strong></span> <span class='ocrx_word' id='word_1_272' title='bbox 440 3957 457 3986; x_wconf 89' lang='lat'>‚</span> <span class='ocrx_word' id='word_1_273' title='bbox 491 3923 895 3996; x_wconf 66' lang='lat' dir='ltr'><strong>preripiendum</strong></span> <span class='ocrx_word' id='word_1_274' title='bbox 910 3964 929 3992; x_wconf 92' lang='lat'><strong><em>,</em></strong></span> <span class='ocrx_word' id='word_1_275' title='bbox 968 3923 1145 3976; x_wconf 79' lang='lat' dir='ltr'><strong>AEmd.</strong></span> <span class='ocrx_word' id='word_1_276' title='bbox 1228 3923 1484 3976; x_wconf 79' lang='lat' dir='ltr'><strong>Obrecht.</strong></span> <span class='ocrx_word' id='word_1_277' title='bbox 1510 3923 1739 3989; x_wconf 66' lang='lat' dir='ltr'><strong><em>Infima,</em></strong></span> <span class='ocrx_word' id='word_1_278' title='bbox 1759 3921 1961 3974; x_wconf 72' lang='lat' dir='ltr'><strong>Schult.</strong></span> 
     </span>
     <span class='ocr_line' id='line_1_33' title="bbox 168 3995 2234 4068; baseline -0 -17"><span class='ocrx_word' id='word_1_279' title='bbox 168 4019 227 4032; x_wconf 64' lang='lat'><strong>*-</strong></span> <span class='ocrx_word' id='word_1_280' title='bbox 242 3997 502 4055; x_wconf 69' lang='lat' dir='ltr'><strong>Indicam.</strong></span> <span class='ocrx_word' id='word_1_281' title='bbox 524 4003 606 4053; x_wconf 80' lang='lat' dir='ltr'><strong>Au</strong></span> <span class='ocrx_word' id='word_1_282' title='bbox 617 4039 634 4068; x_wconf 86' lang='lat'>‚</span> <span class='ocrx_word' id='word_1_283' title='bbox 654 4002 889 4057; x_wconf 73' lang='lat' dir='ltr'><strong>incidisse</strong></span> <span class='ocrx_word' id='word_1_284' title='bbox 902 4015 1061 4057; x_wconf 69' lang='grc' dir='ltr'><strong>ωηατ</strong></span> <span class='ocrx_word' id='word_1_285' title='bbox 1078 4005 1151 4056; x_wconf 72' lang='lat' dir='ltr'><strong>nei</strong></span> <span class='ocrx_word' id='word_1_286' title='bbox 1300 4003 1351 4056; x_wconf 82' lang='lat'><strong>3.</strong></span> <span class='ocrx_word' id='word_1_287' title='bbox 1371 3995 1592 4055; x_wconf 79' lang='lat' dir='ltr'><strong>Genera&#39;.</strong></span> <span class='ocrx_word' id='word_1_288' title='bbox 1615 4003 1837 4067; x_wconf 80' lang='lat' dir='ltr'><strong>Genere,</strong></span> <span class='ocrx_word' id='word_1_289' title='bbox 1852 3999 1959 4052; x_wconf 78' lang='lat' dir='ltr'><strong>alii.</strong></span> <span class='ocrx_word' id='word_1_290' title='bbox 1975 4027 2046 4038; x_wconf 89' lang='lat'><em>-</em></span> <span class='ocrx_word' id='word_1_291' title='bbox 2061 3995 2234 4050; x_wconf 70' lang='lat' dir='ltr'><strong>Redde</strong></span> 
     </span>
     <span class='ocr_line' id='line_1_34' title="bbox 166 4079 2236 4156; baseline 0.001 -28"><span class='ocrx_word' id='word_1_292' title='bbox 166 4079 466 4132; x_wconf 66' lang='lat' dir='ltr'><strong>concientia.</strong></span> <span class='ocrx_word' id='word_1_293' title='bbox 494 4081 713 4135; x_wconf 73' lang='lat' dir='ltr'><strong>Senum.</strong></span> <span class='ocrx_word' id='word_1_294' title='bbox 736 4111 809 4123; x_wconf 88' lang='lat'><strong>-—</strong></span> <span class='ocrx_word' id='word_1_295' title='bbox 823 4085 1015 4156; x_wconf 71' lang='lat' dir='ltr'><strong>Neqas.</strong></span> <span class='ocrx_word' id='word_1_296' title='bbox 1036 4085 1149 4138; x_wconf 78' lang='lat' dir='ltr'><strong>Ne-</strong></span> <span class='ocrx_word' id='word_1_297' title='bbox 1228 4080 1702 4156; x_wconf 59' lang='lat' dir='ltr'><strong>uobiaBipmeddes,</strong></span> <span class='ocrx_word' id='word_1_298' title='bbox 1713 4079 1858 4132; x_wconf 77' lang='lat' dir='ltr'><strong>nulla</strong></span> <span class='ocrx_word' id='word_1_299' title='bbox 1870 4097 2052 4133; x_wconf 75' lang='lat' dir='ltr'><strong>seusus</strong></span> <span class='ocrx_word' id='word_1_300' title='bbox 2065 4097 2236 4132; x_wconf 84' lang='lat' dir='ltr'><strong>emen·</strong></span> 
     </span>
     <span class='ocr_line' id='line_1_35' title="bbox 166 4153 2229 4218; baseline 0 -9"><span class='ocrx_word' id='word_1_301' title='bbox 166 4167 225 4218; x_wconf 69' lang='lat'><strong>9⁰</strong></span> <span class='ocrx_word' id='word_1_302' title='bbox 236 4191 252 4217; x_wconf 89' lang='lat'><em>,</em></span> <span class='ocrx_word' id='word_1_303' title='bbox 273 4153 486 4211; x_wconf 70' lang='lat' dir='ltr'><strong>Statu.</strong></span> <span class='ocrx_word' id='word_1_304' title='bbox 1228 4159 1442 4212; x_wconf 72' lang='lat' dir='ltr'><strong>elatione</strong></span> <span class='ocrx_word' id='word_1_305' title='bbox 1453 4159 1698 4213; x_wconf 76' lang='lat' dir='ltr'><strong>adversus</strong></span> <span class='ocrx_word' id='word_1_306' title='bbox 1707 4157 1872 4212; x_wconf 69' lang='lat' dir='ltr'><strong>Beck.</strong></span> <span class='ocrx_word' id='word_1_307' title='bbox 1885 4161 2122 4212; x_wconf 70' lang='lat' dir='ltr'><strong>etBurn.</strong></span> <span class='ocrx_word' id='word_1_308' title='bbox 2137 4159 2229 4211; x_wconf 75' lang='lat' dir='ltr'><strong>En.</strong></span> 
     </span>
    </p>
   </div>
  </div>
 </body>
</html>
