2855 4871
577 396 1419 465 DECLAMATIONES.
1466 398 1960 463 CCLXXWII.
2194 402 2308 481 ¹41

225 524 420 596 terim
457 523 661 626 cujus
699 525 1136 597 miseretur¹.
1119 522 1148 577 'r‘
1179 522 1501 615 infantis,
1546 550 1625 595 ex
1660 523 2001 596 adulterio
2034 523 2317 595 fortasse

225 641 586 742 concepti?
617 644 738 732 Et,
773 640 1082 742 judiceS,
1119 640 1465 740 interrogo
1502 667 1657 732 vos„
1703 640 1899 742 eujus
1932 640 2071 713 rei²
2107 641 2321 740 gratia

226 755 446 855 legem
490 756 741 829 cavisse
787 756 1226 829 existimetis?
1270 756 1494 848 illius,
1539 738 1662 855 qui
1704 778 1865 828 erat
1878 777 2249 856 conceptus
2280 782 2323 829 a

229 894 515 946 nocente
538 874 847 946 femina?
869 900 1016 945 non
1041 896 1140 947 est
1163 874 1491 947 credibile
1520 873 1747 974 legem
1777 874 2198 976 prospexisse
2224 872 2321 963 ei,

233 988 334 1059 cui
367 1015 606 1060 rerum
641 1010 894 1061 natura
934 989 1178 1062 datura
1212 991 1497 1063 fortasse
1530 1016 1675 1062 non
1706 1010 1849 1063 erat
1882 989 2155 1079 lucem3
2198 988 2324 1089 qui

232 1128 312 1172 an
346 1102 536 1173 nasci
569 1122 826 1203 posset,
858 1102 1158 1176 dubium
1191 1104 1371 1195 fuit3
1407 1104 1531 1204 qui
1568 1103 1782 1177 etiam
1816 1104 2061 1177 odium
2096 1130 2177 1175 ex
2210 1130 2321 1194 ea,

230 1242 376 1315 quae
400 1238 840 1317 conceperat,
871 1218 1290 1290 merebatur.
1314 1219 1553 1309 Quare
1584 1244 1745 1318 ergo
1773 1219 2029 1319 scripta
2054 1219 2164 1291 lex
2184 1216 2323 1291 est?

233 1358 350 1429 pro
369 1331 706 1429 patribus,
732 1332 854 1429 qui
879 1331 1056 1405 nihil
1082 1331 1433 1405 fecerunt³
1450 1332 1863 1433 :indignum
1885 1332 2077 1405 enim
2098 1331 2324 1405 visum

231 1468 325 1519 cst
344 1501 364 1536 ,
411 1448 682 1519 etiamsi
728 1469 1028 1520 mortem
1077 1449 1442 1522 meruisset
1486 1469 1738 1539 mater,
1796 1449 2052 1521 auferri
2100 1447 2326 1520 filium

233 1562 588 1633 innocenti
629 1562 828 1662 patri.
870 1562 1158 1653 Dixero,
1201 1564 1306 1636 lex
1348 1590 1477 1662 pro
1515 1592 1632 1638 me
1662 1564 1915 1665 scripta
1943 1584 2085 1637 erat
2121 1590 2135 1636 :
2183 1589 2327 1635 non

231 1698 452 1778 potest
487 1678 701 1751 videri
740 1698 980 1753 contra
1022 1708 1136 1753 me
1173 1679 1396 1753 valere
1435 1708 1451 1753 z
1500 1682 1575 1753 in
1611 1682 1740 1753 hac
1776 1708 1973 1772 vero,
2018 1707 2107 1752 ne
2141 1679 2330 1752 illius

233 1793 554 1890 quidem,
589 1796 997 1895 quicunque
1028 1796 1304 1867 futurus
1336 1796 1457 1887 sit,
1505 1823 1778 1869 movere
1820 1824 1937 1870 vos
1980 1794 2331 1869 miseratio

233 1930 456 2007 potest
491 1938 506 1981 :
545 1911 703 2007 quis
732 1910 926 1982 enim
972 1909 1182 1981 illum
1218 1911 1665 2010 agnosceret?
1713 1910 1871 2011 quis
1912 1908 2332 1983 “educet-et?

233 2052 456 2123 quum
477 2027 930 2099 manifestum
953 2047 1130 2099 esset
1154 2052 1233 2098 ex
1249 2026 1549 2099 crimine
1563 2082 1583 2117 ,
1602 2052 1683 2098 ex
1696 2026 1976 2125 flagitiis
1991 2082 2009 2117 ,
2028 2052 2109 2099 ex
2124 2054 2204 2097 ea
2225 2053 2296 2097 re
2310 2081 2331 2115 ,

235 2168 382 2240 quae
409 2164 636 2215 morte
670 2143 986 2245 punitur,
1014 2170 1158 2215 esse
1183 2165 1629 2244 conceptum.
1660 2132 1899 2245 ¹Ipsam
1926 2169 2089 2214 vero
2118 2141 2330 2214 adul-

235 2278 450 2331 teram
481 2260 657 2333 adeo
679 2261 990 2360 oportuit
1017 2259 1274 2350 occidi,
1303 2282 1384 2333 ut
1404 2258 1583 2333 nulli
1608 2286 1926 2360 unquam
1957 2258 2154 2333 irasci
2186 2284 2338 2330 ma-

238 2373 333 2474 gis
367 2374 550 2475 leges
578 2375 968 2449 debuerint.
991 2376 1192 2450 Ultra
1218 2402 1599 2450 commune
1624 2374 1976 2476 flagitium
2004 2396 2136 2467 est,
2162 2400 2339 2474 prae-

239 2517 456 2587 gnans
480 2492 833 2565 adultera:
871 2493 1107 2593 aliqua
1133 2494 1267 2567 hoc
1291 2515 1606 2596 tempore
1627 2550 1646 2583 ,
1682 2518 1822 2592 quo
1852 2492 2038 2564 salvo
2067 2490 2337 2593 pudore

239 2635 277 2676 a
301 2607 552 2680 marito
580 2609 964 2701 secubaret,
995 2636 1161 2682 cum
1190 2609 1505 2682 adultero
1523 2609 1829 2682 volutata
1852 2628 1973 2679 est.
1994 2609 2083 2678 Et
2108 2632 2331 2705 quum

239 2721 658 2796 animalibus
703 2726 916 2798 mutis
964 2726 1221 2818 etiam,
1267 2751 1573 2825 quorum
1622 2722 1843 2795 libido
1890 2721 2149 2794 ratione
2192 2747 2336 2792 non

239 2838 631 2910 continetur
644 2837 696 2929 ⁵,
724 2839 870 2912 haee
895 2861 1130 2912 tamen
1160 2841 1246 2910 sit
1272 2861 1556 2929 natura,
1590 2859 1669 2909 ut
1692 2857 2147 2937 posteaquam
2177 2863 2343 2908 con-

242 2954 587 3052 ceperint,
623 2981 912 3029 omnem
947 2957 1296 3056 refugiant
1321 2977 1698 3028 veneremr
1730 2975 2045 3026 matrona
2077 2980 2167 3026 ne
2201 2980 2341 3053 pu.-

244 3068 405 3142 dore
428 3071 720 3170 quidem
746 3095 1013 3172 partus,
1041 3095 1119 3145 ut
1135 3099 1256 3144 vos
1277 3071 1501 3143 dicitis
1519 3129 1537 3162 ,
1556 3071 1709 3173 jam
1740 3069 2055 3142 instantis
2079 3069 2343 3142 moveri

251 3185 503 3278 potuit,
547 3207 629 3260 ut
673 3188 1119 3287 pudicitiam,
1168 3188 1223 3260 si
1267 3214 1413 3260 non
1450 3187 1734 3278 marito,
1780 3207 1849 3258 at
1888 3189 2127 3260 futuro
2165 3206 2345 3257 certe

325 3415 368 3451 1
390 3404 548 3474 Οιςιις
568 3405 852 3458 miseretur.
877 3405 1028 3478 Onjus
1048 3407 1266 3458 misere·
1333 3405 1533 3476 passim
1546 3403 1759 3457 educere
1770 3421 1872 3476 pro
1888 3402 2125 3468 educare,
2142 3416 2343 3473 ponere

259 3477 370 3532 bor?
393 3483 612 3538 Senum.
1337 3495 1533 3534 amant.

325 3581 373 3616 2.
390 3567 540 3637 Cujm
557 3568 631 3619 rei
642 3566 834 3641 qratia.
855 3569 966 3634 An,
983 3567 1138 3641 hujus
1159 3587 1255 3621 νοω
1408 3565 1458 3615 5.
1489 3561 1715 3632 Quorum
1753 3561 1911 3614 libido
1947 3563 2145 3613 ratione
2176 3561 2345 3613 conti—

263 3657 308 3709 ς.
329 3641 364 3690 1.
384 3659 424 3692 c.
447 3663 524 3697 ex.
545 3665 616 3696 an
637 3644 796 3699 iuius.
815 3647 970 3712 Mox,
984 3659 1253 3700 nocentem
1334 3654 1507 3696 netur.
1532 3643 1617 3695 sic
1641 3649 1820 3696 vetus
1810 3665 1821 3678 ·
1854 3643 2136 3713 legendum
2170 3655 2347 3692 tamen

269 3731 421 3770 vocat.
447 3719 664 3773 Senum-r.
1333 3721 1561 3786 videtur,
1588 3739 1695 3774 non
1720 3732 1949 3774 tenetur.-
1974 3721 2077 3772 nisi
2100 3720 2219 3790 quis
2238 3738 2347 3773 ma-

331 3793 378 3847 3.
409 3799 508 3870 Qui
535 3799 672 3851 nihil
686 3799 950 3872 ficerunt.
981 3801 1042 3852 ld
1067 3817 1146 3856 est
1175 3805 1253 3854 in·
1334 3803 1396 3855 lit
1417 3806 1493 3855 sic
1518 3803 1842 3874 intelligere,
1863 3798 2068 3852 fraenari
2088 3801 2244 3851 etiam
2266 3821 2347 3852 ra-

273 3879 597 3944 nocentibus,
631 3895 740 3931 non
779 3886 900 3934 reis.
935 3883 1156 3934 Senum.
1185 3909 1260 3922 --
1335 3887 1484 3936 tione
1520 3897 1788 3936 mutorum
1822 3879 2129 3934 animalium
2168 3867 2345 3932 libidi-

273 3917 1256 4021 mero,Iex.’1¹1oetehucinterseritsch.
1338 3983 1503 4032 nem,
1532 3979 1585 4018 et
1623 3965 1725 4018 hac
1761 3968 1816 4018 in
1852 3981 1911 4014 re
1944 3975 2095 4014 muta
2130 3979 2347 4055 quoque

339 4035 387 4100 4.
405 4037 662 4091 Educmt.
684 4040 962 4107 Educ-aret,
983 4041 1162 4093 AErod.
1185 4042 1260 4093 ni·
1339 4043 1585 4096 animaiia
1624 4045 1762 4114 juris
1802 4055 1854 4094 et
1900 4041 2119 4092 rationis
2160 4045 2347 4114 peritia

275 4111 352 4164 1¹¹1
378 4137 522 4191 opus.
541 4121 850 4189 Terentius,
877 4125 1062 4177 Cicero
1092 4138 1144 4176 et
1172 4123 1260 4177 alii
1341 4125 1577 4192 censeri,
1598 4137 1657 4176 ut
1679 4123 1769 4178 JC.
1795 4122 2049 4192 loquitur.
2075 4121 2220 4175 Prrn.
2294 4148 2310 4165 ι
