2855 4871
539 395 668 485 476
1039 393 1134 456 M.
1181 391 1438 456 FABII
1482 389 2125 474 QUINTILIANI

537 519 722 590 iners
756 515 956 588 sum?
1000 515 1288 588 luxuriae
1322 514 1641 588 deditus?
1682 513 1863 586 bella
1902 513 2139 612 fugio?
2174 540 2262 584 an
2306 512 2619 586 adversus

536 651 802 731 patrem
829 630 1134 730 impius?
1157 643 1368 702 reor¹.
1393 633 1475 701 In
1506 655 1639 726 qua
1672 649 1859 728 parte
1888 629 2011 698 filii
2039 649 2253 700 cessat
2276 629 2621 700 officium?

537 757 683 820 'non
728 746 1016 845 optasti,
1067 746 1336 845 inquit,
1389 745 1582 844 quod
1618 743 1828 815 volui.
1878 748 2037 816 Jam
2084 745 2355 816 excedis
2400 745 2617 844 legem

537 881 731 934 tuam
759 889 772 932 :
802 882 993 960 pater
1017 860 1161 932 filio
1186 860 1396 932 debes
1421 859 1795 958 imperare,
1822 859 1985 930 forti
2006 885 2149 929 non
2169 881 2371 958 potes
2396 886 2409 929 :
2441 881 2620 958 potes

538 977 1161 1078 peregrinationem
1184 1033 1202 1066 ,
1245 997 1443 1076 potes
1474 974 1837 1063 militiam3
1874 974 1995 1046 sed
2032 1002 2176 1046 non
2212 977 2621 1047 sententiam

527 1093 790 1195 judici,
819 1119 963 1164 non
984 1094 1344 1165 decretum
1363 1089 1860 1188 'magna-atui,
1892 1117 2033 1162 non
2055 1091 2429 1190 praemium
2447 1091 2617 1163 forti.

540 1208 733 1300 Quid
782 1208 970 1279 enim
1018 1209 1126 1280 lex
1167 1207 1310 1280 ait?
1355 1226 1612 1280 FORTls
1658 1227 1893 1280 οΡΤΕΤ
1936 1235 1951 1278 :
2003 1235 2117 1280 me
2160 1207 2520 1298 nominat,
2558 1228 2621 1279 et

539 1350 822 1421 aequum
870 1344 971 1395 est
1011 1321 1144 1395 hoc
1186 1321 1364 1394 mihi
1409 1308 1853 1421 contingere:
1888 1321 2217 1421 pugnavi.
2262 1323 2450 1393 Cum
2490 1349 2621 1420 quo

541 1437 718 1508 mihi
756 1463 861 1508 res
895 1435 1033 1508 est?
1067 1463 1230 1509 cum
1264 1457 1456 1536 patre
1489 1463 1505 1508 ε
1550 1463 1694 1508 non
1734 1456 1834 1507 est
1874 1435 2385 1508 contumaciter
2414 1457 2621 1534 agen-

541 1550 715 1622 dum
754 1578 769 1620 :
817 1578 943 1649 ego
979 1577 1139 1624 vero
1183 1552 1390 1623 etiam
1430 1550 1559 1622 viri
1602 1550 1796 1623 fortis
1830 1551 2197 1651 optionem
2232 1556 2538 1640 remitto,
2567 1551 2620 1622 si

542 1691 823 1765 aequum
854 1667 1022 1767 petis
1039 1665 1090 1737 3.
1127 1666 1323 1758 Quid
1359 1665 1660 1768 petiisti?
1692 1687 1771 1738 ut
1801 1665 2249 1738 abolitionem
2277 1687 2619 1766 optarem:

541 1802 897 1854 memento
919 1810 1062 1854 non
1083 1783 1356 1874 omnia,
1378 1802 1595 1882 pater,
1614 1808 1743 1856 nos
1760 1807 1955 1882 posse
1975 1801 2237 1881 petere:
2260 1781 2623 1881 praemium

541 1898 956 1997 accipimuS,
989 1927 1135 1972 non
1165 1925 1463 1998 regnum
1491 1926 1506 1970 :
1541 1898 1789 1988 nescis,
1819 1918 2165 1998 quantum
2196 1897 2283 1970 sit
2313 1897 2629 1970 abolitio-

541 2039 705 2084 nem
739 2035 1003 2112 petere,
1047 2013 1422 2088 accusatori
1464 2012 1820 2086 silentium
1857 2013 2202 2103 indicere,
2244 2041 2445 2084 reum
2488 2013 2625 2086 exi-

542 2155 764 2220 mere,
791 2129 974 2230 leges
1003 2131 1245 2204 tollere
1272 2160 1285 2202 ε
1316 2157 1444 2203 nec
1470 2158 1595 2231 pro
1618 2151 1684 2203 te
1707 2130 2081 2204 tenuissem
2093 2128 2147 2220 4,
2174 2151 2240 2202 et
2262 2131 2629 2229 proemium

541 2242 1019 2341 perdidissem.
1065 2246 1199 2318 Sed
1245 2246 1443 2347 cujus
1486 2244 1989 2318 abolitionem?
2030 2272 2303 2334 meam,
2350 2246 2625 2345 inquit:

537 2359 1081 2433 animadvertitis
1133 2362 1659 2461 quodammodo
1710 2361 2066 2463 parricidii
2121 2389 2321 2434 reum
2362 2390 2378 2433 ε
2433 2389 2627 2463 agam

540 2475 774 2574 potius
793 2503 1071 2549 causam
1093 2504 1108 2549 :
1127 2476 1260 2550 hoc
1283 2479 1650 2579 praemium
1669 2478 1983 2578 primum
2003 2499 2201 2577 turpe
2222 2498 2361 2566 est;
2384 2477 2631 2551 deinde

539 2618 1091 2692 supervacuum3
1127 2613 1369 2694 turpe:
1404 2595 1845 2667 damnaberis
1879 2616 1998 2667 tuo
2016 2594 2333 2697 judicio⁵
2370 2595 2448 2666 in
2476 2622 2630 2695 per-

619 2768 664 2802 1.
686 2752 832 2804 Reor.
857 2752 1062 2807 Vereor.
1089 2754 1302 2807 Senum.
1327 2754 1393 2806 Id
1413 2765 1549 2807 certe

541 2846 651 2881 non
684 2849 872 2897 vereor,
911 2831 1181 2897 AErodius,
1205 2836 1295 2906 qui
1325 2834 1378 2885 in
1411 2850 1549 2885 mar-

541 2909 663 2979 gine
689 2928 817 2963 reor.
851 2912 932 2963 An
957 2916 1081 2984 quia
1104 2914 1270 2967 verbo
1295 2914 1390 2967 illo
1419 2934 1547 2967 usus

542 3004 654 3038 non
685 3002 821 3040 esset
852 2989 1071 3058 Fabius,
1097 2993 1242 3063 quod
1275 2992 1547 3045 horridum

544 3064 817 3136 appellat?
848 3067 942 3119 sed
973 3087 1071 3120 nos
1110 3072 1178 3122 ad
1211 3074 1379 3125 Instit.
1401 3074 1547 3137 vlu,

543 3146 597 3213 3,
611 3146 696 3213 26,
707 3146 772 3199 de
791 3167 854 3200 eo
870 3150 1274 3219 egimusAEon-te,
1293 3172 1400 3204 non
1416 3172 1543 3205 reor.

619 3247 666 3281 2.
706 3230 831 3283 Non
866 3233 1171 3284 sententiam
1199 3233 1413 3305 judicii,
1444 3252 1549 3285 non

545 3312 798 3364 decretum
835 3313 1192 3385 magistratus,
1217 3315 1388 3367 voluit
1427 3334 1551 3367 auc-

545 3402 656 3439 tor:
673 3391 761 3443 sed
777 3410 884 3445 non
903 3394 1206 3445 sententiam
1216 3393 1396 3465 judici
1406 3434 1422 3456 ,
1444 3412 1551 3445 mm

544 3466 804 3520 decretum
851 3471 1177 3543 mayixtratui
1193 3511 1213 3539 ,
1263 3491 1370 3524 non
1411 3489 1549 3544 prae-

541 3550 712 3601 mium
735 3550 890 3622 forti.
910 3552 1059 3604 Giton
1109 3554 1287 3607 Judici
1315 3573 1437 3606 cum
1462 3554 1544 3607 ed.

544 3628 658 3700 Rip.
681 3628 1015 3699 praetulimus.
1027 3630 1119 3681 En.
1132 3634 1208 3683 lta
1225 3648 1276 3684 et
1291 3632 1545 3685 Obrecht.

546 3724 600 3761 et
634 3710 834 3763 Schult.
871 3729 934 3764 ex
967 3711 1116 3764 Decl.
1149 3713 1400 3767 CCLvn:
1438 3716 1551 3766 «Ut

551 3814 574 3837 σε
595 3793 908 3845 sententiam
947 3792 1152 3864 judices
1199 3792 1374 3847 dicere
1416 3795 1549 3847 veli-

553 3894 576 3917 ·
596 3890 739 3935 mus,
764 3885 822 3923 ut
848 3874 1204 3926 testimonium
1234 3892 1342 3925 non
1371 3873 1440 3925 ad
1468 3894 1550 3925 ar·-

551 3971 575 3997 ιι
594 3948 808 4003 hin-ium
827 3964 1108 4022 parentum
1129 3952 1375 4018 reddere,
1395 3965 1497 4005 ete.
1520 3976 1542 4001 ιι

547 4028 726 4081 AErod.
752 4028 912 4081 habet
932 4030 1222 4083 sententias.

619 4104 670 4158 3.
695 4106 754 4158 Sa·
775 4124 982 4179 oequum
1002 4110 1150 4180 petis.
1177 4108 1353 4165 Putas.
1381 4109 1497 4163 Seu.

1698 2754 1750 2822 4.
1766 2752 2220 2809 Tenuismn.vide
2234 2772 2387 2826 supr.
2406 2752 2474 2807 ad
2488 2753 2627 2807 Deel.

1628 2835 1895 2887 OCLxul.

1700 2914 1748 2967 5.
1788 2913 2125 2967 Damnaben's
2169 2923 2259 2965 tuo
2288 2913 2519 2985 judicio.
2554 2914 2633 2965 ri-

1626 2994 1729 3047 lius
1752 2994 1936 3047 iisdem
1966 2992 2262 3047 rationibus
2292 2995 2509 3061 nititur,
2532 2994 2631 3045 De-

1627 3075 1781 3129 clam.
1792 3075 2361 3140 CCCLxxxvn,10co
2372 3095 2531 3147 quem
2540 3092 2632 3127 nes-

1628 3157 1865 3207 tituimus
1881 3176 1942 3207 ex
1958 3154 2081 3207 edit.
2095 3152 2205 3227 Rip.
2224 3156 2281 3206 in
2297 3157 2499 3208 caeteris
2514 3153 2629 3207 edd.

1630 3248 1836 3286 curtum
1875 3248 1926 3287 et
1960 3234 2205 3286 mutilum
2221 3256 2235 3285 ι
2272 3256 2295 3279 ι
2315 3234 2463 3286 Nihil
2498 3232 2632 3286 alind

1636 3334 1659 3358 ι
1678 3314 1899 3381 egissem
1918 3310 2155 3383 quidem;
2176 3324 2229 3363 et
2254 3312 2385 3382 quid
2402 3314 2633 3363 futurum

1638 3412 1660 3437 ι
1680 3391 1829 3443 erat?
1856 3393 1900 3444 si
1928 3392 2463 3461 non-impetrassem,
2490 3391 2633 3443 ‹lam-

1636 3492 1659 3516 ιι
1678 3472 1903 3531 nareris;
1930 3473 1973 3521 si
1996 3471 2361 3541 impetrassem
2376 3508 2393 3535 ,
2420 3490 2523 3521 non
2540 3469 2631 3520 ab·

1636 3572 1658 3595 a
1678 3546 1970 3600 solvereris.
1989 3573 2009 3595 ιι
2030 3547 2225 3600 Fabius
2242 3562 2425 3599 autem
2442 3562 2630 3615 patrem

1630 3627 1739 3679 haec
1766 3627 2087 3679 refellentem
2114 3627 2319 3679 inducit
2348 3628 2627 3680 Declamat.

1630 3708 1945 3762 GCCLXXV
1966 3731 1978 3759 ε
2025 3730 2047 3754 ⁸
2068 3708 2173 3761 Sed
2209 3712 2381 3781 turpis
2418 3724 2497 3761 est
2510 3747 2527 3775 ,
2558 3711 2635 3759 in·

1636 3812 1659 3836 ιι
1680 3790 1826 3861 quit,
1862 3788 2111 3841 abolitio:
2148 3790 2276 3861 quid
2308 3790 2380 3842 ad
2420 3794 2510 3843 te?
2538 3808 2634 3861 ego

1636 3893 1659 3917 αι
1678 3890 1805 3922 meae
1820 3868 2141 3923 conditionis
2156 3871 2356 3923 arbiter
2370 3892 2505 3925 snm.
2518 3872 2633 3935 Sed,

1635 3972 1658 3995 ι
1678 3950 1847 4021 inquit
1862 3988 1879 4014 ,
1922 3968 2249 4019 supervacua
2292 3964 2434 4003 erat:
2478 3955 2635 4002 inno-

1636 4050 1659 4075 ·
1680 4048 1803 4081 cens
1830 4046 1941 4079 eras
1961 4050 1972 4079 :
2007 4029 2133 4099 quid
2155 4031 2369 4081 autem?
2392 4049 2492 4100 ego
2514 4032 2635 4100 quia

1638 4132 1660 4157 a
1680 4129 1879 4164 nocens
1900 4130 2071 4177 eram,
2096 4115 2387 4183 petieram?
2406 4110 2637 4164 Verebar
