2855 4871
659 408 792 488 4¹4
1167 404 1264 468 M.
1311 403 1563 470 FAB11
1609 402 2247 484 QU1NT1L1AN1

655 531 942 603 initium
975 557 1016 602 a
1047 550 1114 600 te
1147 549 1290 618 est3
1325 525 1738 627 promisisti:
1780 527 1837 597 si
1874 554 2019 598 non
2060 548 2206 600 erat
2246 527 2323 598 in
2366 549 2483 600 tua
2523 551 2715 627 potes-

653 667 827 737 tate,
871 645 1102 719 statim
1147 642 1767 742 circumscripsisti.
1814 642 2087 716 Scilicet
2132 669 2259 742 ego
2300 643 2551 716 stultus
2572 701 2591 734 ,
2624 643 2715 741 qui

651 762 992 861 virginem
1025 761 1303 851 reduxi,
1335 759 1459 857 qui
1490 780 1757 832 tantam
1786 785 2022 830 curam
2052 760 2163 859 egi
2187 760 2636 849 verecundiae,
2662 781 2715 830 ut

653 899 892 975 optare
930 903 1203 976 possem
1225 890 1270 946 ¹.
1307 879 1467 948 Non
1508 875 1583 946 in
1618 895 1841 948 totum
1863 874 2147 975 jactabo
2174 875 2411 966 vobis,
2445 875 2711 976 judiceS,

652 991 1154 1066 continentiam
1191 1017 1424 1064 meam
1452 1019 1467 1062 :
1504 991 1655 1064 sine
1688 989 1909 1062 dubio
1944 991 2247 1089 proferre
2277 991 2468 1062 volui
2498 991 2581 1064 ad
2614 1017 2713 1088 pa-

647 1127 826 1178 trem
851 1107 1204 1205 integrum
1237 1133 1536 1198 mnam,
1572 1135 1700 1178 nec
1730 1133 2213 1206 corrumpere,
2246 1108 2440 1205 quod
2468 1127 2709 1206 praesta-

651 1249 826 1295 rem.
856 1223 1144 1322 Aliquid
1172 1245 1408 1296 tamen
1439 1225 1753 1300 fecerunt
1785 1246 1853 1298 et
1878 1251 2103 1296 mores
2126 1224 2414 1324 puellae:
2446 1251 2707 1298 severam

645 1339 972 1411 videbam
1003 1360 1072 1411 et
1099 1365 1420 1439 asperam
1446 1372 1463 1432 ;
1496 1368 1584 1414 ne
1614 1367 1728 1414 me
1764 1341 2053 1440 quidem
2084 1342 2377 1414 tulisset.

643 1616 2165 1642 mmmmmm
2168 1621 2257 1640 m
2262 1615 2709 1642 ww*-

1399 1823 1977 1901 CCCXLIV.

901 2055 1272 2155 Redempta
1301 2059 1625 2127 meretrix
1649 2083 1691 2125 a
1722 2055 1931 2125 divite
1958 2059 2287 2153 pauperis
2292 2051 2483 2154 filio.

636 2257 950 2320 Inscmm
977 2274 1331 2322 nau-:mciv
1357 2281 1453 2322 sn·
1481 2282 1679 2322 Aeno.
1706 2262 1999 2344 Pauperis
2021 2275 2079 2320 et
2096 2259 2305 2320 divitis
2326 2258 2441 2319 filii
2460 2256 2705 2319 eamdem

719 2358 1104 2417 meretricem
1134 2357 1467 2418 amabant:
1504 2358 1648 2419 leno
1678 2359 2105 2420 conditionem
2132 2360 2372 2441 posuit,
2400 2358 2459 2416 ei
2482 2353 2707 2418 traditu·

718 2476 860 2514 rum
884 2476 945 2514 se
966 2476 1089 2515 esse
1109 2456 1491 2515 meretricem
1506 2502 1523 2533 ,
1540 2458 1648 2538 qui
1678 2460 1945 2540 pretium
1966 2460 2138 2538 prior
2156 2455 2479 2516 attulisset.
2502 2456 2707 2531 Paupe-

717 2551 798 2610 ris
833 2548 1034 2610 filium
1069 2546 1134 2611 in
1170 2550 1510 2613 solitudine
1540 2553 1710 2614 dives
1736 2554 1980 2613 flentem
2008 2556 2215 2614 stricto
2242 2552 2454 2635 gladio
2484 2550 2707 2611 invenit.

715 2650 1126 2732 Interrogavit
1163 2670 1445 2711 causam:
1489 2650 1590 2711 ille
1629 2652 1817 2727 dixit,
1856 2672 1917 2711 se
1950 2653 2113 2711 mori
2144 2650 2304 2710 velle
2340 2649 2427 2711 ob
2461 2664 2705 2709 amorem

715 2751 1068 2810 meretricis.
1092 2752 1370 2811 Pretium
1397 2753 1452 2810 ei
1478 2750 1767 2811 donavit:
1797 2750 2057 2811 redemit
2078 2750 2439 2813 adolescens
2458 2744 2706 2811 meretri·

715 2867 866 2907 cem.
893 2851 1033 2929 Agit
1061 2870 1296 2932 pauper
1325 2870 1472 2911 cum
1504 2850 1694 2911 divite
1722 2851 2001 2932 inscripti
2028 2848 2337 2911 maleficii.

1497 3038 1862 3103 SERMO.

723 3194 822 3256 De
843 3208 1028 3281 parte
1042 3192 1206 3281 legis
1219 3196 1395 3261 inter
1410 3212 1773 3286 utrumque
1794 3196 2191 3286 litigatorem
2210 3196 2585 3261 confessum
2602 3208 2699 3255 est

711 3360 730 3395 1
741 3384 752 3395 .
779 3344 848 3397 Ut
865 3354 1042 3417 optan-
1055 3360 1270 3417 possem.
1289 3346 1491 3413 Posset,
1508 3346 1639 3400 obr.
1730 3372 1752 3395 ι
1772 3348 1999 3401 leficimn
2016 3351 2105 3401 sit:
2122 3366 2245 3399 raro
2258 3362 2587 3419 utrumqne.-
2606 3344 2700 3394 sive

633 3428 743 3493 An,
766 3437 826 3479 ut
841 3436 1152 3497 exspectare,
1175 3427 1257 3479 vel
1279 3438 1512 3499 stupmre
1528 3448 1644 3500 pos·
1721 3434 1963 3505 seriptum
1978 3472 1993 3495 ,
2014 3434 2120 3484 sive
2138 3432 2441 3503 inscriptum
2466 3430 2699 3501 legamus.

631 3508 774 3557 ’ΜΡ
808 3502 1026 3555 smmu-
1063 3534 1132 3543 ·““
1165 3506 1424 3576 meme·
1466 3506 1640 3577 Lege,
1722 3512 1815 3565 sed
1842 3513 1948 3565 hoc
1978 3513 2188 3579 malim,
2226 3532 2337 3564 non
2376 3514 2499 3565 satis
2528 3510 2701 3581 liquet.

627 3586 871 3660 Peffm·
899 3584 1064 3637 Gnou·
1096 3588 1170 3637 ¹¹³
1200 3588 1328 3639 0¹³¹*-
1353 3616 1424 3626 -·
1447 3589 1532 3640 Ne
1556 3607 1639 3639 me
1724 3596 1847 3665 quid
1879 3598 1944 3647 sit
1971 3596 2025 3647 id
2052 3593 2197 3667 quod
2226 3593 2521 3655 dubitatur,
2548 3610 2611 3643 an
2638 3592 2701 3639 in·

629 3669 854 3743 quidem.
876 3668 1001 3719 Non
1023 3686 1106 3719 me
1129 3688 1179 3741 q.
1208 3668 1386 3721 AErod.
1721 3676 1973 3745 scriptum
1998 3713 2014 3739 ‚
2056 3692 2125 3725 an
2162 3671 2481 3724 maleficium
2514 3672 2573 3721 sit
2594 3704 2611 3732 ‚
2646 3683 2697 3716 an

704 3767 751 3800 2.
795 3746 1041 3818 Inscripti
1079 3745 1326 3819 maleficii
1371 3749 1438 3801 sit
1481 3750 1635 3801 actio.
1718 3769 2015 3827 utrumque.
2048 3754 2290 3825 inprimis
2319 3752 2451 3803 illud
2478 3750 2699 3803 observa-

628 3830 810 3897 Quint.
834 3824 1053 3890 lib-Vll,
1077 3843 1122 3875 c.
1149 3824 1209 3892 4,
1233 3825 1278 3897 §-
1297 3824 1399 3885 361
1421 3831 1639 3879 «Praeter
1718 3835 1885 3885 vimus
1899 3871 1915 3899 ‚
1932 3834 2247 3904 inscriptum
2262 3850 2408 3882 nunc
2422 3826 2699 3899 simplicitet

634 3934 656 3955 u
675 3909 786 3962 haec
805 3909 1280 3959 controversiarum
1303 3928 1525 3979 genera,
1546 3910 1639 3961 fin-
1719 3927 1772 3964 et
1794 3914 2077 3983 separatim
2104 3930 2133 3962 a
2158 3908 2417 3962 maleficio
2440 3909 2555 3961 diei.
2590 3928 2613 3951 ι
2630 3904 2699 3953 In·

595 4060 604 4065 ·
635 4012 656 4034 α
676 4002 873 4060 guntur
895 3990 948 4041 in
975 3988 1172 4041 scholis
1197 4003 1250 4041 et
1273 3991 1455 4061 scripti
1476 3988 1637 4043 male·
1724 4014 1746 4037 a
1767 3994 2019 4063 scriptum
2035 4029 2052 4054 ‚
2094 3992 2299 4061 inquit,
2340 4006 2455 4041 esse
2484 3984 2533 4037 id
2568 3978 2695 4054 quo(¹

635 4090 655 4112 a
675 4069 806 4133 ficii,
831 4071 884 4119 in
910 4068 1101 4137 quibus
1127 4082 1219 4120 aut
1239 4068 1344 4121 hoc
1371 4072 1636 4141 quaeritur,
1722 4092 1745 4117 α
1767 4072 1982 4142 objicio,
2003 4088 2113 4121 non
2135 4080 2417 4139 negatur-3·
2434 4080 2485 4117 et
2502 4076 2694 4135 postei-

636 4170 658 4194 α
679 4166 746 4202 an
769 4150 1024 4219 scriptum
1047 4151 1144 4203 sit:
1173 4165 1264 4205 aut
1284 4150 1419 4217 hoc,
1444 4170 1511 4205 an
1530 4168 1637 4204 ma·
1722 4172 1743 4197 ·
1762 4152 1841 4203 Eo
1864 4150 2119 4222 pertinet,
2143 4162 2203 4200 ut
2226 4159 2477 4219 appareat
2492 4142 2693 4209 inscrip-
