2855 4871
507 454 513 460 ·
574 443 659 521 44
1076 437 1169 500 M.
1218 435 1483 501 FABII·
1513 435 2144 518 QUINTILIANI

573 557 693 630 sed
731 553 1013 658 publica
1050 553 1525 631 humanitate:
1573 582 1724 656 quae
1759 555 2045 654 quidem
2084 556 2232 654 ipsa
2263 581 2377 627 me
2407 555 2482 626 in
2519 556 2633 627 boc

574 673 917 746 exhortata
957 693 1054 746 est
1074 731 1093 762 ,
1133 694 1210 744 ut
1256 673 1682 772 rogationem
1720 671 1805 743 ad
1841 698 1955 744 vos
1993 669 2077 742 de
2117 669 2477 742 retinendo
2509 670 2636 741 cive

571 789 823 860 ferrem
860 790 930 860 in
966 789 1227 861 civitate
1260 809 1403 860 tam
1442 786 1904 860 misericorde.
1931 790 2208 886 Negant
2231 786 2638 886 rogationem

574 929 715 974 esse
739 902 1212 1004 recipiendam
1227 961 1246 992 ‚
1282 929 1434 1000 quae
1454 902 1541 975 ad
1565 901 1875 1001 singulos
1899 902 2224 1010 homines
2252 901 2636 1001 {pertineat-

570 1017 717 1115 Ego
751 1044 954 1117 porro
984 1017 1116 1089 hoc
1145 1018 1220 1089 in
1254 1045 1335 1089 eo
1365 1017 1556 1120 jure,
1593 1017 1782 1115 quod
1815 1038 2262 1118 perpetuum,
2292 1015 2464 1088 etin
2497 1042 2644 1087 om-

452 1178 458 1182 ·
570 1131 687 1204 nia
715 1153 1024 1232 tempora
1058 1133 1411 1224 scribitur,
1445 1133 1761 1206 existimo
1791 1161 1934 1206 esso
1965 1131 2404 1209 servandum.
2435 1135 2648 1204 Potest

570 1245 763 1318 enim
804 1247 943 1318 dici
979 1248 1158 1319 mihi
1184 1305 1203 1337 ,
1240 1248 1313 1319 in
1344 1247 1687 1321 honorem,
1727 1248 2037 1322 hominis
2069 1249 2280 1321 unius
2319 1245 2648 1346 obligabis

569 1380 888 1459 tempora
924 1361 1196 1453 futura,
1244 1383 1310 1434 et
1340 1390 1586 1435 omnes
1623 1362 1868 1435 eadem
1901 1364 2298 1436 necessitate
2331 1361 2651 1434 constrin-

570 1501 706 1573 ges.
765 1478 1009 1574 Itaque
1060 1479 1331 1576 quoties
1376 1478 1464 1550 ad
1511 1505 1807 1577 praesens
1854 1478 2341 1554 tantummodo
2389 1499 2652 1576 tempus

572 1589 832 1687 rogatio
874 1591 1120 1681 fertur,
1168 1619 1257 1663 ne
1298 1593 1463 1664 ferri
1506 1591 1829 1690 quidem,
1867 1592 2000 1664 nisi
2043 1592 2126 1663 de
2170 1591 2494 1690 singulis,
2529 1615 2654 1690 po-

569 1722 717 1774 test.
760 1704 974 1795 Quod
1007 1707 1061 1778 si
1090 1706 1273 1778 hane
1313 1707 1628 1780 tollimus
1657 1706 2269 1798 consuetudinem,
2301 1734 2432 1778 nec
2459 1706 2658 1778 duces

571 1816 660 1889 ad
680 1820 1006 1894 exercitus
1028 1821 1369 1894 ducemus
1384 1837 1438 1912 ²,
1464 1850 1592 1895 nec
1609 1823 1997 1928 provincias
2019 1823 2474 1894 decernemus
2489 1847 2658 1910 ,vnec

572 1933 865 2034 imperia
897 1939 1465 2039 prorogabimus:
1503 1939 1746 2012 omnia
1787 1939 1980 2011 enirn
2025 1939 2153 2012 ista
2195 1936 2662 2038 rogationibus

572 2049 663 2122 ad
715 2053 1025 2152 singulos
1084 2056 1595 2157 pertinentibus
1648 2075 2248 2127 consummantur.
2314 2055 2406 2125 At
2471 2053 2662 2126 enim

572 2190 807 2242 contra
842 2168 1067 2269 legem
1102 2172 1365 2271 rogatio
1400 2194 1538 2245 est:
1572 2172 1627 2244 si
1658 2171 2061 2262 confiterer,
2095 2171 2399 2243 dicerem
2429 2191 2661 2244 tamen

573 2311 715 2356 non
744 2286 1043 2359 ferendae
1073 2290 1448 2388 rogationis
1481 2317 1624 2363 esse
1655 2317 1935 2362 causam
1957 2348 1976 2381 ,
2006 2290 2133 2362 ubi
2163 2291 2272 2362 lex
2303 2312 2420 2363 est.
2471 2287 2666 2379 Quid

571 2401 768 2475 enim
802 2429 1077 2478 necesse
1107 2427 1206 2479 est
1233 2407 1591 2480 convocari
1625 2407 1881 2499 tribus,
1919 2406 2232 2480 contrahi
2274 2404 2624 2507 populum
2650 2462 2668 2497 ,

570 2518 628 2589 si
660 2518 847 2591 idem
878 2522 1058 2594 effici
1082 2522 1241 2623 jure
1268 2546 1516 2615 vetere,
1543 2547 1611 2598 et
1632 2526 1782 2627 jam
1811 2525 1982 2597 olim
2007 2525 2387 2598 constituto
2409 2520 2672 2622 potest?

570 2632 787 2731 Igitur
810 2634 865 2706 si
893 2636 1155 2737 rogatio
1184 2664 1633 2737 supervacua,
1666 2637 1789 2712 ubi
1821 2638 1968 2712 lex³
1998 2666 2143 2712 non
2174 2660 2312 2729 est,
2353 2664 2498 2710 non
2527 2639 2673 2709 fere

647 2802 691 2836 ι.
722 2786 847 2855 Qua·
866 2788 940 2841 ad
956 2788 1186 2861 singulos
1210 2790 1446 2843 homines
1459 2807 1576 2862 per*-
1659 2788 1838 2842 adhue
1867 2788 2124 2843 obscurus
2147 2809 2161 2841 ε
2193 2790 2388 2843 sensus
2409 2800 2522 2855 est,
2549 2806 2676 2841 meo

573 2862 753 2915 tineas.
776 2866 901 2915 Fuit
924 2867 1063 2918 enim
1084 2867 1165 2919 lex
1183 2868 1309 2933 ΧΠ,
1330 2886 1394 2919 ne
1411 2867 1583 2939 privi-
1662 2870 1876 2943 quidem
1893 2871 2130 2943 judicio:
2157 2874 2262 2925 Lex
2287 2885 2374 2924 est
2391 2889 2508 2945 quie
2529 2884 2678 2923 vetat

572 2939 763 3011 legium
780 2944 1049 3016 irrogator.
1062 2946 1323 2998 Caeterum
1334 2947 1581 2998 interver-

570 3037 691 3073 sum
714 3018 959 3073 ordinem
987 3024 1042 3074 in
1071 3024 1177 3076 hoc
1204 3026 1325 3077 loco
1355 3044 1470 3078 esse
1495 3044 1581 3076 ar-

570 3099 770 3167 bitror,
798 3114 857 3152 ut
891 3102 1020 3155 alias
1053 3104 1383 3176 plerumque.
1417 3107 1582 3177 Igitur

572 3178 871 3249 subjungo:
900 3181 1074 3235 Potest
1104 3184 1245 3235 enim
1278 3183 1382 3239 dici
1410 3182 1577 3248 mihi,

572 3260 641 3311 In
669 3259 752 3312 ho.
782 3260 865 3312 Ιιο.
888 3281 935 3313 υ.
962 3261 1083 3314 obli.
1112 3262 1245 3333 tens.
1271 3274 1322 3315 et
1342 3281 1391 3314 ο.
1416 3282 1494 3317 ea.
1517 3280 1582 3315 ne

573 3338 898 3410 constringes.
924 3339 1039 3411 Ego
1062 3358 1217 3411 porro
1247 3338 1344 3391 hoc
1372 3340 1425 3391 in
1454 3359 1514 3393 eo
1525 3344 1578 3413 j.

576 3436 698 3491 φρ.
715 3431 763 3471 et
783 3420 837 3471 t'n
851 3438 899 3472 o.
924 3431 959 3472 t.
982 3438 1075 3472 ser.
1091 3438 1170 3473 ex.
1192 3439 1236 3472 e.
1254 3420 1580 3473 servandum·

576 3496 650 3549 At
671 3498 897 3571 quoties,
924 3510 1023 3551 etc.
1050 3500 1161 3553 ΕΒ.

652 3594 699 3628 2.
723 3576 809 3628 Ad
825 3578 1071 3631 exercitus
1089 3578 1345 3631 ducemus.
1367 3580 1448 3632 An
1463 3618 1480 3646 ,
1499 3581 1587 3632 de-

577 3658 819 3734 legemus.
844 3660 1068 3711 Senum.
1100 3662 1215 3725 An,
1238 3660 1496 3724 dicemus,
1525 3672 1587 3712 ut

576 3740 810 3793 dictator
836 3740 939 3793 dici
962 3740 1185 3793 solebat.
1214 3742 1382 3792 Duces
1410 3753 1585 3792 autem

576 3821 648 3873 ad
674 3821 925 3873 exercitus
952 3820 1184 3887 dictum,
1214 3834 1273 3871 ut
1302 3820 1494 3871 milites
1518 3822 1592 3873 ad

578 3920 767 3967 naves,
795 3916 847 3953 et
870 3902 1089 3955 similia.
1114 3900 1218 3954 vid.
1250 3900 1487 3954 GronoV.
1519 3900 1587 3953 ad

578 3983 1003 4051 nv.xx{1,14.

652 4062 703 4116 3.
727 4064 1089 4137 Supervacua,
1116 4063 1203 4115 ubi
1226 4062 1327 4115 lex.
1352 4064 1588 4136 Corrup-

582 4144 808 4199 tissimus
842 4160 955 4200 erst
984 4146 1073 4199 hic
1106 4146 1290 4211 locus,
1324 4157 1378 4197 et
1410 4158 1588 4198 tamen

1659 2952 1990 3021 rogationem
2023 2949 2424 3023 recipiendam,
2451 2968 2573 3021 quie
2610 2947 2679 3001 ad

1661 3026 1900 3097 singulos
1933 3027 2178 3081 homines
2220 3030 2503 3100 pertineat.
2542 3029 2683 3080 Item

1659 3104 1742 3157 lex
1757 3105 1860 3157 alia
1872 3144 1891 3172 ,
1906 3124 2022 3176 quae
2038 3108 2295 3179 permittit
2315 3106 2552 3159 exsulem
2567 3126 2682 3159 ma-

1661 3202 1789 3237 nere
1815 3186 1870 3236 in
1899 3186 2138 3251 civitate,
2169 3186 2246 3236 ita
2273 3187 2318 3237 si
2345 3184 2684 3239 indicaverit.

1661 3262 1865 3315 Dicitur
1887 3262 1998 3315 haec
2022 3264 2227 3333 rogatio
2253 3276 2448 3317 contra
2471 3262 2652 3334 legem
2667 3302 2684 3330 ‚

1662 3353 1777 3395 tum
1805 3344 1929 3414 quin
1955 3362 2104 3396 reum
2133 3361 2243 3396 non
2276 3342 2686 3400 condemnave-

1665 3425 1758 3491 rit,
1781 3437 1834 3477 et
1855 3437 1916 3477 ut
1937 3444 2084 3496 equa
2109 3424 2292 3477 tulerit
2317 3427 2613 3498 suffragia,
2646 3428 2690 3480 si

1665 3502 1784 3555 ideo
1823 3522 2033 3555 manere
2071 3522 2193 3556 eum
2231 3518 2483 3576 oportet,
2523 3504 2598 3557 ad
2637 3506 2692 3558 id

1668 3594 1852 3633 contra
1888 3580 2055 3653 legem
2091 3579 2366 3653 privilegio
2406 3602 2556 3655 opus
2589 3598 2691 3637 est.

1665 3662 1972 3734 Respondet
1991 3675 2248 3735 patronus
2269 3663 2472 3717 exsulis
2485 3702 2502 3730 ,
2525 3680 2694 3739 atque

1665 3744 1740 3794 ita
1764 3744 1939 3795 refert.
1966 3744 2019 3796 Si
2041 3743 2343 3810 confiterer,
2367 3747 2426 3796 in
2457 3745 2575 3799 hoe
2600 3766 2696 3820 ge·

1667 3838 1815 3885 nere,
1839 3838 2004 3892 quum
2028 3840 2147 3875 reus
2163 3821 2388 3894 paribus
2401 3828 2696 3878 sententiis

1669 3858 1980 3965 absolvitur,
2003 3902 2233 3955 exsulem
2267 3902 2546 3958 indicasse
2583 3926 2696 3960 non

1667 3980 1855 4047 videri,
1865 3996 2024 4052 atque
2039 3982 2172 4035 adeo
2187 3985 2538 4055 rogationem
2551 3986 2697 4041 hanc

1671 4076 1862 4118 contra
1902 4062 2070 4133 legem
2113 4082 2260 4127 esse;
2298 4066 2483 4118 omnis
2528 4069 2701 4140 igitur

1670 4154 1761 4196 aut
1789 4160 2114 4214 supervacua
2134 4144 2201 4197 sit
2218 4161 2440 4197 necesse
2459 4161 2584 4215 est,
2605 4162 2704 4205 aut
