2855 4871
547 412 668 483 156
1043 414 1138 476 M.
1185 410 1437 475 FABII
1484 410 2125 493 QUINTILIANI

537 540 661 613 nia
705 535 1049 611 maritalia
1089 534 1322 609 officia
1362 534 1573 634 plena
1614 534 2053 633 indulgentia
2092 530 2637 635 consequutumss

535 653 723 727 Illud
755 652 996 725 dubito
1029 651 1152 751 qui
1187 650 1435 751 possit,
1470 678 1695 749 quum
1734 650 1985 725 educta
2012 650 2225 722 fuerit
2262 652 2351 723 ad
2382 654 2643 751 magis-

538 792 789 861 tratus,
837 796 1063 870 quum
1105 767 1605 867 ille-periturus
1640 766 1943 868 jacuerit
1980 768 2070 840 ad
2112 768 2356 867 pedes,
2406 797 2637 869 quum

535 887 932 988 produxerit
962 884 1425 985 propinquos,
1451 911 1679 984 quum
1706 886 1983 958 amicos.
2012 885 2247 975 Quare
2276 886 2455 959 alius
2476 902 2495 933 ¹
2534 888 2645 960 di-

535 1002 860 1077 cat'uxori
887 1027 1093 1091 meae,
1119 1002 1339 1090 Am03
1375 1020 1445 1072 et
1469 999 1627 1072 ideo
1654 1002 1896 1099 rapui:
1924 1027 2135 1097 quare
2164 1000 2283 1093 sit,
2318 1003 2443 1099 qui
2467 1028 2645 1075 con-

535 1140 640 1193 tra
663 1146 776 1191 me
797 1117 998 1190 dicat.
1023 1114 1276 1187 Misere
1299 1114 1515 1187 timeo
1544 1115 1854 1187 favorem
1888 1114 2095 1188 illum
2122 1115 2405 1214 populi,
2431 1118 2644 1190 mise·

533 1232 911 1307 ricordiam
948 1229 1254 1303 civitatis.
1295 1229 1494 1319 Quid
1541 1250 1779 1301 autem
1822 1228 1972 1302 fieri
2016 1229 2329 1329 iniquius
2374 1252 2641 1329 potest,

535 1375 754 1449 quam
786 1344 1263 1417 abduci'mihi
1307 1350 1633 1435 uxorem,
1676 1346 2211 1444 propterquam
2254 1344 2643 1445 aliquando

535 1482 766 1562 raptor
788 1486 995 1531 ausus
1019 1459 1106 1531 sit
1130 1458 1410 1532 reverti?
1431 1458 1555 1558 qui
1582 1458 1727 1557 ipse
1752 1458 1912 1531 satis
1926 1458 2294 1560 judicavit,
2320 1487 2465 1533 non
2488 1487 2643 1535 esse

537 1577 674 1675 legi
706 1574 940 1647 locum
959 1630 979 1664 ,
1017 1574 1208 1674 quod
1241 1600 1549 1649 reversus
1594 1594 1717 1647 est.
1756 1574 2151 1648 Confundit
2182 1601 2298 1648 me
2333 1576 2643 1650 maxime

533 1718 691 1791 spes
725 1690 948 1777 illius:
989 1718 1214 1788 quum
1249 1690 1560 1782 timeret,
1595 1691 1948 1791 profugit,
1983 1718 2065 1764 ac
2098 1718 2290 1764 nunc
2324 1691 2531 1763 educi
2564 1720 2643 1765 se

535 1808 860 1908 patitur2.
893 1806 1264 1879 Silentium
1293 1807 1585 1904 quidem
1610 1806 1844 1879 uxoris
1871 1833 2040 1879 meae
2066 1834 2193 1906 ego
2215 1834 2375 1879 vero
2402 1834 2643 1907 neque

536 1944 936 2022 suspectum
963 1921 1188 1996 habeo
1206 1980 1227 2013 ,
1257 1948 1492 2021 neque
1517 1921 1733 1994 timeo
1760 1950 1773 1993 :
1802 1921 1999 1993 decet
2019 1920 2149 1993 hoc
2172 1920 2641 1995 matronalem

535 2038 880 2137 pudorem
907 2066 922 2107 ε
953 2057 1024 2109 et
1053 2038 1111 2109 si
1144 2036 1390 2108 educta
1412 2037 1501 2108 ad
1528 2036 1977 2135 magistratus
2000 2035 2247 2126 fuerit,
2279 2035 2410 2108 hoc
2436 2034 2643 2109 illam

536 2152 838 2225 maxime
869 2152 1215 2223 facturam
1243 2150 1561 2241 arbitror,
1596 2170 1675 2222 ut
1708 2170 1946 2223 taceat.
1988 2147 2225 2241 Quare
2244 2208 2265 2241 ,
2307 2177 2524 2242 socer,
2558 2172 2641 2224 tu

537 2289 732 2367 opta:
778 2268 834 2339 si
867 2267 999 2339 hoc
1031 2267 1329 2363 quaesisti
1367 2266 1733 2339 educendo
1768 2286 2115 2365 raptorem
2148 2266 2237 2339 ad
2272 2267 2645 2365 magistra-

538 2402 683 2471 tus,
719 2401 796 2454 ut
827 2380 1287 2454 confunderes
1305 2439 1324 2474 ,
1359 2401 1439 2453 ut
1468 2401 1755 2455 terreres
1774 2440 1793 2473 ,
1830 2402 1911 2456 ut
1939 2401 2005 2454 te
2034 2400 2228 2456 metu
2261 2379 2447 2467 illius
2472 2382 2643 2454 vin-

540 2495 834 2588 dicares;
886 2495 1321 2570 intellectum
1351 2495 1729 2568 artificium
1764 2517 1976 2569 tuum
2008 2517 2109 2570 est
2142 2524 2156 2568 :
2209 2523 2354 2569 non
2388 2496 2589 2570 timet
2621 2525 2639 2570 τ

541 2631 736 2685 tuere
761 2610 1068 2711 nuptiaS,
1093 2638 1264 2711 quas
1287 2610 1579 2710 junxisti
1594 2668 1613 2703 ,
1634 2633 1824 2684 tuere
1850 2612 2418 2705 matrimonium,
2442 2612 2641 2714 quod

539 2727 874 2829 copulasti
904 2757 918 2800 :
955 2729 1172 2802 istum
1200 2749 1547 2829 raptorem
1580 2751 1750 2829 puta
1780 2730 2040 2802 abesse.

619 2933 664 2967 ι.
689 2915 860 2986 Quare
879 2914 1034 2970 alius.
1065 2915 1284 2986 Quando
1307 2913 1473 2983 alius,
1496 2927 1549 2968 et
1690 2914 2299 2986 2.Educisepatitur.Sic
2308 2911 2643 2986 praetulimus

541 3013 664 3045 mox
679 3029 696 3058 ‚
721 2993 930 3066 quando
954 2995 1051 3047 erit
1067 3032 1086 3059 ,
1121 3007 1214 3046 aut
1243 2995 1396 3048 stabit
1404 3035 1422 3062 ,
1457 2995 1550 3067 qui
1626 3015 1691 3048 ex
1712 2997 1824 3067 Bip.
1851 3007 1905 3048 et
1928 2993 2093 3046 Hack.
2119 2993 2429 3046 adversante
2454 2994 2639 3046 Bur-m.

543 3085 738 3126 ωηεν-α.
777 3073 992 3126 Senot-r.
1035 3076 1207 3144 Quare
1239 3077 1335 3140 sit,
1370 3077 1464 3148 qui
1498 3094 1543 3127 c.
1627 3079 1721 3149 qui
1754 3075 1917 3128 habet
1942 3076 2195 3148 patiatur,
2220 3073 2497 3146 nullasque
2526 3073 2641 3128 huc

543 3173 614 3206 m.
628 3154 796 3216 dican
809 3155 1074 3208 miserem?
1086 3157 1285 3222 Timeo,
1299 3155 1545 3209 eto.0br.
1626 3157 1781 3208 affert
1802 3156 1975 3210 varias
1997 3153 2269 3208 lectiones.
2294 3155 2386 3206 Eo.
