2855 4871
606 444 726 528 174
1103 440 1198 503 M.
1249 438 1499 502 FABll
1544 436 2176 517 QULNTMAAM

595 562 722 636 diu
751 562 962 637 fnisse
985 561 1386 635 abdicatum
1415 574 1464 651 ¹,
1494 558 1617 631 illa
1650 586 1792 633 non
1828 560 2157 649 narrabo,
2192 587 2407 660 quam
2448 558 2677 631 indul·-

595 704 766 775 gens
807 678 984 752 mihi
1028 677 1116 751 ab
1149 696 1340 749 aetate
1375 676 1605 776 prima
1638 675 1848 747 fuerit
1881 698 2081 775 pater
2114 703 2129 747 ε
2176 676 2367 775 quod
2410 676 2677 752 fortasse

597 792 810 866 ctiam
835 792 1216 891 corruperit
1241 818 1469 865 mores
1490 816 1681 863 meos
1704 818 1717 861 :
1746 818 1873 863 nec
1896 790 2073 863 illud
2094 818 2281 865 error
2294 792 2679 864 adolescen-

597 909 708 982 tiae
727 923 778 997 ²,
811 936 936 983 nec
967 909 1174 983 aetatis
1205 922 1481 981 natura.
1512 908 1979 981 Luxuriosum
2000 906 2031 952 3
2062 894 2259 1007 putat
2282 909 2535 981 fuisse:
2568 935 2677 1007 ego

597 1046 836 1100 tamen
871 1024 1162 1099 insanus
1190 1050 1421 1113 eram,
1459 1045 1533 1095 et
1556 1023 2041 1096 defendendus
2068 1024 2397 1123 quidem,
2436 1026 2495 1097 si
2531 1050 2679 1095 con-

596 1139 1059 1217 tradixissem:
1087 1139 1208 1211 sed
1237 1159 1831 1239 perseveraturum
1862 1160 2130 1237 patrem
2157 1140 2507 1238 negabant
2538 1166 2679 1237 pro-

598 1252 848 1351 pinqui
877 1280 892 1325 :
929 1254 1024 1327 sic
1049 1255 1314 1325 factum
1343 1274 1479 1345 est,
1516 1273 1594 1325 ut
1618 1251 1935 1324 dolorem
1966 1252 2243 1325 silentio
2268 1280 2675 1353 premerem,

599 1369 721 1468 qui
766 1368 1038 1441 clausus
1077 1390 1285 1466 atque
1330 1369 1511 1441 intra
1553 1369 1999 1467 cogitationes
2032 1389 2380 1469 receptus,
2418 1369 2679 1441 abstulit

600 1506 936 1557 mentem.
957 1488 1300 1557 Caeterum
1327 1508 1595 1577 tamen,
1622 1486 1680 1557 si
1704 1512 1946 1557 verum
1970 1487 2263 1559 velimus
2288 1487 2517 1585 loqui,
2548 1512 2677 1557 mu·

598 1620 709 1683 tus
741 1598 939 1670 fuit4.
967 1600 1161 1690 Quas
1197 1599 1310 1671 hic
1347 1620 1475 1698 ego
1504 1601 1677 1699 patri
1720 1601 1968 1698 gratias
2000 1600 2247 1699 agam?
2279 1601 2553 1673 reduxit
2582 1626 2677 1670 me

601 1739 745 1785 non
789 1714 1240 1801 sentientem3
1287 1714 1611 1785 adhibuit
1644 1740 1918 1803 curam,
1959 1714 2313 1787 laborem:
2360 1716 2673 1787 miserum

601 1826 753 1900 me!
793 1850 1067 1901 sanatus
1100 1854 1260 1900 sum
1293 1856 1307 1899 :
1351 1855 1541 1900 sacra
1582 1828 1931 1929 majorum
1956 1886 1975 1918 ‚
2022 1828 2188 1900 deos
2229 1850 2514 1929 penates
2554 1854 2674 1900 non

600 1944 902 2017 sentiens
945 1945 1181 2016 tenui:
1221 1971 1433 2017 nemo
1477 1943 1863 2043 gratulatus
1906 1964 2005 2015 est
2034 1946 2423 2031 amicorum
2456 1974 2473 2019 :
2508 1970 2675 2017 nunc

601 2061 902 2161 expellor
929 2062 1353 2163 resipiscens,
1387 2061 1649 2133 Felices
1668 2110 1691 2149 ,
1717 2061 1838 2161 qui
1868 2084 2157 2161 possunt
2186 2063 2385 2134 omni
2410 2063 2547 2135 vita
2572 2088 2679 2133 sua

600 2177 1008 2278 parentibus
1034 2176 1294 2269 dicere,
1321 2177 1495 2278 quid
1520 2174 1687 2249 feci?
1712 2176 1938 2249 dicam
1971 2198 2203 2250 tamen
2220 2236 2239 2269 ‚
2268 2178 2440 2277 quid
2467 2200 2676 2278 postea

599 2291 776 2363 feci?
807 2292 865 2363 si
898 2290 1166 2363 luxuria
1202 2290 1641 2363 intolerabile
1665 2290 1938 2363 malum
1958 2347 1977 2380 ,
2008 2290 2353 2390 ignovisti.
2386 2294 2566 2390 Ego,
2594 2292 2677 2361 in·

603 2405 789 2504 quit,
827 2425 930 2496 te,
965 2406 1303 2506 quoniam
1330 2406 1623 2486 demens
1652 2432 1841 2498 erae,
1877 2405 2117 2482 reduxi
2148 2435 2162 2479 :
2202 2406 2325 2478 ubi
2352 2408 2545 2498 estis,
2572 2404 2675 2504 qui

602 2551 716 2595 me
737 2524 1086 2624 putabatis
1106 2524 1507 2597 infelicem?
1532 2552 1660 2624 ego
1678 2551 1839 2598 vero
1865 2524 2235 2597 dementiae
2256 2525 2507 2624 gratias
2532 2547 2673 2622 ago:

601 2667 744 2712 non
783 2641 1072 2740 quidem
1115 2639 1657 2714 sollicitudinem
1698 2641 1908 2744 patris
1942 2641 2159 2732 sensi,
2196 2636 2315 2712 sed
2350 2667 2477 2712 nec
2504 2637 2679 2710 abdi-

603 2757 971 2831 cationem.
1009 2757 1206 2850 Quid
1256 2757 1435 2834 mihi
1478 2784 1643 2829 cum
1687 2779 1829 2828 tam
1860 2756 2075 2830 veloci
2120 2755 2470 2828 remedio?
2508 2776 2678 2854 pater

681 2969 726 3004 1.
759 2955 862 3020 Sed
887 2967 949 3007 ut
983 2973 1067 3008 mo
1098 2966 1280 3026 putem
1323 2955 1418 3008 diu
1449 2956 1615 3028 fuisse

601 3034 910 3091 abdicatum.
929 3037 1110 3089 Forte:
1133 3037 1219 3091 sed
1233 3050 1288 3090 ut
1305 3057 1386 3090 me
1399 3038 1610 3110 pmbem

607 3115 821 3164 tacuisse
852 3113 1167 3165 abdicatum.
1199 3117 1268 3167 Ut
1295 3115 1449 3166 vobis
1483 3113 1611 3168 fides

606 3191 727 3258 flat,
765 3209 952 3248 causas
983 3192 1236 3244 habuisse
1265 3193 1396 3249 illud
1434 3213 1612 3246 meum

601 3273 746 3344 prius
761 3269 1058 3338 silentium,
1077 3271 1228 3348 quod
1249 3273 1411 3327 modo
1434 3275 1616 3346 appel·

607 3351 748 3403 lavit.
789 3352 1027 3404 Gnonov.
1071 3353 1174 3406 Sed
1206 3362 1266 3401 ut
1299 3370 1383 3404 me
1406 3353 1614 3423 faciam

609 3433 819 3507 indique
835 3431 1035 3502 fuisse,
1065 3431 1269 3486 Schult.
1297 3433 1399 3485 Sed
1421 3453 1514 3485 cur
1536 3453 1617 3487 me

603 3531 658 3582 p.
696 3511 748 3561 d.
781 3511 834 3583 f.
878 3532 926 3565 a.
969 3510 1068 3567 illa
1107 3513 1375 3566 narratio.-
1417 3531 1615 3585 quam,

607 3608 774 3662 marg.
799 3590 977 3646 AErod.
1015 3593 1134 3663 lpse
1167 3605 1226 3644 ut
1257 3593 1451 3663 vulgo,
1482 3613 1616 3664 prae-

609 3683 848 3742 terquam
885 3671 1030 3741 quod
1061 3671 1254 3736 habet,
1287 3673 1385 3725 illa
1419 3691 1574 3725 nam
1597 3696 1611 3723 :

606 3753 709 3808 scio
733 3772 891 3826 quam
917 3753 1024 3808 ind.
1051 3768 1152 3808 etc.

681 3849 728 3884 2.
759 3833 870 3884 Nec
903 3831 1044 3884 illud
1073 3845 1214 3885 error
1241 3831 1611 3886 adolescentia

606 3915 872 3986 (bnjicinz
889 3933 984 3966 nec
1002 3911 1122 3978 ille,
1143 3931 1312 3966 errore
1327 3914 1617 3966 adolescen-

609 3993 694 4045 n‘oe
725 4013 841 4059 ne,
863 4014 936 4046 aa
969 3996 1134 4046 oetatt‘s
1165 4003 1386 4059 natum,
1417 3997 1621 4064 prator-it

609 4069 1124 4145 lauriacum-fuisse.
1141 4073 1258 4147 Ego
1273 4085 1449 4126 &amen
1464 4093 1617 4126 sanus

609 4167 748 4202 cram
770 4189 789 4217 ,
825 4163 876 4203 et
909 4152 1264 4221 defendendus
1296 4171 1535 4225 quoque,
1572 4156 1617 4207 εἰ

1692 2953 2130 3006 contradixissem.
2150 2955 2316 3006 Giton.
2338 2953 2409 3004 Et
2431 2950 2543 3017 ille,
2558 2947 2679 3022 quod

1692 3053 1836 3086 emt·
1852 3055 1905 3088 a.
1934 3034 2041 3086 hoec
2068 3037 2233 3090 oetatt's
2260 3054 2315 3086 n.
2344 3054 2427 3098 e.,·
2456 3048 2571 3098 aut,
2598 3049 2679 3084 nec

1696 3111 1859 3178 illud,
1881 3131 2038 3179 ειν-νον,
2062 3127 2161 3166 etc.
2190 3111 2410 3164 Senem.
2438 3115 2543 3164 Nec
2560 3107 2679 3161 marl

1692 3211 1734 3244 e.
1752 3194 1837 3244 ad.
1858 3211 1951 3244 nec
1967 3196 2144 3246 oetatt‘s.
2166 3195 2369 3245 Natura
2384 3194 2675 3246 luxuriosum

1692 3271 2023 3346 putatfuisse
2037 3295 2052 3322 .·
2072 3291 2166 3347 ego
2183 3283 2357 3326 tamen
2370 3287 2675 3331 sanitatemm,

1696 3353 1953 3406 Obrecht.

1768 3431 1817 3482 3.
1846 3431 2207 3483 Luxuriosum.
2236 3429 2569 3483 Luxmioeum
2589 3445 2677 3498 pu·

1696 3521 1803 3564 tate
1818 3511 2017 3581 finisse,
2046 3531 2138 3584 09⁰
2163 3523 2335 3569 tamen
2362 3513 2561 3566 imam
2584 3527 2677 3560 που

1696 3612 1856 3645 eram.
1886 3592 2094 3664 prodigi
2118 3595 2293 3654 insani
2315 3593 2595 3648 habentur:
2616 3591 2676 3644 si-

1696 3675 1905 3746 gnificat
1934 3690 2142 3739 autem,
2168 3695 2331 3746 quum
2356 3678 2581 3727 insanum
2605 3691 2677 3721 re·-

1696 3755 1929 3820 damea-it.
1950 3775 2061 3808 non
2082 3756 2331 3810 debuisse
2350 3757 2429 3808 vel
2452 3769 2592 3813 tunc..
2606 3749 2675 3802 sel

1696 3855 1841 3889 nunc
1869 3857 2052 3890 sanum
2079 3839 2331 3890 abdicari.
2360 3841 2564 3890 Senum.

1768 3920 1817 3984 4.
1836 3919 2159 3990 Mutusfun't.
2178 3921 2437 3994 Ugolinus
2452 3933 2499 3971 et
2514 3911 2675 3968 frod.

1697 3998 1992 4068 motusfut‘t
2004 4019 2023 4044 .-
2040 4017 2231 4072 nempe
2246 4013 2410 4072 pater.
2426 3997 2501 4048 Cl.
2516 3990 2679 4046 Schul-

1698 4081 1893 4148 tingius
1918 4099 2069 4145 vero,
2090 4080 2397 4150 mutusfm',
2420 4076 2539 4130 nihi!
2558 4091 2676 4144 que·

1698 4171 1809 4210 stus
1834 4156 1902 4209 de
1926 4172 2107 4230 patre,
2130 4177 2229 4210 nec
2252 4161 2305 4210 in
2328 4161 2529 4221 furore,
2552 4171 2671 4203 sum·
