2855 4871
637 435 767 500 362
1142 436 1237 497 M.
1286 432 1540 496 FAssu
1585 429 2228 513 QUINTlLlAM

633 556 781 629 haec
822 557 1067 628 omnia
1106 581 1317 655 supra
1348 581 1470 626 me
1511 552 1954 642 maluissem,
1995 578 2216 650 quam
2263 572 2452 624 tanta
2485 553 2710 624 merita

633 674 975 772 asperiore
996 674 1147 746 ulla
1162 699 1326 744 voce
1346 670 1600 744 violare
1619 685 1638 715 ¹
1665 698 1680 741 :
1707 669 1831 742 sed
1847 669 2240 742 necessitati
2257 669 2428 767 quid
2447 668 2710 740 faciam?

632 789 741 862 lex
770 789 1061 889 optandi
1092 787 1606 889 patronumjus
1629 786 1870 858 dabat:
1904 781 2020 859 ine
2049 786 2320 859 delator
2349 806 2706 885 optaverat;

633 905 839 996 doce,
876 907 1052 1006 quid
1093 905 1389 978 faciam:
1433 903 1694 976 delator
1723 903 1844 1005 jus
1871 893 2132 975 ⁴habet:
2175 923 2412 974 contra
2443 927 2704 974 omnem

630 1050 867 1095 meam
904 1023 1466 1124 deprecationem
1505 1021 1788 1122 publica
1829 1021 2194 1093 auctoritas
2233 1020 2497 1092 nititur.
2535 1021 2706 1091 Con-

628 1139 919 1211 scientia
942 1139 1343 1212 mehercule
1370 1140 1642 1211 sacere²
1676 1137 1812 1210 hoc
1838 1137 2142 1228 viderer;
2169 1164 2250 1208 ac
2274 1135 2614 1222 timuisse,
2631 1159 2704 1202 ne

629 1253 688 1324 si
720 1253 825 1324 illi
854 1281 1076 1326 causae
1104 1281 1237 1326 vox
1269 1253 1702 1351 contigisset,
1737 1253 1816 1324 in
1851 1251 2172 1324 medium
2209 1251 2465 1324 scelera
2487 1247 2706 1348 prodi-

629 1389 805 1439 rent.
836 1371 986 1467 Ego
1014 1397 1177 1442 vero
1206 1370 1478 1468 suscepi
1511 1396 1791 1442 causam
1809 1426 1828 1460 ,
1859 1395 1992 1441 nec
2021 1367 2230 1440 timui
2261 1393 2352 1439 ne
2381 1365 2702 1438 vincerer:

626 1510 773 1556 non
811 1484 1029 1585 igitur
1060 1485 1363 1587 objicere
1395 1485 1608 1558 debes
1639 1485 1856 1574 mihi,
1889 1485 1966 1556 in
1995 1483 2192 1584 quod
2223 1501 2492 1554 coactus
2525 1506 2706 1566 sum3

625 1600 783 1691 illa,
818 1629 977 1700 quae
1012 1604 1303 1676 fuerunt
1338 1601 1416 1674 in
1459 1631 1619 1675 mea
1661 1621 2030 1702 potestate,
2070 1600 2130 1672 si
2171 1597 2670 1700 deprehendisti
2689 1653 2704 1684 ,

624 1720 953 1811 ostende3
1002 1722 1059 1794 si
1102 1722 1338 1794 vultus
1380 1721 1710 1812 infestus,
1759 1721 1816 1791 si
1859 1747 1992 1792 vox
2037 1717 2412 1806 incitatior,
2453 1715 2512 1786 si
2555 1714 2704 1814 quid

624 1833 805 1906 ultra
844 1837 1320 1910 necessitatem
1350 1865 1367 1908 :
1402 1863 1634 1936 neque
1667 1836 1802 1908 ista
1831 1861 1960 1934 ego
1997 1834 2317 1933 imputo;
2351 1857 2495 1902 non
2533 1829 2704 1902 enim

624 1969 935 2049 poteram
955 2010 975 2043 ,
1006 1979 1238 2052 neque
1272 1973 1415 2024 erat
1445 1952 1772 2023 adversus
1805 1949 2284 2022 innocentiam
2309 1967 2508 2018 tuam
2535 1945 2704 2042 inge·

620 2065 741 2136 nio
776 2065 993 2139 locus,
1038 2070 1279 2166 Itaque
1326 2065 1600 2138 discessi
1642 2092 1684 2136 a
1719 2064 1987 2165 judicio
2027 2063 2276 2152 laetior,
2315 2088 2530 2159 quam
2569 2085 2704 2130 reus

621 2177 803 2278 ipse:
832 2200 901 2252 et
922 2180 1114 2252 velut
1136 2180 1336 2254 editis
1360 2181 1768 2253 necessitate
1786 2177 2056 2280 operis3
2077 2179 2168 2250 ad
2191 2177 2700 2276 gratulationem

622 2297 916 2368 cucurri.
948 2299 1095 2369 Nec
1124 2324 1242 2371 me
1272 2299 1335 2369 ei
1369 2299 1446 2369 in
1475 2297 1830 2395 reliquum
1859 2297 2088 2369 eximo
2119 2316 2438 2393 tempus3
2475 2293 2702 2364 debere

548 2450 551 2453 ⁴
622 2411 997 2484 confiteor:
1024 2412 1149 2505 da,
1180 2440 1395 2513 quem
1424 2411 1844 2503 defendam3
1876 2412 1996 2505 da,
2027 2439 2152 2510 pm
2183 2437 2325 2507 quo
2357 2410 2632 2507 loquar:
2653 2405 2700 2479 si

620 2526 796 2625 quid
822 2528 1144 2602 adversus
1166 2528 1377 2601 illum
1402 2530 1983 2602 nocentissimum
2007 2528 2390 2599 delatorem
2413 2524 2698 2597 invenire

618 2670 993 2742 possumus
1011 2704 1034 2737 ,
1070 2646 1340 2745 impera
1360 2704 1379 2739 ,
1416 2646 1609 2744 quod
1635 2647 1736 2719 vis
1765 2674 1780 2717 :
1819 2646 1894 2717 in
1932 2664 2556 2744 quantumcunque
2591 2660 2700 2711 tua

620 2779 750 2832 15ῑᾶ
777 2787 910 2832 VOX
944 2781 1065 2834 est.

690 2980 737 3013 1.
774 2960 839 3013 V
834 2962 1012 3015 iolare.
1049 2963 1345 3033 Violarem,
1368 2966 1623 3019 Latinius·

688 3059 735 3092 2.
768 3043 1089 3095 Conscientia
1111 3046 1407 3099 mehercule
1422 3048 1622 3119 fecisse.

615 3121 733 3171 Hoc
754 3132 864 3171 est:
888 3121 1111 3175 Delator
1127 3122 1219 3177 ille
1245 3140 1297 3178 et
1320 3142 1625 3193 accusator,

612 3198 719 3250 hoc
736 3202 1060 3252 conscientia
1077 3220 1171 3255 sua
1188 3206 1282 3275 qui
1300 3205 1628 3259 calumniose

614 3292 889 3331 accusaret
906 3319 924 3347 ,
964 3281 1155 3333 fecisse
1198 3282 1432 3350 videtur,
1471 3300 1530 3337 ut
1563 3304 1628 3338 ex

613 3358 729 3429 lege
750 3390 771 3426 ,-
808 3378 914 3430 qua
952 3362 1167 3432 patroni
1208 3362 1265 3413 in
1306 3364 1626 3434 capitalibus

616 3442 789 3492 causis
813 3440 881 3493 ab
908 3454 1217 3494 accusatore
1236 3441 1624 3511 desiderantur,

614 3542 699 3574 me
721 3522 975 3575 disertum
1000 3537 1055 3575 et
1076 3524 1414 3595 eloquentem
1439 3542 1468 3575 n
1493 3543 1628 3595 prae—

613 3616 729 3654 tore
744 3616 836 3654 aut
848 3603 1173 3673 proconsule
1188 3615 1462 3674 posceret:
1478 3603 1628 3655 ideo·-

616 3699 721 3753 que
744 3682 1007 3748 timuisse,
1032 3700 1100 3733 ne
1121 3684 1167 3733 si
1188 3681 1363 3733 divitis
1383 3699 1556 3733 causae
1573 3696 1626 3735 et

610 3762 909 3815 defensioni
934 3782 1039 3813 vox
1068 3782 1186 3815 mea
1218 3776 1311 3814 aut
1344 3762 1627 3834 cujusdam

612 3844 826 3897 alterius
860 3846 1084 3896 oratoris
1118 3844 1536 3915 eloquentissimi
1573 3857 1628 3897 et

612 3922 941 3977 solertissimi
948 3924 1277 3993 contigisset,
1288 3923 1626 3994 detegeretur

612 4022 675 4055 ae
698 4006 939 4075 prodiret
960 4007 1017 4058 in
1038 4005 1277 4057 medium
1294 4005 1627 4058 calumniosa

612 4098 667 4135 et
692 4089 969 4141 temeraria
1002 4090 1116 4159 ejus
1148 4090 1436 4141 accusatio.
1464 4089 1628 4157 Quod

616 4178 795 4219 tamen
822 4186 911 4221 me
940 4182 1227 4223 accusante
1254 4168 1484 4224 accidit=
1521 4190 1628 4243 qua

1709 2987 1765 3020 re
1788 2967 1936 3019 laetor
1957 2980 2010 3017 et
2031 2963 2288 3035 gratulor.
2315 2964 2494 3015 AEnon.
2515 2989 2580 3001 -
2605 2960 2698 3009 Fa-

1708 3066 1818 3099 cere
1837 3046 1936 3097 hoc
1955 3045 2166 3097 viderer.
2190 3044 2384 3095 Fecisse
2409 3040 2460 3091 h.
2485 3040 2697 3091 videtur.-

1707 3144 1770 3177 ae
1801 3126 2053 3191 timuisse,
2083 3143 2150 3177 ne
2178 3124 2226 3175 si
2255 3121 2402 3174 iuius
2433 3138 2582 3172 eam
2609 3132 2698 3167 vox

1705 3224 1826 3256 mea
1847 3215 1984 3257 cont.
2011 3200 2190 3254 AErod.
2215 3232 2290 3241 —
2318 3202 2430 3252 Nec
2453 3197 2614 3257 timui,
2641 3212 2696 3243 ne

1707 3285 1951 3335 vincerer.
1979 3284 2117 3353 Lege
2141 3282 2418 3333 vincerem.
2449 3274 2696 3345 Significat

1707 3367 1848 3417 enim
1884 3378 2088 3415 certum
2127 3362 2231 3415 sibi
2263 3363 2428 3414 fuisse
2465 3360 2604 3421 fore,
2643 3368 2698 3404 ut

1705 3446 2002 3497 vinceretur
2043 3441 2116 3494 ob
2156 3442 2510 3495 innocentiam
2543 3453 2694 3487 accu-

1707 3531 1824 3582 sati.
1849 3529 2016 3581 Grion.
2039 3556 2114 3567 —
2131 3528 2205 3577 In
2221 3544 2340 3577 mea
2358 3530 2607 3597 potestate.
2633 3518 2696 3569 1η

1706 3608 1880 3659 media
1897 3618 2175 3679 potestate,
2205 3624 2376 3675 marg.
2393 3598 2557 3657 AEmd.

1777 3688 1829 3741 3.
1851 3688 2024 3739 Editis
2041 3686 2224 3758 operis.
2241 3686 2378 3739 Vide
2391 3686 2610 3737 Gronov.
2629 3675 2694 3728 ad

1705 3769 1813 3819 Liv.
1845 3768 1948 3832 111,
1979 3767 2069 3819 63.
2099 3794 2174 3805 —-
2197 3767 2500 3819 Necessitate
2519 3758 2690 3829 operis-

1706 3846 2037 3913 Necessitati,
2063 3844 2246 3897 AErod.
2271 3874 2346 3883 -—-
2373 3842 2456 3896 Ad
2475 3836 2694 3913 qvonda-

1705 3930 1918 3981 tionem.
1953 3931 2072 3981 Vet.
2109 3926 2234 3979 cod.
2278 3924 2690 4000 qmtulaetionem

1708 4010 1855 4082 quod
1871 4012 2280 4083 praetermissum
2299 4008 2563 4061 noluimus.
2583 4004 2688 4051 ΡΠ.

1705 4120 1778 4131 ·-
1797 4092 1990 4143 Exime
2013 4102 2228 4163 tempus.
2253 4089 2488 4140 Eximit·
2507 4096 2688 4151 tempus

1709 4170 1886 4223 debere
1899 4170 2040 4239 conf.
2063 4171 2282 4221 Scuur.
