2855 4871
579 427 1411 499 DECLAMATIONES.
1461 427 1875 495 ccxnvn.
2189 457 2262 520 17

202 575 353 628 ante
380 555 798 656 perdiderat,
844 577 925 628 ut
954 555 1040 626 de
1066 554 1325 652 nuptiis
1358 553 1790 653 loqueretur,
1823 555 1956 627 nisi
1993 556 2117 628 ubi
2152 584 2268 629 ne-

200 699 369 745 cesse
408 672 601 747 erat?
630 676 727 746 Ea
758 693 912 772 post
940 671 1193 743 vulnus
1222 670 1499 770 optavit.
1544 672 1722 742 Ecce
1753 671 2092 774 majorem
2135 673 2272 745 mi-

198 785 626 859 sericordiam
662 815 677 857 ε
722 785 1023 884 suscepit
1054 785 1345 884 raptoris
1372 782 1480 855 sui
1518 783 1770 858 misera
1807 786 2264 859 curationem:

198 901 494 999 queritur
511 901 774 1001 quippe
801 901 886 974 de
912 902 1223 990 fortuna,
1254 899 1444 999 quod
1474 900 1898 974 beneficium
1929 903 2266 1000 perdidit:

199 1042 409 1114 neque
455 1017 653 1089 enim
700 1017 1025 1091 divellere
1072 1038 1343 1115 poterat
1388 1038 1538 1090 tam
1578 1016 1717 1089 alte
1764 1037 2064 1090 exactam
2108 1045 2268 1092 ma-

200 1157 359 1203 num
380 1145 395 1177 ¹
424 1160 439 1205 :
475 1134 735 1206 misera
764 1134 1198 1208 existimabat
1222 1134 1355 1206 hoc
1380 1162 1543 1207 eum
1568 1135 1807 1208 fecisse
1832 1161 2036 1208 causa
2067 1135 2270 1208 mise·

197 1247 494 1321 rationis:
540 1251 854 1350 pervenit
894 1271 1129 1323 tamen
1173 1250 1409 1347 aliqua
1449 1251 1537 1322 ad
1573 1250 1776 1322 illum
1817 1250 2050 1324 laetitia
2096 1251 2271 1324 datae

196 1360 461 1436 salutis:
512 1362 782 1435 etiamsi
825 1363 1086 1453 breviS,
1130 1385 1367 1436 tamen
1410 1386 1600 1462 grata
1641 1386 1744 1436 est
1786 1365 2122 1464 voluptas.
2184 1366 2275 1437 At

194 1504 343 1549 voce
387 1480 535 1582 ejus
576 1481 817 1553 audita
857 1503 1037 1554 certe
1080 1481 1317 1554 oculos
1356 1480 1676 1554 sustulit:
1719 1483 1776 1554 si
1819 1482 1996 1555 nihil
2041 1482 2270 1574 aliud,

196 1591 314 1666 hoc
343 1616 513 1669 certe
548 1596 781 1670 solatii
826 1596 1019 1688 tulit,
1054 1623 1200 1670 non
1233 1596 1413 1670 mori
1447 1625 1518 1670 se
1562 1619 1925 1698 tamquam
1969 1600 2274 1671 damna-

197 1728 363 1781 tum:
394 1737 536 1784 non
563 1711 810 1804 illum,
833 1713 1149 1810 quamvis
1169 1713 1669 1791 semianimem
1697 1735 1904 1812 atque
1931 1713 2276 1813 palpitan-

196 1842 321 1895 tem
351 1824 599 1900 invasit
620 1828 927 1902 carnifex
945 1885 964 1917 ,
993 1828 1436 1903 vulneratum
1467 1850 1978 1927 cruentumque
2002 1857 2127 1928 per
2153 1857 2276 1904 ora

194 1939 413 2037 populi
443 1941 655 2014 traxit
667 1974 686 2032 ;
719 1969 863 2015 non
900 1942 1078 2014 illud
1114 1964 1351 2043 caput,
1384 1944 1494 2022 vel
1530 1944 1885 2033 exanime,
1923 1944 2074 2043 lege
2109 1945 2273 2018 reci·

191 2075 329 2122 sum
363 2074 488 2126 est:
528 2082 671 2155 pro
703 2055 1069 2130 immitis²l
1117 2059 1236 2156 qui
1272 2057 1358 2131 de
1392 2086 1672 2133 summa
1713 2059 2085 2132 clementia
2127 2081 2271 2132 tam

190 2167 357 2240 triste
386 2171 567 2244 fecit
598 2172 1022 2272 exemplum.
1945 2171 1950 2174 ⁴

197 2353 305 2404 «ΔΙ»
336 2374 395 2408 ea
428 2357 636 2428 (modo
674 2361 823 2430 virgo
860 2361 1066 2427 fuerat,
1100 2374 1178 2413 at·
1263 2387 1285 2409 c
1312 2362 1417 2414 alte
1439 2373 1676 2416 exactam
1695 2361 2178 2416 manumcnouov.
2198 2393 2270 2404 —

196 2452 217 2476 υ
233 2450 325 2503 que
350 2432 451 2488 boc
472 2456 682 2491 nomen
704 2438 888 2511 paullo
912 2453 1036 2493 ante
1056 2460 1178 2513 per·
1256 2442 1440 2516 Neque
1459 2444 1599 2494 enim
1619 2443 1708 2495 diu
1738 2444 1923 2496 videre.
1945 2444 2162 2495 Senum.

198 2536 217 2559 ι
232 2512 458 2589 diderat),
470 2533 537 2571 ut
560 2518 631 2571 de
653 2523 853 2590 nuptiis
872 2520 1180 2593 loqueretur
1331 2538 1379 2571 2.
1396 2521 1498 2572 Pm
1511 2522 1751 2573 immitis?
1762 2523 1924 2591 Lege:
1949 2544 1971 2567 ι
1985 2524 2086 2573 Pro
2105 2524 2275 2575 immi·

198 2616 217 2639 ⁸
234 2600 319 2649 nisi
344 2598 432 2652 ubi
452 2618 683 2653 necesse
713 2613 843 2653 erat.
866 2602 948 2653 An
974 2620 1036 2653 ea
1053 2616 1176 2673 post
1262 2625 1285 2648 ι
1306 2614 1383 2654 tea
1409 2620 1461 2673 q.
1488 2600 1542 2654 d.
1567 2620 1608 2653 s.
1635 2621 1682 2654 c.
1717 2614 1755 2652 t.
1789 2615 1826 2654 t.
1861 2602 2058 2654 fecistis
2089 2620 2267 2655 exem-

196 2695 217 2719 ·
234 2674 407 2729 vulnus
429 2680 659 2750 optavit.
683 2702 707 2726 υ
1263 2704 1286 2727 α
1304 2682 1476 2752 plum,
1492 2706 1516 2729 n
1535 2682 1781 2753 intelligit
1801 2684 2135 2752 propinquos
2153 2700 2270 2753 rap·

260 2769 298 2803 ι.
320 2756 491 2828 Neque
513 2757 667 2809 enim
685 2756 945 2811 divellere.
966 2758 1173 2811 Scribe:
1257 2764 1415 2830 toris,
1451 2766 1542 2835 qui
1581 2762 1720 2815 male
1751 2764 2082 2834 interpretati
2115 2776 2272 2815 erant

199 2854 219 2876 ι
233 2834 399 2907 Neque
419 2841 563 2893 enim
582 2836 825 2891 divinare
846 2852 1057 2909 poterat
1070 2854 1177 2892 tam
1259 2854 1313 2893 et
1331 2840 1636 2896 detulerant
1647 2841 1806 2895 verba
1821 2840 2028 2913 puellae.
2041 2842 2259 2895 Senum.
