2855 4871
594 416 1430 484 DECLAMATIONES.
1477 416 1851 484 ccchl.
2135 421 2254 502 401

160 542 253 614 sit
268 601 289 632 ,
311 564 549 642 postea
565 543 977 615 videbimus.
1002 541 1216 633 Quod
1241 542 1397 641 quis
1416 544 1762 640 professus
1781 570 1924 614 non
1951 563 2054 616 est
2075 543 2267 644 apud

160 657 617 754 publicanos,
642 684 769 756 pro
798 656 1167 728 commisso
1195 677 1508 727 tenetur:
1541 683 1622 728 ea
1651 685 1785 746 res,
1810 658 1896 729 de
1925 685 2064 757 qua
2083 659 2268 759 judi·

162 772 379 862 catiS‚
402 772 477 842 in
500 772 1001 870 professionem
1024 795 1169 842 non
1190 770 1375 842 venit
1386 799 1404 858 3
1438 771 1632 842 omni
1655 772 1816 872 jure
1841 773 2266 845 conditionis

160 908 405 958 nostra
438 908 559 958 est.
596 890 758 958 Mea
788 907 921 977 est,
956 886 1227 983 inquit;
1261 884 1446 957 nihil
1481 886 1664 958 istud
1699 909 1938 962 contra
1961 888 2080 989 jus
2105 917 2270 961 nos·-

162 1023 361 1071 trum
406 1022 545 1075 est:
598 1001 857 1098 alioqui
906 1026 1117 1072 nemo
1166 1026 1309 1071 non
1356 999 1491 1072 hoc
1537 999 1624 1071 de
1671 1028 1741 1072 re
1785 1028 1928 1074 non
1971 1004 2274 1103 professa

160 1115 401 1187 dicere
426 1115 669 1215 possit,
699 1117 862 1186 Mea
885 1133 1019 1186 est:
1053 1135 1120 1185 et
1146 1115 1201 1186 is
1232 1115 1355 1211 qui
1383 1115 1763 1204 transtulit,
1793 1115 2096 1188 alienam
2123 1145 2270 1190 rem

158 1230 542 1302 transtulit.
577 1233 757 1301 Ante
792 1229 1065 1319 omnia,
1101 1228 1298 1300 nulla
1328 1228 1479 1327 lege
1509 1231 2096 1329 comprehensum
2132 1254 2270 1324 est,

159 1367 245 1416 ut
272 1344 575 1416 alienam
604 1372 749 1417 rem
777 1372 921 1417 non
946 1344 1255 1444 profiteri
1278 1344 1513 1417 liceret
1531 1361 1546 1390 ¹
1574 1374 1588 1418 ι
1617 1346 1876 1445 alioqui
1905 1347 2270 1444 publicum

160 1487 488 1532 eversum
519 1481 617 1532 est
638 1517 657 1552 ‚
694 1460 877 1559 leges
906 1459 1385 1559 permutandae
1426 1481 1625 1553 sunt,
1666 1482 1742 1534 ut
1775 1464 2276 1536 transferantur

156 1575 485 1646 aliena²z
534 1601 625 1646 an
669 1576 939 1646 furtum
983 1573 1289 1674 profiteri
1337 1574 1624 1646 debuit?
1661 1579 1753 1647 At
1795 1576 2124 1675 iniquum
2177 1598 2277 1649 est

158 1717 409 1762 meam
445 1717 721 1790 poenam
758 1718 937 1780 esse,
971 1718 1197 1789 quum
1236 1690 1352 1762 ille
1397 1691 1810 1789 peccaverit:
1859 1693 2116 1765 iterum
2160 1694 2275 1766 di-

158 1834 363 1896 cam,
392 1808 466 1879 Si
496 1807 667 1905 quid
692 1807 917 1907 iniqui
942 1805 1152 1879 habet
1174 1807 1284 1878 lex
1308 1827 1573 1896 nostra,
1601 1829 1836 1906 postea
1857 1808 2270 1885 viderimus:

158 1921 457 1994 interim
504 1922 611 1994 lex
654 1945 787 1996 est:
838 1950 983 1994 non
1025 1921 1345 1994 adversus
1387 1922 1750 2014 homines,
1794 1923 1914 1996 sed
1955 1924 2276 2000 adversus

156 2065 321 2110 rem
348 2035 605 2137 scripta
628 2037 795 2111 est3.
827 2038 899 2112 Si
916 2037 1035 2139 jus
1058 2038 1562 2137 accepissemus
1587 2039 1870 2138 aliquod
1896 2040 1985 2111 ab
2010 2067 2125 2130 eo,
2149 2044 2272 2141 qui

162 2243 185 2266 ι
210 2219 401 2283 navis,
424 2219 623 2288 inquit,
648 2220 691 2270 si
710 2215 889 2270 illicite
908 2215 1107 2290 aliquid
1124 2219 1181 2269 in
1260 2217 1480 2288 pellatio
1500 2255 1516 2282 ,
1544 2217 1665 2269 vide
1701 2219 2020 2285 Asconium,
2055 2219 2181 2272 Fab.
2217 2234 2271 2274 et

162 2321 189 2344 «ι
210 2313 357 2347 nave
373 2333 392 2360 ‚
412 2295 494 2348 vel
528 2299 641 2368 ipse
658 2335 674 2362 ,
698 2297 779 2348 vel
809 2311 1045 2348 vectores
1080 2297 1179 2347 im·
1260 2297 1475 2367 Ulpian.
1509 2297 1683 2348 AEnon.

159 2399 183 2422 ιι
208 2377 517 2447 posuerint,
531 2377 677 2427 navis
696 2393 907 2448 quoque
922 2376 1051 2428 fisco
1072 2377 1181 2425 vin·
1338 2393 1379 2426 1.
1411 2376 1483 2427 Ut
1507 2375 1736 2428 alienam
1767 2395 1871 2428 rem
1902 2396 2006 2430 non
2034 2378 2271 2453 profiteri

160 2480 183 2501 ι
205 2454 447 2506 dicatur.
473 2454 635 2521 Quod
655 2456 699 2509 si
719 2454 937 2507 absente
960 2454 1177 2506 domino
1260 2454 1451 2507 liceret.
1477 2456 1622 2507 Licet
1647 2457 1900 2522 institui-i,
1930 2461 2266 2528 negotiorum

160 2558 182 2581 ιι
206 2532 269 2585 id
314 2551 346 2583 a
389 2535 636 2603 magistro
670 2532 751 2585 vel
788 2532 1141 2604 gubernatore
1161 2570 1179 2599 ,
1258 2536 1490 2604 gesturi,
1527 2539 1888 2605 procuratori,
1927 2540 2268 2592 usufructua-

159 2638 181 2659 ιι
206 2624 313 2665 aut
346 2626 564 2683 proreta
598 2627 823 2664 nautave
856 2612 1037 2683 aliquo
1067 2614 1181 2664 fac·
1262 2614 1373 2676 rio,
1406 2612 1560 2663 bonae
1589 2612 1710 2663 fidei
1738 2616 2062 2683 possessori,
2091 2614 2180 2667 sed
2210 2620 2266 2669 iu

158 2716 182 2739 a
207 2706 334 2743 tum
368 2692 467 2757 sit,
500 2694 601 2762 ipsi
630 2691 843 2762 quidem
875 2693 1047 2761 capite
1080 2710 1182 2762 pu-
1258 2692 1379 2742 fure
1421 2710 1520 2742 nec
1563 2692 1775 2742 omissio
1795 2728 1812 2756 ‚
1859 2710 1956 2742 nec
2003 2694 2267 2763 professio

158 2796 181 2817 ι
202 2774 444 2823 nitantur
466 2772 758 2823 commissis
778 2770 1070 2834 mercibus,
1090 2790 1184 2823 na·
1260 2785 1415 2822 nocet
1430 2808 1446 2835 ‚
1471 2783 1562 2821 aut
1586 2768 1806 2841 prodest
1825 2769 2059 2821 domino,
2081 2774 2263 2830 AEnon.

159 2876 181 2897 ι
204 2853 297 2901 vis
343 2862 523 2900 autem
565 2848 783 2901 domino
827 2850 1129 2901 restituitur.
1152 2874 1175 2895 u
1336 2866 1381 2897 2.
1405 2848 1474 2899 Ut
1493 2847 1874 2916 transferantur
1888 2848 2270 2907 aliena-Thad-

150 2929 315 2980 Idem
356 2946 387 2978 a
426 2928 722 2979 Justiniano
758 2930 1069 2997 rescriptum
1104 2940 1181 2979 est
1262 2924 1406 2976 daeus
1426 2936 1480 2975 et
1497 2925 1740 2976 AErodius
1764 2928 2008 2997 ignorant
2031 2936 2268 3001 particu-

152 3009 487 3062 constitutio
508 3008 624 3073 131,
642 3007 743 3079 §.si
762 3010 876 3079 quis
896 3007 1041 3058 domi
1058 3026 1181 3059 suae.
1263 3003 1367 3055 lam
1396 3003 1479 3055 Ut.
1505 3006 1616 3073 Ego
1640 3002 1751 3057 haeo
1777 3005 1934 3058 verba
1959 3023 2090 3079 puto
2119 3014 2232 3083 ejus
2249 3052 2267 3081 ‚

152 3110 183 3142 a
209 3088 608 3150 Constantium
628 3088 685 3139 C.
708 3086 775 3137 de
794 3086 927 3138 falsa
950 3098 1179 3136 moneta.
1263 3096 1450 3133 contra
1483 3102 1639 3153 quem
1677 3099 1838 3154 agunt
1876 3086 2179 3157 publicani,
2217 3108 2270 3145 et

150 3169 223 3221 ab
252 3166 523 3219 Accursio
546 3179 786 3217 notatum
810 3164 930 3217 adl.
957 3182 1015 3227 2,
1034 3164 1093 3215 C.
1115 3163 1183 3215 de
1265 3166 1338 3213 sic
1388 3165 1654 3215 constituo
1677 3186 1690 3214 ι
1733 3169 2089 3235 permutandae
2127 3186 2264 3226 sunt.

152 3244 403 3300 navibus
450 3263 559 3296 non
602 3263 849 3298 excusae.
892 3246 1183 3297 Causarum
1267 3242 1628 3314 Transferebat
1643 3242 2138 3319 alienasanfurtum
2154 3271 2274 3323 pro-

151 3344 353 3380 tamen
372 3338 427 3375 et
445 3326 719 3377 criminum
740 3323 985 3376 habenda
1007 3324 1184 3395 aliqua
1248 3318 1401 3394 fiten‘
1435 3322 1646 3375 debuit?
1679 3324 1988 3395 Respondet
2023 3327 2268 3399 publica-

148 3411 310 3462 ratio
332 3419 433 3459 est.
449 3405 551 3457 Sed
572 3406 663 3459 ubi
682 3425 765 3459 res
786 3425 894 3458 non
915 3406 1183 3477 professa,
1264 3420 1392 3453 nus:
1414 3402 1488 3453 At
1507 3403 1744 3474 iniquum
1764 3416 1851 3455 est.
1873 3406 2019 3458 Gnon
2061 3408 2272 3463 Permu-

149 3489 269 3541 alio
308 3488 440 3537 item
466 3487 591 3537 vitio
617 3484 824 3537 laborat
840 3523 856 3551 ,
886 3498 1045 3557 puta,
1071 3486 1185 3537 fur-
1266 3481 1438 3533 tandoe
1462 3493 1599 3533 sunt.
1635 3483 1706 3535 Ut
1731 3480 2113 3556 transferuutur
2136 3490 2271 3543 alie-

152 3574 271 3623 tiva
314 3582 399 3621 est
416 3604 433 3631 ‚
467 3579 558 3618 aut
590 3586 767 3619 servus
795 3568 1044 3636 fugitivus
1073 3580 1153 3619 est
1168 3603 1185 3631 ‚
1268 3578 1366 3625 na,
1386 3561 1518 3631 anf.
1538 3578 1620 3631 pr.
1642 3580 1748 3612 non
1768 3562 1968 3625 debuit;
1991 3566 2073 3617 vel
2097 3579 2272 3621 tamen

149 3649 323 3703 nulla
340 3650 459 3717 jam
480 3646 739 3699 dubitatio
761 3661 865 3712 est,
886 3666 997 3697 rem
1018 3645 1189 3697 domi·
1256 3638 1523 3711 furtt'vum
1557 3636 1796 3711 profiteri
1828 3642 2014 3694 debuit.
2055 3646 2270 3699 Senon.

148 3750 229 3782 no
253 3726 471 3781 auferri
494 3744 603 3777 nou
626 3744 799 3798 posse.
828 3725 963 3777 Nam
986 3732 1053 3777 εκ·
1072 3725 1189 3795 lege
1268 3718 1413 3770 Sunt.
1449 3718 1524 3767 At
1558 3719 1939 3790 transferantur
1965 3722 2169 3791 aliena,
2205 3744 2276 3776 an

148 3812 227 3861 XI
234 3812 279 3859 Ι.
306 3806 409 3856 Rei
424 3804 623 3857 furtiva·
638 3816 889 3875 perpetua
908 3816 985 3857 est
1002 3818 1191 3856 aucto·
1260 3800 1475 3873 furtum
1497 3818 1578 3871 pr.
1605 3798 1813 3852 debuit?
1835 3802 1961 3855 Obr.

150 3890 329 3947 ritas..
355 3896 461 3936 etc.
490 3882 557 3934 de
580 3884 800 3953 fugitivo
826 3902 978 3935 servo
1008 3902 1038 3933 a
1069 3882 1189 3934 divo
1344 3879 1394 3931 3.
1431 3878 1533 3929 Sed
1561 3878 1795 3931 adversus
1827 3899 1934 3931 rem
1964 3885 2153 3952 scripta
2191 3894 2278 3935 est.

150 3967 255 4018 Pio
288 3964 583 4035 saepissime
606 3964 919 4033 rescriptum
940 3976 1034 4014 est.
1057 3958 1091 4012 l.
1114 3962 1194 4012 in·
1275 3958 1390 4009 Hoc
1410 3956 1477 4008 de
1499 3956 1655 4010 rebus
1677 3957 1801 4009 solis
1822 3959 2068 4011 vere-dici
2082 3976 2282 4031 posset.

156 4046 391 4099 terdum
408 4044 469 4094 ff.
486 4042 555 4095 de
570 4042 803 4115 publiea.
824 4042 967 4109 Quid
983 4045 1047 4095 sit
1063 4063 1199 4096 com·
1285 4064 1307 4086 ι
1326 4040 1682 4110 Imperatores
1721 4040 1982 4093 Antonius
2027 4055 2078 4093 et
2121 4046 2286 4098 Verus

154 4126 391 4180 missum
408 4160 427 4187 ,
466 4134 520 4172 et
553 4120 694 4173 unde
725 4120 929 4174 fluxerit
965 4119 1077 4174 haec
1102 4140 1198 4193 ap·
1284 4143 1305 4166 a
1326 4122 1714 4191 rescripserunt
1736 4156 1752 4185 ‚
1773 4145 1795 4169 ι
1843 4122 2018 4193 inquit
2053 4124 2290 4195 Papirius

396 4219 455 4271 6.
1971 4218 2038 4271 26
