2855 4871
549 384 677 462 442
1053 377 1449 441 M.·FA1311
1492 365 2129 458 QUINTILIANI

547 504 622 577 in
647 503 1034 602 voluptates
1059 500 1272 574 etiam
1301 521 1370 573 et
1396 500 1746 573 luxuriam
1776 501 2221 591 adhibentur,
2248 501 2487 576 muhis
2508 504 2649 575 ani·

548 620 858 693 malibus
885 617 1188 691 afferunt
1219 637 1519 689 mortem
1550 645 1565 688 :
1600 617 1849 690 similis
1882 618 2057 690 ratio
2082 641 2155 690 et
2174 618 2643 692 remediorum

549 755 670 808 est.
711 736 858 806 Cur
897 732 1110 831 igitur
1141 757 1286 804 non
1329 730 1414 803 sit
1454 731 1855 803 differentia
1886 758 2053 802 cum
2088 758 2402 824 veneno,
2446 733 2641 804 etiam

548 847 922 950 temporis?
956 847 1134 920 nihil
1166 849 1474 937 interest,
1510 848 1681 944 quid
1714 849 1925 920 faciat
1950 849 2184 938 alias¹,
2216 875 2417 920 nunc
2440 875 2645 919 vene-

551 993 729 1038 num
747 986 871 1038 est.
890 963 1272 1055 Quomodo
1287 963 1483 1035 enim
1500 990 1901 1063 comparare
1922 965 2048 1036 ista
2062 965 2481 1064 possumus?
2498 986 2645 1035 aute

549 1081 797 1153 omnia
847 1079 1090 1152 animo
1138 1078 1393 1167 dantis,
1442 1077 1699 1150 deinde
1744 1080 2020 1152 effectu.
2068 1079 2374 1150 Animus
2430 1078 2643 1149 dantis

551 1197 780 1295 qualis
803 1196 1036 1286 fuerit,
1066 1221 1210 1266 non
1241 1194 1743 1293 probavimus²t
1772 1194 2051 1268 interim
2081 1195 2165 1265 de
2200 1195 2467 1266 effectu
2492 1221 2647 1264 con-

551 1331 710 1383 stat:
730 1308 930 1382 vultis
947 1308 1276 1380 aestimare
1289 1307 1320 1379 ?
1333 1307 1509 1380 adeo
1526 1328 1791 1380 certum
1812 1306 1946 1380 fuit
1960 1309 2095 1380 hoc
2112 1334 2473 1380 venenum
2490 1333 2643 1392 esse,

555 1449 630 1500 ut
654 1426 1062 1526 praedictum
1086 1424 1189 1498 sit.
1209 1428 1291 1497 In
1307 1451 1587 1498 summa
1599 1483 1617 1516 ,
1636 1426 1807 1523 quid
1823 1425 1980 1524 plus
1994 1425 2139 1525 pati
2158 1445 2485 1524 potuerat
2500 1425 2645 1496 ado·

549 1544 851 1631 lescens,
885 1543 942 1614 si
974 1569 1328 1614 venenum
1365 1541 1687 1613 bibisset?
1719 1567 2065 1640 ponamus
2100 1567 2181 1613 ex
2216 1541 2435 1614 altera
2470 1560 2644 1641 parte

553 1658 748 1731 illam
780 1656 1178 1756 potionem,
1211 1657 1408 1758 cujus
1442 1677 1513 1728 tu
1550 1681 1815 1728 nomen
1845 1655 2147 1728 subinde
2163 1657 2389 1756 jactas
2424 1683 2439 1726 :
2478 1683 2642 1756 poue

552 1801 636 1846 ex
661 1775 877 1846 altera
909 1775 1268 1872 potionem
1289 1831 1307 1864 ,
1341 1799 1557 1870 quam
1586 1793 1661 1844 tu
1694 1771 1936 1846 dedisti
1967 1800 1981 1843 :
2014 1774 2103 1844 de
2136 1793 2436 1870 utraque
2472 1773 2639 1844 idem

554 1888 811 1960 medici
855 1889 1092 1961 dicent
1126 1917 1142 1960 ε
1189 1888 1246 1961 si
1287 1889 1467 1960 nihil
1505 1889 1785 1974 interest
1820 1887 2099 1976 mortiS,
2149 1888 2331 1959 nihil
2378 1890 2645 1961 interest

553 2004 883 2076 criminis.
920 2006 1086 2076 Haec
1120 2003 1207 2076 ad
1232 2003 1349 2105 jus
1379 2031 1395 2074 ε
1436 2003 1556 2075 sed
1593 2003 1685 2075 ad
1723 2029 1912 2074 ream
1943 2003 2077 2100 legi
2111 2029 2252 2075 suae
2287 2002 2643 2103 applican-

555 2121 762 2210 dam,
800 2145 966 2193 sane
1009 2142 1402 2194 scrutemur
1434 2140 1503 2193 et
1538 2121 1861 2191 animum
1892 2147 1907 2190 ε
1956 2145 2097 2191 non
2141 2119 2338 2208 dico,
2374 2147 2531 2218 qnae
2570 2120 2643 2190 sit

558 2263 714 2336 quae
748 2236 1054 2309 dederit:
1091 2237 1371 2309 interim
1403 2237 1536 2309 hoc
1565 2235 1983 2335 respondeo,
2013 2237 2293 2332 Aquam
2328 2236 2637 2335 frigidm

559 2351 795 2424 dedit:
845 2377 1010 2424 sane
1053 2351 1310 2424 medici
1352 2379 1499 2424 non
1540 2372 1943 2441 vetuerunt,
1985 2378 2127 2422 non
2170 2350 2633 2424 ³timuerunt:

558 2468 720 2541 satis
757 2488 894 2557 est,
941 2495 1087 2541 non
1132 2470 1623 2568 permiserunt.
1656 2472 2035 2542 Personam
2076 2494 2219 2539 non
2250 2494 2501 2558 onero,
2538 2466 2637 2539 de-

561 2582 1083 2656 nunciationem
1112 2581 1478 2655 dissimulo
1508 2610 1522 2654 :
1554 2580 1803 2655 dedisti
1834 2608 2049 2680 aegro,
2077 2580 2269 2678 quod
2296 2602 2494 2680 pater
2514 2608 2637 2653 non

562 2699 881 2773 dedisset.
917 2699 988 2772 Si
1023 2726 1207 2772 unus
1241 2698 1494 2800 aliquis
1529 2724 1607 2770 ex
1635 2697 1925 2770 medicis
1962 2698 2355 2769 nocituram
2388 2716 2635 2769 tantum

562 2814 920 2911 potionem
952 2842 1093 2888 esse
1120 2813 1435 2904 dixisset3
1461 2811 1763 2885 dicerem
1788 2832 2052 2900 tamen,
2078 2814 2389 2883 Fortasse
2413 2808 2637 2883 4m0ri-

641 3015 685 3048 1.
723 2999 826 3067 Qui
845 2998 1056 3070 faciat?
1085 3000 1230 3053 alias.
1271 3000 1375 3069 Qut'
1394 2999 1574 3071 faciat
1650 2998 1817 3051 Gnou.
1856 2997 2107 3051 Nondum
2144 2996 2498 3069 probabimus.
2536 2998 2633 3051 sm.

561 3078 719 3146 alias,
735 3098 874 3132 nunc
889 3099 1140 3133 venenum
1157 3092 1242 3134 est.
1266 3084 1411 3134 prm.
1438 3081 1575 3151 Quid
1723 3078 1774 3131 3.
1804 3078 2001 3131 Medici
2023 3097 2129 3130 non
2154 3088 2455 3142 vetuerunt,
2476 3096 2572 3131 non
2592 3078 2640 3128 ti·

551 3158 728 3229 faciat
746 3156 877 3210 alias
893 3179 908 3208 ε
933 3160 1116 3223 Nunc,
1143 3162 1312 3213 Latin.
1340 3172 1393 3212 et
1409 3162 1573 3211 Fran·
1650 3168 1913 3209 muerunt.
1938 3156 2215 3208 AErodius:
2242 3154 2342 3208 hoc
2362 3166 2635 3217 uetuerunt,

562 3237 692 3289 cius.
724 3238 829 3289 Cur
849 3236 885 3286 ἰ.
912 3255 966 3287 n.
991 3255 1029 3288 s.
1058 3236 1362 3309 differentia
1389 3238 1569 3289 eadem
1652 3239 1750 3291 hoc
1778 3241 2079 3291 timuerunt.
2110 3238 2244 3309 Lege
2269 3260 2281 3289 :
2308 3240 2450 3291 Sane
2476 3236 2636 3289 medici

563 3334 896 3367 venenorum.
943 3316 1124 3367 Etiam
1177 3328 1404 3388 tempore
1452 3316 1571 3387 (vel
1650 3336 1759 3371 non
1784 3320 2063 3384 vetuerint,
2088 3334 2194 3368 non
2216 3318 2517 3369 timuerint:
2538 3315 2637 3366 satis

564 3394 842 3468 temporis)
865 3414 973 3447 non
1003 3394 1141 3448 m'lu'l
1167 3398 1387 3448 interest.
1425 3398 1577 3466 Quod
1651 3408 1748 3466 esc,
1766 3417 1870 3451 non
1881 3400 2241 3470 permiserunt.
2262 3400 2435 3463 Pone,
2450 3398 2531 3448 fac
2546 3414 2633 3446 uon

563 3484 714 3527 sanat
727 3473 884 3539 alias,
905 3492 1047 3527 nunc
1063 3492 1314 3528 venenum
1335 3472 1566 3539 est‚Sch.
1651 3479 1906 3541 vetuisse,
1938 3494 2049 3528 non
2080 3478 2349 3528 timuisse:
2382 3476 2505 3528 satis
2536 3491 2633 3544 pec·

569 3554 736 3625 Quum
757 3555 916 3627 igitur
935 3564 1078 3606 tanta
1097 3555 1161 3607 sit
1177 3554 1304 3627 diff.
1327 3572 1371 3606 c.
1395 3575 1442 3607 v.
1458 3592 1474 3619 ‚
1498 3572 1569 3605 an
1651 3574 1853 3619 nasama,
1879 3554 1922 3606 si
1945 3552 2181 3609 dedisses
2204 3553 2306 3607 illis
2329 3552 2631 3607 inconsultis.

564 3632 721 3685 etiam
749 3631 986 3703 temporis
1008 3651 1060 3684 n.
1087 3632 1124 3684 ἰ.
1147 3651 1252 3707 quo
1278 3632 1390 3705 qm‘s
1413 3634 1470 3685 id
1488 3650 1573 3685 ca·
1648 3634 1817 3687 Grion.
1846 3632 1907 3683 In
1936 3630 2134 3683 AErodii
2160 3630 2393 3685 editione
2424 3644 2525 3695 est,
2556 3630 2633 3679 hoe

561 3712 712 3783 piat?
727 3710 860 3765 alias
877 3730 1016 3764 nune
1036 3730 1291 3765 venenum
1311 3725 1408 3778 est,
1432 3730 1575 3763 nune
1654 3724 1972 3780 metuerunt,
1990 3714 2087 3767 hoc
2100 3714 2401 3766 timuerunt.
2422 3716 2476 3766 In
2492 3728 2627 3779 marg.

567 3806 675 3841 non
699 3799 796 3856 est,
824 3788 1000 3843 AErod.
1654 3812 1758 3845 non
1784 3802 1905 3843 met.
1931 3790 2032 3843 Sed
2052 3810 2158 3843 nott
2180 3794 2492 3845 timuerunt.-
2514 3787 2632 3861 qttod

641 3883 689 3922 2.
723 3872 946 3925 Animus
970 3872 1140 3925 dantis
1171 3870 1344 3945 qualis
1366 3870 1570 3942 fuerit,
1651 3872 1771 3924 satt's
1788 3882 1885 3938 est,
1907 3890 1959 3921 n.
1980 3890 2035 3942 p.
2060 3870 2276 3923 Senum.
2296 3901 2365 3911 —
2380 3872 2623 3923 Personam

569 3963 676 3997 non
695 3951 1041 4020 probavimus.
1070 3952 1276 4003 Priores
1290 3989 1305 4016 ,
1329 3950 1575 4021 probabi·
1654 3968 1760 4003 non
1785 3967 1956 4003 onero.
1978 3950 2103 4002 Non
2124 3968 2308 4021 urgeo,
2328 3946 2465 4022 quod
2478 3948 2539 3997 sit
2552 3960 2623 3993 no-

569 4041 700 4077 mus.
719 4026 928 4081 Scribe:
951 4046 1074 4081 mox
1087 4028 1431 4101 probabimus.
1448 4028 1576 4079 Mox
1654 4046 1824 4081 verca.
1853 4028 2073 4081 Senum.

571 4102 742 4153 euim:
771 4123 892 4157 sane
920 4118 1208 4161 scrutemur
1233 4120 1287 4161 et
1313 4106 1573 4161 animum.
1728 4104 1777 4173 4.
1818 4106 2156 4159 Mor-immun.
2194 4104 2501 4159 Moritur-nm
2533 4112 2615 4149 πο·
