2855 4871
563 442 1408 519 DECLAMATIONES.
1454 444 1926 511 CCCXXXV.
2164 452 2291 542 369

179 567 356 639 scio,
383 564 524 637 Sed
554 591 697 636 non
729 590 1002 662 semper
1023 564 1111 637 ad
1145 563 1469 635 animum
1506 566 1856 664 pertinent
1875 567 2073 669 jura:
2108 573 2295 645 occi·

181 682 358 754 dere
388 682 736 753 adulteros
769 680 876 750 lex
903 679 1276 777 permittit:
1309 706 1438 778 ego
1468 680 1645 753 mihi
1678 683 1776 754 sic
1806 683 2081 774 irascor,
2106 707 2293 759 tam-

179 826 414 896 qnam
443 798 637 869 nefas
664 796 989 885 fecerim3
1023 816 1144 867 aut
1173 796 1228 867 si
1259 797 1432 894 quid
1468 798 1543 868 in
1572 798 1699 869 hac
1728 824 1923 898 parte
1956 782 2295 875 consolari

177 912 444 1001 vultis,
497 913 674 984 mori
719 911 914 1001 volo,
963 912 1152 1008 quod
1197 911 1627 983 adulterum¹
1662 941 1807 985 non
1850 916 2094 987 occidi.
2142 920 2295 989 Hoc

179 1050 474 1102 tantum
525 1054 644 1099 me
695 1028 928 1100 dicere
973 1028 1266 1127 putatiS,
1317 1028 1508 1125 quod
1554 1056 1673 1101 me
1719 1056 1863 1101 uon
1908 1032 2292 1125 vindicavi,

181 1146 390 1243 quod
431 1144 699 1233 nescio,
740 1144 898 1241 quis
936 1143 1187 1233 fuerit3
1229 1165 1298 1216 et
1335 1146 1510 1216 forte
1540 1167 1788 1245 perstet
1817 1147 1929 1219 hic
1964 1174 2292 1239 mecum,

183 1282 256 1335 et
290 1261 486 1361 quod
518 1261 644 1332 has
681 1286 935 1331 manus
965 1260 1288 1349 evaserit,
1324 1260 1724 1358 gratuletur,
1760 1262 1949 1359 quod
1990 1290 2129 1335 non
2172 1290 2295 1336 oc-

181 1379 376 1469 cidi,
405 1378 758 1451 vulneravi
791 1406 804 1448 :
844 1377 934 1473 ita
979 1375 1093 1447 ille
1136 1398 1204 1448 et
1235 1377 1461 1447 salvus
1494 1399 1628 1466 est,
1666 1399 1732 1449 et
1762 1378 2101 1451 beneficio
2136 1407 2295 1453 meo

181 1495 375 1564 vivet
390 1506 442 1563 ².
481 1493 802 1582 Poenitet,
835 1491 1024 1589 quod
1054 1518 1198 1563 non
1227 1492 1316 1562 ab
1339 1492 1657 1564 adultero
1680 1494 1890 1593 coepi3
1924 1495 2103 1567 cirea
2135 1522 2295 1567 uxo-

185 1634 346 1680 rem
373 1629 686 1680 moratus
719 1634 877 1679 sum
896 1663 915 1696 ,
952 1627 1310 1703 tamquam
1349 1607 1469 1677 illa
1492 1608 1653 1705 plus
1684 1608 1959 1681 sceleris
1986 1610 2293 1681 fecisset:

185 1724 483 1795 interim
503 1724 682 1821 fugit
702 1722 820 1793 ille
834 1722 1114 1824 juvenis
1139 1744 1208 1794 et
1223 1723 1439 1793 velox.
1461 1712 1644 1795 Mori
1662 1723 1851 1813 volo,
1879 1725 2071 1820 quod
2098 1724 2299 1797 adul-

183 1862 424 1912 terum
459 1866 603 1911 non
637 1840 960 1911 invenio:
1005 1838 1196 1911 unde
1233 1838 1467 1911 venit?
1508 1839 1661 1937 quis
1700 1838 2077 1911 hominum
2120 1840 2301 1911 fuit?

185 1980 340 2027 non
389 1955 688 2026 inveniri
735 1954 810 2026 in
863 1953 1132 2025 civitate
1179 1952 1544 2024 hominem
1591 1953 2086 2025 vulneratum?
2124 1980 2299 2051 quos

187 2098 324 2169 ego
366 2098 513 2143 non
551 2071 744 2143 domi
783 2068 1094 2141 medicos
1133 2068 1474 2141 adhibui?
1514 2096 1757 2142 omnes
1798 2070 1953 2141 illos
2002 2070 2301 2142 interro-

187 2186 391 2288 gavi:
437 2214 615 2258 num
653 2187 808 2284 quis
849 2186 1068 2257 alius?
1107 2212 1318 2257 nemo
1351 2207 1532 2276 erat,
1576 2186 1706 2256 nisi
1749 2212 1961 2284 quem
2000 2185 2301 2259 latrones

185 2304 775 2377 vulneraverunt:
813 2325 883 2377 et
917 2329 1106 2374 nunc
1141 2302 1256 2374 ille
1289 2296 1402 2373 me
1440 2303 1712 2375 deridet
1750 2302 2155 2401 ubicunque
2180 2361 2199 2394 ,
2234 2324 2305 2376 et

185 2422 482 2494 fortasse
507 2414 660 2522 jam
687 2445 896 2492 sanus
931 2441 1050 2491 est.
1087 2418 1272 2490 Mori
1305 2418 1463 2491 volo
1492 2447 1505 2490 :
1542 2418 1723 2491 satis·
1728 2418 1916 2519 justa
1948 2419 2303 2493 moriendi

189 2567 406 2612 causa
435 2559 615 2626 erat,
651 2538 706 2609 si
741 2538 1091 2610 calamitas
1121 2563 1284 2608 mea·
1308 2537 1646 2608 hactenus
1676 2537 1980 2607 stetisset.
2016 2537 2305 2607 Accedit

189 2653 372 2742 huc,
405 2652 595 2749 quod
624 2650 903 2724 foi-tuna
930 2672 1160 2722 nostra
1193 2647 1386 2721 dedit
1417 2651 1623 2722 malis
1650 2649 2155 2747 suspicionem:
2190 2650 2303 2720 ni·-

189 2767 294 2839 hil
339 2788 442 2838 est
489 2765 620 2838 hoc
669 2765 860 2852 loeo,
903 2765 1042 2853 fili,
1085 2763 1276 2862 quod
1325 2791 1441 2835 me
1484 2762 1813 2860 suspicari
1858 2783 2103 2860 putes;
2152 2789 2301 2835 non

191 2882 550 2954 habebam
580 2907 856 2953 causam
882 2878 1207 2979 parcendi
1237 2877 1452 2950 homo
1481 2877 1859 2976 periturus:
1895 2903 2021 2974 ego
2052 2898 2115 2948 te
2140 2904 2301 2950 vero

193 2997 646 3070 innocentem
671 3017 876 3094 puto;
908 3020 986 3065 ac
1010 2993 1065 3064 si
1095 3019 1238 3064 non
1257 2991 1504 3081 crediS,
1532 2991 1799 3080 curavi,
1826 2989 2102 3062 sanavi:
2130 2991 2303 3063 alio-

191 3113 353 3212 qui,
389 3133 456 3184 te
491 3132 556 3184 et
587 3111 792 3183 hodie
831 3108 1261 3181 occidissem.
1307 3109 1591 3178 Constat
1630 3104 1761 3176 tibi
1806 3104 1836 3150 ³
1862 3105 2297 3177 innocentia:

191 3227 317 3300 sed
351 3252 720 3323 nunquam
757 3244 977 3324 potest
1017 3243 1323 3294 constare
1365 3221 1494 3292 sibi
1536 3224 1761 3292 fama:
1800 3220 1901 3291 vis
1942 3221 2110 3292 scire
2145 3249 2298 3318 quae

191 3343 474 3416 inimici
501 3342 718 3416 nostri
746 3337 1164 3441 loquantur?
1194 3339 1292 3410 ira
1315 3359 1549 3412 actum
1570 3363 1683 3410 me
1704 3337 1781 3408 in
1802 3336 2095 3408 latrones
2122 3336 2298 3408 inci-

273 3551 323 3586 1.
355 3532 507 3603 Quod
531 3529 842 3584 adulterum.
877 3530 1026 3602 Quod
1055 3527 1204 3582 adul-
1283 3531 1384 3600 giis
1427 3527 1603 3580 malim
1644 3529 1717 3580 ita
1764 3527 1939 3596 legere
1957 3563 1975 3592 ,
2014 3524 2301 3597 loquantur

195 3627 404 3670 lemma.
432 3633 480 3665 o.
509 3613 688 3666 AErod.
1287 3612 1408 3662 irati
1422 3631 1439 3659 .-
1464 3629 1549 3660 me
1568 3611 1623 3661 in
1646 3610 1869 3662 latrones
1888 3606 2145 3668 incidisse,
2168 3604 2297 3656 solet

271 3711 320 3748 ².
355 3693 480 3744 Meo
517 3693 668 3744 vivet.
699 3693 822 3742 Meo
856 3689 1011 3752 vivit,
1043 3689 1207 3739 Fran·
1271 3688 1432 3764 fieri.-
1466 3709 1723 3742 summum
1762 3701 1833 3742 est
1870 3707 2119 3760 sequens,
2156 3685 2293 3752 seio,

193 3777 328 3828 cius.
348 3805 424 3816 —
441 3775 652 3826 Deridet
665 3771 978 3842 ubicunque.
997 3769 1210 3821 Deridet
1285 3771 1373 3822 sed
1401 3787 1583 3835 nemo,
1616 3785 1715 3821 ete.
1742 3772 2014 3821 Pit-noem.
2048 3763 2291 3816 AErodius

195 3856 498 3926 ubicunque
533 3863 636 3918 est,
679 3849 856 3903 AErod·
893 3878 966 3888 -·
994 3847 1208 3900 Accedit
1285 3849 1352 3902 de
1395 3851 1651 3901 sententia
1697 3849 1925 3900 Brissoui
1960 3869 1973 3896 =
2024 3845 2300 3896 Min-anmi*

194 3939 310 3987 huc.
331 3935 548 3986 Accedit
568 3933 690 3996 hoc,
719 3930 894 3984 AErod.
1287 3949 1369 3980 me
1407 3929 1461 3978 in
1502 3928 1737 3980 latrones.
1780 3929 1909 3992 Quae
1948 3927 2063 3996 ipsa
2103 3923 2295 3974 veritas

272 4018 324 4068 3.
357 4019 572 4070 Constat
603 4015 694 4066 tibi
727 4013 1040 4066 innocentia.
1071 4011 1206 4075 Sibi,
1288 4021 1395 4060 est:
1421 4025 1521 4059 nec
1544 4007 1726 4058 debuit
1750 4004 1981 4055 Pithoeus
1999 4000 2143 4052 alind
2164 3998 2295 4070 quid

193 4099 470 4159 Latinium
511 4109 564 4147 et
601 4098 674 4146 ita
707 4093 885 4146 AErod.
922 4093 1101 4144 edidit.
1139 4121 1212 4133 -
1290 4105 1537 4157 quaerere.
1560 4083 1721 4150 Quod
1747 4081 1937 4132 deinde
1966 4081 2191 4150 graviter
2221 4079 2297 4130 af·

193 4177 288 4229 Ire
303 4187 464 4230 actus.
485 4176 570 4228 Sic
591 4187 696 4226 vet.
719 4171 850 4227 cod.
875 4175 1027 4242 cujus
1051 4172 1211 4224 vesti-
1287 4170 1487 4222 fectum
1508 4179 1602 4218 est.
1624 4162 1899 4217 AErodius:
1923 4181 2179 4216 summum
2200 4163 2296 4212 m'ae

413 4263 467 4316 ε.
1941 4249 2007 4316 24
