2855 4871
624 429 750 508 412
1125 429 1219 493 M.
1266 427 1519 494 mnu
1564 422 2213 510 Qum'rrmmr

623 547 984 621 demisset:
1035 550 1107 621 id
1158 549 1421 649 elegisti
1472 548 1846 622 discrimen
1898 549 2082 622 inter
2128 551 2305 624 duos
2355 553 2653 651 petitores
2673 611 2689 642 ,

623 662 810 758 quod
842 663 1112 736 facilius
1137 684 1361 764 posset
1388 683 1702 762 praestare
1734 663 1963 737 dives:
1996 664 2329 765 deceptus
2356 693 2429 739 es
2452 667 2523 738 in
2546 667 2688 756 hoc;

623 794 786 876 ego¹
830 779 1131 870 redemi,
1173 806 1299 879 ego
1341 780 1605 852 reduxi.
1647 779 1823 870 Quo
1854 780 1994 852 alio
2038 782 2251 854 modo
2292 784 2563 856 efficere
2592 813 2693 884 po-

620 893 846 984 tuisti,
873 921 960 966 ne
996 894 1169 966 mihi
1203 895 1532 984 nuberet,
1569 893 1701 966 nisi
1730 892 1911 966 hoc?
1942 895 2119 966 Dico
2150 921 2309 996 ergo
2340 919 2460 968 tua
2480 899 2691 970 volun·
2805 923 2806 956 z

619 1028 757 1082 tate
803 1011 1066 1082 factum
1118 1037 1263 1082 esse
1286 1068 1307 1102 ,
1353 1032 1437 1082 ut
1486 1010 1629 1082 filia
1678 1030 1801 1081 tua
1853 1030 2240 1109 raperetur:
2282 1011 2419 1084 hoc
2465 1013 2690 1110 quibus

509 1219 514 1226 .
621 1124 911 1224 colligo?
935 1125 1162 1225 rapuit
1185 1152 1338 1197 eam
1354 1181 1371 1212 ,
1399 1125 1524 1222 qui
1550 1151 1695 1196 non
1725 1125 2025 1196 amabat.
2051 1125 2335 1197 Petierit
2354 1153 2549 1217 sane,
2572 1153 2689 1196 non

619 1242 954 1315 redemit:
994 1243 1125 1315 sub
1163 1242 1561 1315 conditione
1591 1242 1723 1314 hac
1758 1269 1906 1314 non
1940 1242 2253 1314 redemit.
2281 1245 2429 1316 Cur
2462 1243 2691 1314 diutius

617 1358 889 1430 moror?
919 1358 1095 1430 mihi
1121 1357 1352 1430 cessit:
1380 1385 1527 1430 non
1554 1378 1651 1430 est
1680 1383 1872 1456 ergo,
1899 1356 2087 1457 quod
2119 1357 2318 1429 illum
2342 1358 2691 1458 cupiditate

618 1472 1004 1571 impulsum
1037 1493 1276 1573 putes;
1305 1501 1539 1547 carere
1571 1473 1692 1547 illa
1719 1493 2016 1574 poterat:
2051 1472 2302 1573 adjicio
2336 1501 2485 1546 non
2513 1474 2692 1544 fuisse

619 1585 826 1660 illum
869 1610 1268 1689 rapturum,
1312 1589 1451 1660 nisi
1484 1615 1828 1661 securum.
1863 1586 2060 1661 Nihil
2092 1588 2341 1685 loquor
2378 1589 2467 1661 de
2508 1589 2695 1688 patria

619 1703 1008 1794 severitate,
1059 1703 1238 1775 nihil
1281 1703 1366 1776 de
1408 1703 1601 1803 lege,
1646 1730 1799 1803 quoe
1842 1731 1967 1803 pro
2010 1703 2337 1802 pudicitia
2376 1705 2691 1790 minatur,

619 1843 771 1916 quae
799 1839 1094 1891 mortem
1130 1818 1531 1891 denunciat.
1564 1818 1690 1891 Ille
1716 1819 2051 1917 rapuisset
2073 1818 2383 1917 puellam
2419 1819 2539 1891 alii
2574 1820 2693 1891 des·

618 1933 947 2027 tinatam‚
975 1935 1093 2008 alii
1115 1957 1386 2037 pactam
1403 1991 1422 2026 ,
1454 1934 1588 2007 nisi
1616 1933 1877 2007 fiducia
1899 1935 2044 2006 tui?
2068 1962 2213 2007 non
2243 1957 2343 2008 est
2366 1937 2692 2008 credibile.

619 2049 752 2121 Sed
779 2077 865 2122 ne
895 2051 1072 2151 illud
1107 2052 1396 2151 quidem
1425 2049 1758 2122 credibile
1787 2069 1925 2140 est,
1956 2050 2175 2122 filiam
2204 2051 2487 2150 nuptias
2518 2073 2695 2150 opta-

617 2187 848 2238 turam
888 2167 1137 2258 fuisse,
1175 2168 1306 2240 nisi
1338 2187 1404 2239 te
1436 2166 1751 2256 volente;
1789 2167 2136 2267 primum,
2172 2169 2362 2267 quod
2406 2168 2484 2240 in
2524 2167 2695 2240 nulla

616 2279 885 2379 virgine
931 2302 1204 2362 tantum
1251 2281 1600 2372 audaciae,
1648 2303 1923 2354 tantum
1974 2281 2411 2356 confidentia:
2456 2304 2589 2374 est,
2635 2303 2697 2353 ut

618 2397 804 2497 apud
837 2399 1316 2499 magistratum
1339 2458 1358 2491 ,
1390 2420 1460 2473 et
1495 2400 1581 2473 de
1621 2425 1693 2472 re
1732 2425 2014 2473 summa
2049 2398 2301 2473 audeat
2342 2420 2578 2501 optare
2608 2399 2697 2471 in-

615 2514 928 2587 consulto
959 2536 1190 2615 patre:
1229 2537 1298 2588 et
1333 2516 1455 2587 illa
1496 2516 1737 2614 utique
1771 2543 1919 2589 non
1950 2517 2255 2605 fecisset3
2292 2538 2360 2589 et
2386 2542 2695 2589 noveram

616 2630 964 2727 puellam,
1005 2652 1072 2703 et
1113 2632 1401 2731 propius
1441 2632 1513 2703 in
1558 2632 1803 2705 itinere
1848 2631 2165 2731 cognovi.
2210 2630 2500 2733 Adjice,
2528 2630 2695 2730 quod

615 2772 984 2846 nunquam
1015 2770 1157 2820 tam
1187 2749 1455 2847 ingrata
1473 2748 1714 2821 fuisset
1736 2748 2009 2848 puella,
2035 2768 2114 2820 ut
2144 2748 2428 2847 nuptias
2455 2766 2699 2847 optaret

615 2859 802 2960 ejuS,
839 2891 882 2935 a
922 2891 1062 2963 quo
1105 2890 1252 2935 non
1295 2883 1445 2935 erat
1488 2862 1888 2961 redempta;
1931 2862 2352 2960 relinqueret
2380 2864 2565 2964 ejus,
2600 2860 2695 2933 cui

615 2970 912 3047 debebat
932 2977 1352 3070 libertatem,
1377 2978 1493 3050 cui
1516 2978 1834 3051 salutem.
1858 2980 2012 3051 Hoc
2039 2978 2226 3067 dico,
2254 2998 2499 3076 praeter
2514 2976 2695 3048 illum

615 3085 888 3187 injuriae
931 3090 1243 3163 dolorem
1267 3150 1286 3183 ,
1330 3120 1556 3191 quum
1600 3091 1673 3164 id
1712 3118 2033 3193 perpessa
2074 3113 2248 3165 esset
2290 3093 2369 3163 in
2410 3091 2697 3179 civitate,

615 3206 804 3302 quod
839 3232 982 3277 non
1017 3207 1195 3279 inter
1221 3207 1559 3299 latroneS,
1593 3235 1735 3281 non
1770 3208 1949 3281 inter
1980 3209 2307 3281 barbaros
2339 3207 2532 3281 illos:
2570 3232 2697 3277 non

615 3341 746 3412 est,
781 3342 858 3393 ut
890 3320 1064 3412 dixi,
1101 3324 1471 3415 credibile,
1513 3344 1593 3397 ut
1629 3343 1751 3395 aut
1788 3323 2094 3421 rapuerit
2129 3322 2247 3395 ille
2280 3323 2431 3395 sine
2464 3320 2697 3393 fiducia

613 3449 801 3526 tua2,
833 3437 956 3535 qui
985 3465 1127 3509 non
1159 3439 1475 3529 amabat,
1506 3439 1629 3539 qui
1656 3438 2049 3539 plurimum
2077 3438 2323 3510 timere
2353 3439 2696 3523 debuerat;

613 3570 734 3623 aut
761 3552 906 3625 haec
930 3556 1260 3654 optaverit
1287 3556 1437 3627 sine
1463 3554 1863 3627 auctoritate
1892 3575 2045 3643 tua,
2081 3575 2147 3626 et
2174 3554 2441 3653 puella,
2470 3573 2533 3625 et
2556 3578 2695 3623 con·

609 3688 714 3742 tra
755 3696 918 3742 eum
944 3730 961 3757 ‚
993 3672 1116 3771 qui
1159 3671 1245 3744 de
1287 3672 1404 3744 illa
1447 3672 1709 3772 optime
1750 3671 2184 3762 merebatur,
2224 3692 2291 3742 et
2332 3698 2456 3770 pro
2498 3697 2621 3757 eo,
2664 3694 2697 3736 a

611 3810 752 3881 quo
772 3805 840 3858 et
854 3806 1251 3884 contempta
1270 3808 1437 3878 erat,
1456 3809 1521 3859 et
1538 3808 1747 3886 rapta.
1768 3786 2103 3863 Existimo
2120 3786 2445 3857 animum
2468 3782 2695 3855 ³tuum

691 3934 708 3969 ι
723 3958 734 3969 .
755 3920 1010 3991 Deceptus
1026 3938 1076 3973 es
1093 3921 1148 3971 in
1172 3920 1298 3983 hoc‚·
1315 3940 1455 3994 erqo.
1478 3923 1621 3973 AEro-
1700 3922 1865 3975 Giton.
1892 3922 1968 3971 Ita
1994 3934 2044 3971 et
2064 3918 2360 3989 Schulting.
2382 3933 2434 3971 et
2450 3914 2693 3971 Obrecht.

612 3992 761 4049 dius:
797 3998 1054 4070 Deceptus
1074 4016 1124 4050 es
1140 4037 1157 4064 ,
1179 4018 1242 4049 ac
1265 4018 1358 4071 ⁶9⁰
1380 4020 1395 4049 .·
1430 4000 1621 4051 redemi
1775 4020 1821 4053 α.
1848 4001 2099 4071 Rapuerit
2124 3998 2219 4051 ille
2244 4000 2353 4053 sine
2364 3996 2569 4071 fiducia
2596 4007 2693 4045 rua.

613 4090 735 4144 eyn,
753 4075 952 4128 reduxi.
969 4076 1320 4129 scribendum
1337 4100 1350 4128 :
1367 4079 1623 4150 Deceptus
1702 4082 1868 4151 Lege,
1890 4082 1969 4133 tui
1982 4118 1999 4146 ,
2025 4094 2088 4132 ut
2108 4080 2294 4152 paullo
2320 4092 2455 4133 ante.
2478 4079 2643 4131 Gnou.

611 4166 662 4201 es
689 4152 744 4202 in
771 4153 898 4205 hoc.-
929 4174 1022 4231 eqo
1053 4156 1276 4223 redemi,
1305 4174 1400 4230 eqo
1425 4158 1617 4211 reduxi.
1774 4160 1825 4213 3.
1855 4160 2107 4213 Existimo
2129 4160 2370 4212 animum
2391 4153 2697 4227 tuumfuisoe
