2855 4871
614 420 1453 493 DECLAMATIONES.
1500 418 1810 507 ccmv.
2177 422 2260 503 43

186 574 513 619 remanere
539 550 874 641 potuisse:
906 570 990 617 an
1017 546 1433 637 rogationem
1472 542 1644 633 ferre
1680 557 1981 633 oporteat
2014 539 2100 610 ad
2128 543 2259 614 sin·

188 658 356 749 gulos
381 658 834 750 pertinentem
847 702 864 733 ‚
882 676 968 718 an
987 668 1216 717 contra
1234 650 1479 739 legem:
1501 672 1585 737 an
1602 648 1745 739 haec
1758 650 2010 739 rogatio
2030 666 2259 737 contra

188 766 379 856 legem
403 766 524 847 sit,
558 788 644 831 an
675 762 994 829 meruerit
1023 760 1134 825 ille
1164 780 1530 827 remanere.

868 953 1559 1019 DECLAMATIO.

271 1106 339 1179 Si
361 1126 482 1181 aut
497 1106 740 1179 minus
753 1105 1186 1177 verecundus
1207 1122 1379 1177 esset
1396 1102 1477 1195 is,
1494 1130 1709 1203 quem
1728 1104 2089 1207 rogatione
2104 1132 2261 1181 mea

189 1221 460 1295 retinere
496 1224 572 1293 in
601 1222 868 1297 civitate
892 1220 1255 1310 constitui,
1285 1239 1409 1291 aut
1423 1219 1696 1321 judicia
1725 1222 1994 1296 felicius
2026 1249 2265 1322 exper-

193 1358 318 1427 tus;
349 1339 533 1411 nihil
562 1336 936 1429 concione,
973 1334 1153 1408 nihil
1185 1335 1568 1436 conscripto
1604 1364 1795 1431 meo,
1833 1338 2015 1412 nihil
2062 1322 2263 1414 deniss

188 1481 308 1555 que
351 1481 562 1553 opera
603 1454 982 1553 rogationis
1021 1479 1196 1555 opus
1244 1472 1418 1525 esset
1452 1481 1467 1524 :
1521 1453 1749 1553 prima
1782 1456 1996 1556 igitur
2032 1484 2261 1553 carere

187 1571 300 1646 hac
338 1572 602 1650 invidia
639 1571 746 1643 vel
787 1556 1240 1679 propterlioc
1274 1596 1598 1671 possum,
1641 1571 1952 1663 Quirites
1989 1600 2003 1643 :
2050 1598 2261 1670 nejano

189 1687 360 1763 enirn
398 1687 767 1764 crediderit
803 1714 918 1766 me
952 1707 1268 1794 rogatum
1306 1688 1394 1762 ab
1429 1714 1511 1759 eo
1548 1686 1636 1759 ad
1674 1715 1791 1763 vos
1823 1688 2259 1787 processisse,

189 1803 290 1901 qui
318 1801 500 1903 ipse,
527 1823 608 1877 ut
635 1824 994 1900 remaneat
1013 1860 1032 1895 ,
1069 1829 1213 1875 non
1240 1802 1537 1881 laborat:
1564 1830 1807 1877 verum
1832 1804 1948 1877 ille
1970 1804 2257 1903 quidem
2361 1864 2370 1873 .

189 1918 450 2007 multas,
483 1940 696 2018 atque
723 1920 990 1993 utinam
1030 1920 1268 1993 minus
1307 1940 1655 2020 potentes,
1689 1921 1901 2023 hujus
1930 1919 2258 2019 propositi
2313 1970 2323 1976 -

189 2032 276 2104 sui
303 2058 540 2106 causas
575 2034 864 2108 haheat:
896 2061 1022 2134 ego
1048 2055 1289 2135 praeter
1319 2055 1591 2127 caetera,
1620 2054 1905 2136 propter
1934 2032 2063 2109 hoc
2092 2060 2261 2133 quo-

190 2176 302 2245 que
327 2177 492 2225 eum
521 2150 842 2223 existimo
875 2176 1020 2231 esse
1056 2151 1533 2245 retinendum,
1578 2152 1769 2251 quod
1802 2145 2260 2226 manifestum

187 2264 364 2355 fecit,
401 2265 494 2339 ad
524 2266 870 2338 indicium
905 2266 1238 2365 tyranidis
1267 2268 1594 2341 affectatae
1622 2267 1922 2359 venisse,
1962 2293 2103 2341 uon
2146 2292 2263 2338 re·-

81 2447 88 2455 .
187 2382 502 2458 manendi
555 2384 962 2485 cupiditate.
1038 2384 1253 2479 Quod
1313 2384 1447 2458 nisi
1502 2386 2044 2462 vetustissimum
2093 2386 2215 2488 jus
2239 2443 2259 2478 ,
2340 2469 2349 2476 ,

187 2497 512 2590 QuiriteS,
557 2527 712 2594 eoS,
748 2500 871 2602 qui
911 2520 1167 2574 secreta
1194 2499 1282 2571 ad
1311 2501 1819 2601 rempublicam
1840 2499 2263 2600 pertinentia

185 2610 622 2710 indicassent,
658 2643 1018 2689 remanere
1045 2616 1122 2688 in
1153 2615 1420 2690 civitate
1445 2617 1796 2720 jussisset;
1838 2615 2125 2688 forsitan
2161 2612 2261 2685 di„

186 2729 474 2800 cendum
507 2729 687 2802 mihi
731 2729 1116 2802 necessario
1154 2728 1660 2824 existimarem,
1708 2756 1847 2828 qua
1886 2727 2104 2826 gratia
2144 2726 2261 2798 hic

181 2871 472 2944 pressuS,
512 2846 768 2944 quibus
794 2845 1181 2925 inimicitiis
1212 2847 1285 2928 in
1321 2845 1641 2933 exsilium
1678 2867 1851 2923 esset
1880 2845 2093 2918 actus.
2125 2843 2262 2923 Sed

183 2962 338 3058 quid
370 2990 645 3036 necesse
681 2984 781 3038 est
804 2983 1112 3066 repetere
1143 2963 1323 3053 haec,
1363 2989 1515 3062 quae
1543 2961 1839 3034 videtis?
1864 2982 1933 3034 et
1955 2961 2142 3061 quod
2171 2960 2259 3034 ad

182 3077 486 3156 animum
517 3078 808 3178 quidem
837 3077 1024 3150 illius
1054 3079 1391 3180 pertinet,
1426 3077 1583 3150 satis
1604 3077 1799 3151 vobis
1826 3097 1963 3169 est,
1996 3099 2073 3149 ut
2098 3078 2261 3151 exis-

182 3191 356 3282 timo,
373 3194 932 3294 probatus3quod
953 3221 1387 3295 quamquam
1405 3194 1808 3285 damnatus,
1822 3221 2257 3293 quamquam

181 3303 246 3376 in
282 3308 600 3380 exsilium
622 3330 846 3402 actuS,
875 3309 1272 3410 reipublicae
1302 3331 1535 3382 tamen
1584 3337 1727 3382 non
1769 3310 1996 3409 potuit
2031 3309 2255 3381 irasci.

179 3420 510 3497 Indicium
549 3425 896 3524 professus
929 3447 1066 3498 est:
1101 3425 1487 3506 viderimus
1514 3447 1607 3498 an
1646 3452 1933 3498 verum:
1974 3424 2257 3498 interim

177 3553 396 3610 tamen
439 3540 617 3612 nihil
666 3567 827 3612 eum
865 3541 1140 3616 finxisse
1185 3541 1640 3616 manifestum
1684 3561 1821 3636 est,
1870 3539 2059 3641 quod
2094 3568 2257 3640 per-

181 3653 436 3726 suaderi
469 3675 614 3728 tam
648 3655 888 3730 multis
930 3657 1172 3756 utique
1205 3657 1529 3756 potuerit.
1566 3659 1867 3732 Causam
1908 3684 2047 3757 qua
2091 3683 2259 3730 con-

182 3761 428 3840 ditione
498 3768 746 3842 dixerit
798 3771 1221 3862 damnatus,
1280 3772 1513 3861 exsul,
1572 3793 1811 3844 contra
1854 3793 2253 3874 potentem,

179 3902 398 3956 contra
428 3885 808 3982 gratiosum
827 3945 846 3976 ,
877 3887 1050 3985 quid
1079 3913 1352 3966 necesse
1381 3909 1486 3962 est
1518 3887 1640 3962 diu
1674 3887 1941 3980 dicere,
1972 3884 2255 3987 quando

175 3994 226 4066 is
247 4000 461 4072 exitus
481 4001 730 4102 judicii
759 4004 930 4102 fuit,
960 4025 1038 4076 ut
1063 4031 1208 4076 non
1239 4003 1471 4105 plures
1502 4006 1853 4079 sententiae
1883 4031 2007 4104 pro
2032 4003 2258 4075 adven.

177 4115 339 4190 sario
371 4117 676 4192 fuerint?
707 4147 853 4194 non
888 4121 1077 4204 enim
1113 4148 1316 4200 causa
1347 4121 1568 4200 victus
1601 4143 1729 4210 est,
1768 4119 1889 4206 sed
1934 4118 2211 4220 legibus
2232 4177 2251 4212 ‚
