2855 4871
575 410 1410 479 DECLAMATIONES.
1458 412 1922 478 CCLXXIII.
2164 422 2284 503 1'29

1050 614 1412 681 SERMO.

292 776 444 841 Haec
467 773 554 839 de
569 773 724 864 jure
743 796 795 839 1:
827 774 936 840 illa
951 774 1092 865 jam
1117 773 1202 839 de
1231 742 1841 865 circumscriptione
1866 776 2065 868 hujus
2090 800 2284 866 spon-

213 904 380 947 sons.

878 1023 1584 1091 DECLAMATIO.

291 1184 432 1283 Ego
461 1181 729 1254 fortiter
753 1182 1130 1281 spopondi,
1162 1181 1308 1253 sine
1335 1181 1677 1280 periculo,
1712 1208 1834 1281 pro
1855 1208 1937 1255 eo
1957 1182 2279 1273 homine,

205 1299 312 1399 qui
343 1301 531 1372 bona
567 1298 872 1371 habebat
904 1326 917 1370 :
965 1319 1039 1370 tu
1074 1324 1442 1399 quousque
1476 1297 1826 1370 avaritiam
1865 1299 2283 1398 perduxisti?

205 1418 442 1489 Parum
456 1438 557 1489 est
567 1418 896 1488 foenerare
913 1414 1212 1487 civibus?
1229 1414 1373 1487 sine
1383 1399 1622 1513 aliqua
1636 1435 1753 1488 tua
1763 1415 2006 1487 fraude
2016 1418 2277 1489 factum

199 1531 558 1622 videbitur,
591 1552 668 1603 ut
702 1532 822 1631 qui
859 1532 1088 1603 aliena
1117 1531 1417 1631 pecunia
1447 1530 1790 1622 utebatur,
1832 1531 2171 1604 incideret
2204 1533 2277 1604 in

201 1646 316 1717 hoc
345 1647 797 1746 potissimum
824 1645 1288 1719 adulterium?
1315 1646 1447 1718 Sed
1480 1646 1797 1719 inciderit
1818 1674 2016 1719 sane:
2048 1674 2276 1744 neque

200 1762 372 1833 enim
423 1759 606 1833 mihi
650 1788 856 1834 causa
906 1789 1032 1860 pro
1080 1762 1224 1833 ullo
1277 1762 1483 1834 hodie
1532 1762 1833 1834 dicenda
1879 1784 1977 1835 est
2017 1790 2031 1833 ε
2082 1761 2274 1859 quod

199 1878 564 1976 protulisti,
597 1878 856 1968 habes3
893 1900 959 1951 et
994 1878 1152 1978 plus
1189 1906 1402 1978 quam
1437 1877 1817 1977 protulisti,
1862 1878 2072 1951 habes
2106 1906 2120 1949 :
2176 1900 2275 1950 est

199 1994 366 2093 quod
405 1996 478 2066 in
523 1995 824 2069 rationes
858 2016 1043 2082 tuas,
1087 2014 1447 2093 tamquam
1485 1995 1799 2083 creditor,
1834 1995 2080 2067 referas
2113 2023 2127 2064 ε
2176 2016 2274 2066 est

196 2110 364 2208 quod
397 2110 472 2181 in
508 2108 827 2201 lucrum,
862 2129 1220 2207 tamquam
1259 2108 1581 2199 maritus»,
1618 2110 1886 2181 referas.

1207 2390 1785 2412 mmmm
1798 2386 2269 2413 mmmm

923 2604 1505 2736 CCLJKXIV.

814 2840 1173 2938 Tyrannus
1185 2835 1625 2935 fulminatus.

183 3043 309 3121 Qto
337 3065 476 3118 oms
509 3063 667 3105 Loco
701 3063 980 3104 rmum:
1015 3063 1186 3102 torus
1225 3059 1473 3114 tumr-r,
1506 3059 1711 3099 nomm
1736 3057 2129 3098 strum-run.
2153 3039 2273 3120 Ty-

247 3163 434 3205 unm
481 3163 719 3204 conpos
767 3159 960 3202 rix-rm
1005 3161 1178 3200 rmns
1221 3153 1603 3200 Anum-run.
1638 3139 1969 3219 Tyrannus
2015 3137 2083 3196 in
2130 3135 2271 3197 foro

247 3240 616 3304 fulminatus
639 3251 758 3300 est:
789 3238 1108 3320 quaeritur‚
1134 3259 1214 3298 an
1239 3237 1459 3298 eodem
1482 3236 1621 3296 loco
1644 3234 1989 3318 sepeliatur.

1035 3444 1396 3510 SERMO.

253 3605 322 3667 In
347 3604 582 3693 legum
609 3604 1102 3694 comparatione
1132 3603 1341 3668 multa
1367 3605 1569 3691 quaeri
1602 3615 1913 3690 possunt,
1942 3598 2061 3666 sed
2085 3598 2266 3664 varie

175 3708 234 3774 in
267 3735 534 3804 quaque
579 3711 1050 3778 controversia.
1096 3711 1366 3775 Interim
1407 3710 1615 3800 quaeri
1654 3709 1855 3786 solet,
1894 3729 1979 3770 an
2012 3707 2269 3793 privata

173 3819 356 3886 altera
373 3871 390 3902 ,
416 3823 634 3886 altera
661 3821 926 3908 publiea
953 3821 1068 3900 sit3
1101 3836 1168 3884 et
1203 3839 1424 3886 utrum
1462 3818 1761 3883 militaris
1786 3817 1989 3882 altera
2011 3865 2028 3896 ‚
2072 3815 2279 3878 altera

170 3929 496 4014 pertinens
538 3926 628 3993 ad
666 3927 880 3993 civilia
917 3926 1156 3992 officia.
1197 3928 1323 3992 Hic
1361 3927 1585 3992 omnia
1626 3926 1767 3989 fere
1810 3941 2047 3988 caetera
2090 3917 2281 4009 paria

238 4139 280 4174 ¹·
323 4125 453 4182 Hoec
483 4125 703 4198 dejure.
730 4123 976 4180 AErodius
1009 4138 1276 4196 tamquam
1306 4137 1481 4179 essent
1506 4119 1943 4184 Declamationis,
1979 4115 2272 4169 continuat.

391 4215 446 4267 6.
2008 4228 2042 4280 9
