2855 4871
519 435 1358 502 DECLAMATIONES.
1405 436 1804 503 CCCLXV.
2081 444 2205 522 465

98 561 310 650 licet,
341 585 468 630 cur
503 559 629 632 hos
671 579 801 630 tres
840 557 1156 656 separas?
1187 559 1571 648 Quomodo
1608 561 1801 632 enim
1837 560 1909 633 hi
1947 564 2038 635 ab
2074 565 2211 636 illis

101 698 417 774 quatuor
450 675 878 774 discrepant,
909 675 1009 747 sic
1043 672 1145 745 illi
1175 675 1451 747 interse
1481 697 1838 776 puguant:
1872 705 2035 777 ergo
2065 708 2212 753 non

106 792 308 864 idem
353 790 729 863 sentientes
778 816 923 862 non
968 809 1160 889 potes
1196 791 1545 891 jungere:
1599 790 1789 865 idem
1834 794 2213 870 sentientes

107 934 468 1009 compara.
507 910 694 1006 Ego,
731 905 852 1006 qui
887 925 1184 978 mortem
1221 907 1725 1006 pronuncient,
1766 930 1900 982 tres
1944 910 2211 986 habeo:

105 1023 386 1125 produc
415 1023 607 1110 illos,
643 1021 763 1119 qui
794 1021 1106 1094 exsilium
1139 1022 1643 1120 pronunciant3
1673 1024 1912 1115 vinco;
1948 1029 2215 1125 produc

109 1141 242 1240 qui
288 1139 796 1239 ignominiam;
846 1163 1038 1238 aeque
1073 1138 1313 1211 vinco:
1357 1138 1669 1213 dubitari
1718 1163 1939 1241 potest
1976 1145 2219 1218 valen-

113 1255 368 1326 tiorem
401 1280 547 1326 esse
573 1273 882 1352 partem,
919 1278 1074 1350 quae
1108 1253 1493 1352 composita
1525 1256 1759 1326 neutri
1788 1261 2218 1350 succumbit,

117 1390 493 1467 utramque
535 1366 852 1468 superat?
884 1366 1082 1457 Quid
1125 1367 1182 1438 si
1227 1367 1422 1439 enim
1459 1391 1759 1467 quatuor
1799 1371 1901 1444 illi
1947 1347 2019 1445 in
2055 1376 2223 1448 toti-

117 1485 292 1557 dem
333 1483 762 1582 disputarent
797 1480 1254 1570 sententias¹;
1301 1483 1659 1582 numquid
1708 1486 1866 1557 illos
1912 1515 2038 1586 pro
2079 1517 2225 1561 una

121 1621 317 1702 parte
363 1597 796 1700 opponeres?
839 1600 1067 1670 Nemo
1115 1598 1265 1669 sine
1314 1598 1531 1672 dubio
1579 1625 1743 1672 cum
1784 1603 2003 1676 tribus
2050 1607 2225 1678 meis

119 1734 370 1803 staret,
419 1712 540 1785 sed
587 1739 799 1784 nemo
845 1711 1039 1784 alteri
1084 1731 1256 1784 esset
1298 1712 1720 1812 adjunctus:
1757 1720 2110 1816 numquid
2145 1747 2227 1792 ex

125 1850 427 1928 quatuor
457 1827 808 1900 sententiis
844 1853 1071 1898 unum
1107 1853 1356 1929 corpus
1385 1829 1739 1903 efficeres?
1780 1834 2101 1907 minime.
2138 1842 2229 1907 At

125 1943 304 2044 quid
323 1944 636 2033 interest,
662 1942 812 2015 bini
837 1968 927 2013 an
958 1941 1219 2040 singuli
1257 1943 1708 2018 dissentiant?
1740 1972 1935 2046 aeque
1968 1975 2227 2022 nume-

128 2058 260 2130 rari
310 2084 466 2157 pars
509 2083 652 2129 non
697 2077 952 2157 potest,
1001 2057 1056 2128 si
1103 2056 1174 2127 in
1223 2079 1443 2157 partes
1468 2059 1855 2133 scinditur?
1895 2063 2137 2154 Quid?
2168 2065 2224 2135 si

129 2177 274 2248 duo
328 2174 791 2273 ignominiam
841 2173 1420 2273 pronunciarent,
1476 2175 1616 2250 duo
1668 2177 2032 2269 exsilium,
2084 2180 2227 2252 duo

131 2310 430 2362 mortem
450 2343 468 2376 ,
506 2314 722 2377 unus,
753 2307 831 2358 ut
859 2288 1275 2388 plerumque
1303 2291 1564 2381 evenit,
1604 2293 1891 2365 taceret?
1922 2293 2071 2366 sine
2102 2293 2234 2366 du-

133 2405 250 2477 bio
285 2427 482 2503 pares
517 2422 742 2475 essent
772 2402 1150 2475 sententiae.
1185 2401 1259 2475 Si
1289 2429 1451 2503 ergo
1487 2403 1788 2479 detracto
1816 2433 1999 2499 uno,
2033 2437 2231 2509 pares

135 2541 396 2609 essent,
431 2518 730 2619 adjecto,
765 2544 909 2591 non
939 2539 1103 2590 sunt
1129 2519 1557 2617 superiores?
1582 2525 1672 2593 At
1700 2523 1921 2612 enim,
1954 2545 2035 2596 ut
2062 2525 2232 2596 scias

135 2664 280 2709 non
323 2636 568 2734 utique
617 2635 790 2707 duas
837 2656 1055 2736 partes
1095 2634 1325 2733 legem
1359 2637 1665 2733 exigere,
1696 2637 1901 2710 verba
1934 2638 2227 2738 inspice,

133 2772 344 2840 QUOD
381 2769 812 2839 STATUEMT,
851 2748 1116 2847 inquit,
1149 2774 1291 2820 non
1329 2770 1566 2820 utrum
1604 2752 1973 2823 statuerit².
2008 2753 2236 2825 Deni-

138 2893 314 2966 que,
351 2865 659 2967 judices,
705 2864 998 2937 breviter
1029 2862 1386 2963 agendum
1434 2885 1576 2937 est:
1627 2890 1781 2937 reus
1824 2866 2232 2958 damnatuS,

140 3010 356 3084 quam
384 2982 669 3056 tandem
693 3008 974 3081 poenam
1000 2980 1140 3080 pati
1173 2980 1411 3071 debet,
1442 2981 1495 3053 si
1519 2980 1808 3053 mortis³
1834 3008 2109 3082 poenam
2138 3011 2235 3055 re·

139 3098 445 3205 linquit?
467 3098 726 3199 quam?
746 3098 1005 3170 scilicet
1023 3096 1277 3170 exsilii:
1300 3122 1463 3195 ergo
1483 3125 1705 3194 quum
1724 3098 1945 3171 tribus
1965 3122 2237 3171 senten-

217 3306 262 3341 ι.
287 3288 359 3341 In
383 3286 594 3341 totidem
617 3288 934 3357 disputarent
955 3296 1152 3339 senten·
1231 3283 1312 3336 An
1337 3298 1569 3356 quatuor
1594 3284 1959 3339 dissentientes
1994 3304 2237 3358 oppone-

143 3368 257 3421 tt'as·
277 3368 446 3437 Lege,
465 3366 828 3437 discreparent.
843 3368 1022 3417 AEnon.
1040 3366 1150 3430 An,
1230 3382 1343 3429 res,
1363 3377 1633 3436 tamquam
1650 3383 1812 3417 unam
1830 3366 2144 3417 sententiam
2164 3364 2237 3416 ef-

141 3449 550 3521 dispartimur,
569 3446 622 3499 id
643 3459 750 3510 est,
770 3446 1152 3511 divideremur,
1231 3446 1451 3497 licerent
1466 3483 1484 3511 ‚
1510 3446 1651 3517 parti
1674 3445 1826 3497 aliter
1848 3446 2095 3497 sentienti
2108 3482 2125 3510 ‚
2154 3446 2237 3496 ni-

141 3552 214 3585 en
254 3529 617 3605 disput-amnt?
659 3532 732 3581 ita
763 3526 897 3581 Gen.
923 3528 1026 3592 xl,
1071 3544 1090 3577 ι
1107 3544 1149 3577 ι.
1231 3528 1422 3578 mirum
1444 3526 1649 3579 tribus?
1670 3528 1839 3579 Bona.

143 3613 364 3665 Sonat.
387 3608 666 3681 vulgatam
691 3608 881 3659 retinet
907 3604 1151 3659 Obrech-
1303 3626 1350 3659 2.
1367 3608 1493 3662 Non
1508 3619 1681 3659 utmm
1694 3606 1947 3659 statuerit.
1963 3605 2237 3673 AErodins,

145 3706 230 3743 tun
250 3730 268 3757 ,
315 3704 367 3742 et
407 3704 548 3741 certe
588 3689 772 3740 Cicero
813 3702 950 3755 saepe
991 3682 1148 3749 dicit,
1229 3708 1336 3740 mm
1359 3700 1579 3761 umque
1604 3706 1725 3761 pars
1751 3689 1997 3741 stamert‘t.
2030 3691 2233 3739 immo:

147 3796 170 3819 ι
191 3770 468 3841 disputare
490 3770 545 3820 in
571 3766 713 3819 illam
740 3777 975 3837 partem,
1001 3765 1060 3813 in
1084 3762 1150 3814 il-
1233 3770 1386 3841 Quod
1403 3772 1665 3833 statuerit,
1692 3770 1888 3842 inquit,
1926 3788 2033 3823 „on
2060 3780 2233 3821 mmm

147 3873 172 3896 ι
191 3848 302 3899 lam
330 3847 672 3911 sementiam,
691 3869 714 3893 ιι
742 3842 840 3896 sed
867 3861 935 3895 an
957 3839 1152 3911 judici·
1227 3849 1480 3900 statuerit.
1520 3848 1681 3901 Gnou.
1726 3850 1794 3899 Et
1828 3850 1901 3899 ita
1944 3846 2142 3900 Schult.
2186 3862 2239 3901 et

141 3932 248 3983 bns
275 3930 559 3983 conveniat
577 3946 680 3979 vox
696 3966 714 3993 ,
741 3924 948 3977 dubito.
977 3924 1146 3975 Bunu.
1229 3930 1362 3982 obt,

142 4013 334 4065 —Pro
355 4030 464 4063 una
482 4005 1040 4083 paneopponeres.Al.
1059 4024 1152 4075 ap-
1303 4009 1352 4060 3.
1395 4009 1456 4060 Si
1500 4008 1675 4061 mortis
1716 4024 1923 4079 poenam
1970 4004 2229 4079 relinquit.

139 4088 1004 4166 ponms.AErod.oppones.Marg.
1021 4087 1154 4139 scri-
1230 4088 1420 4152 Forte‚
1447 4104 1603 4157 poena
1628 4086 1920 4138 remittitur.
1948 4086 2112 4139 Gnou.
2141 4087 2237 4137 Re-

143 4174 256 4245 psit
271 4170 440 4237 forte,
457 4188 554 4243 pro
571 4186 678 4220 una
692 4180 842 4242 parte
855 4184 1150 4241 apponeres.
1233 4167 1467 4240 [inquitis
1474 4206 1492 4233 ‚
1520 4168 1652 4221 ohr.

363 4263 418 4315 6.
1886 4257 1956 4309 30
