2855 4871
620 378 746 460 334
1131 378 1224 443 M.
1270 376 1525 442 FABII
1569 376 2208 460 QUINTILIANI

617 525 826 595 retur,
855 504 1168 579 locutum
1200 504 1288 577 de
1311 502 1631 577 duobus?
1663 530 1807 577 non
1826 504 2148 605 intelligit
2173 505 2451 605 aliquis¹
2484 506 2685 578 alium

617 646 764 693 esse
783 646 978 711 eum,
1009 622 1134 720 qui
1157 618 1449 713 occidat,
1474 619 1724 713 alium,
1750 622 1873 719 qui
1902 621 2298 694 occidatur?
2322 624 2689 720 Argumen-

616 736 700 809 tis
724 735 980 810 scilicet
1005 737 1360 835 agendum
1379 755 1515 825 est,
1542 737 1711 808 etin
1737 737 2136 837 exemplum
2162 737 2533 809 afferendae
2560 736 2685 809 aliae

616 878 898 951 quoque
936 853 1142 953 leges.
1177 852 1429 924 Dicam
1470 878 1661 925 nunc
1698 880 1864 954 ego,
1902 872 2031 941 QU1
2076 874 2517 928 PULSAVERIT
2550 872 2685 924 Au·

616 987 857 1060 QUEM,
881 988 1328 1042 mmmmm
1356 988 1784 1041 TENEATUR:
1820 997 2032 1043 nemo
2064 991 2303 1043 tamen
2339 969 2686 1055 tenebitur,

617 1084 737 1184 qui
761 1112 831 1157 se
861 1085 1005 1184 ipse
1029 1083 1443 1184 pulsaverit:
1482 1110 1648 1156 nam
1674 1083 1850 1157 illud
1876 1084 2167 1183 quidem
2196 1083 2598 1173 ridiculum,
2626 1102 2689 1152 ut

619 1198 904 1299 opinor,
947 1199 1278 1272 omnibus
1316 1199 1511 1271 vobis
1552 1200 1871 1272 futurum
1918 1222 2054 1296 est,
2095 1200 2149 1271 si
2192 1200 2265 1271 in
2312 1198 2687 1297 exemplum

617 1316 1007 1416 proximam
1042 1315 1579 1388 similitudinem
1602 1314 1952 1389 adduxero
1970 1374 1989 1405 ‚
2018 1342 2096 1388 ac
2125 1342 2471 1413 negavero
2502 1314 2691 1387 teneri

617 1430 766 1527 lege
791 1429 936 1500 ulla
959 1456 1125 1501 eum
1144 1488 1163 1520 ,
1192 1430 1313 1529 qui
1345 1456 1416 1502 se
1443 1430 1781 1503 occiderit.
1810 1432 1933 1503 Est
1958 1457 2161 1530 porro
2188 1429 2325 1503 hoc
2352 1430 2689 1501 manifeste

617 1542 1273 1641 reprehendendum
1291 1602 1309 1635 ,
1335 1546 1390 1618 si
1419 1545 1512 1617 ad
1536 1572 1651 1617 eos
1677 1546 2149 1619 existimemus
2178 1546 2523 1644 pertinere
2552 1570 2691 1642 prae-
2802 1592 2804 1601 ·

619 1658 796 1745 mia,
822 1658 909 1731 ad
935 1686 1108 1759 quos
1126 1686 1340 1759 poenae
1361 1660 1731 1761 pertinent.
1762 1663 1949 1735 Bene
1968 1660 2223 1734 scilicet
2248 1659 2335 1733 de
2360 1658 2693 1759 republica
2802 1734 2804 1747 ¹

620 1773 914 1863 meruit,
941 1774 1133 1871 quod
1159 1774 1539 1875 aliquando
1566 1777 1784 1849 finem
1810 1776 2144 1876 imposuit
2165 1775 2419 1849 harum
2448 1774 2693 1848 calami-

623 1908 890 1962 tatum:
939 1889 1043 1967 illi
1091 1892 1340 1992 scripta
1377 1893 1489 1965 lex
1530 1914 1650 1965 est.
1695 1896 1855 1966 Non
1897 1894 2056 1982 ille,
2092 1894 2213 1991 qui
2248 1891 2695 1993 componebat
2802 1890 2804 1899 '

617 2002 762 2074 haec
789 2003 951 2103 jura
971 2059 991 2092 ‚
1020 2004 1116 2076 sic
1146 2004 1417 2077 locutus
1448 2005 1631 2078 est²?
1658 2008 1816 2079 Non
1847 2027 1945 2079 est
1970 2006 2129 2079 satis
2158 2005 2259 2097 ei,
2289 2007 2415 2104 qui
2448 2006 2694 2079 servitu-

620 2140 768 2190 tem
809 2118 1212 2217 reipublicae
1255 2121 1665 2211 detraxerit,
1708 2122 1833 2219 qui
1882 2142 2189 2195 monstra
2234 2121 2420 2211 haec,
2467 2122 2693 2222 quibus

619 2229 897 2304 libertas
933 2232 1231 2327 laborat,
1271 2237 1392 2335 qui
1432 2236 1755 2311 homines
1790 2237 2113 2313 adversus
2153 2239 2451 2311 deorum
2492 2236 2697 2309 homi-

621 2370 940 2446 numque
965 2346 1298 2449 injuriam
1323 2372 1553 2444 natos,
1574 2352 1738 2425 etin
1764 2353 2165 2454 exemplum
2194 2352 2537 2426 scelerum
2564 2376 2696 2423 oon·

623 2459 896 2534 stitutos
911 2519 932 2552 ‚
961 2489 1104 2563 quo
1124 2466 1345 2564 magis
1375 2493 1457 2539 ea
1478 2468 1867 2541 odissemus
1885 2525 1903 2559 ,
1939 2469 2503 2559 occiderit,‚dum
2524 2465 2693 2553 vivit,

623 2597 902 2652 tantum
933 2577 1297 2655 honorari:
1331 2609 1475 2656 non
1510 2585 1866 2658 sufficiunt
1896 2584 2333 2684 magistratus
2354 2641 2373 2674 ‚
2404 2611 2537 2658 nec
2566 2579 2697 2656 satis

621 2715 790 2768 sunt
823 2694 1052 2768 tituli?
1094 2697 1435 2772 habeatur
1464 2700 1717 2798 aliquis
1749 2701 1963 2774 etiam
1994 2701 2203 2774 morti
2238 2701 2502 2792 honor,
2536 2721 2603 2774 et
2628 2695 2695 2768 ad
2804 2745 2806 2780 i

699 2905 720 2937 r
733 2928 743 2938 .
767 2890 890 2940 Non
911 2891 1164 2966 intelliqit
1181 2893 1390 2966 aliquis.
1406 2895 1531 2947 Non
1552 2895 1635 2946 in-

623 2967 910 3042 telligimus
929 2972 1181 3046 aliquem.
1211 2975 1329 3028 Seu.
1352 3006 1425 3017 —
1444 2977 1634 3028 Proxi-

624 3065 785 3100 mam.
810 3049 930 3102 vid.
970 3049 1039 3104 ad
1077 3053 1224 3105 Decl.
1260 3056 1409 3121 xm,
1452 3071 1529 3108 Ιο.
1562 3085 1637 3098 --

625 3127 756 3200 Leqe
770 3128 900 3182 ulla.
921 3131 1054 3205 Leqe
1073 3130 1186 3197 illa,
1204 3134 1404 3188 scilicet
1420 3138 1637 3208 injuria-

627 3225 760 3260 rum.
787 3209 902 3262 Scn.
922 3241 994 3252 -
1019 3213 1402 3268 Existimemus.
1438 3216 1636 3268 Existi-

626 3307 862 3355 mamus,
885 3291 1069 3346 AErod.

699 3379 747 3413 2.
774 3364 899 3414 Non
928 3362 1024 3414 itte
1049 3363 1141 3436 qui
1161 3367 1505 3440 componebat
1530 3368 1638 3421 hoeo

609 3441 737 3510 jum
748 3477 764 3504 ‚
791 3441 862 3492 sic
880 3439 1080 3494 locutus
1095 3453 1182 3496 est.
1203 3446 1329 3498 Post
1346 3444 1457 3498 haec
1477 3446 1637 3498 verba

621 3519 809 3572 inserit
821 3519 1095 3572 AErodiusz
1123 3521 1635 3594 Quiseaeetyranaum

628 3595 866 3649 occiderit
884 3619 900 3647 .·
947 3601 1102 3670 quasi
1147 3601 1433 3654 consilium
1476 3604 1639 3656 fuerit

629 3681 831 3732 auctori
863 3697 1066 3750 ponere
1098 3679 1334 3753 aliquid,
1359 3683 1504 3754 qnod
1536 3704 1635 3737 ne-

627 3776 750 3830 gare
762 3771 960 3831 posset,
975 3759 1030 3810 in
1043 3760 1274 3814 formula
1286 3761 1414 3834 legis
1430 3762 1633 3817 haberi.

628 3839 698 3891 At
715 3835 769 3890 τό
792 3837 917 3890 Non
939 3855 1035 3910 per
1056 3841 1528 3910 interrogationem
1553 3861 1639 3894 ac-

631 3919 932 3991 cipiendum
959 3958 976 3987 ‚
1028 3921 1178 3992 quasi
1233 3934 1371 3974 osset
1423 3925 1635 3976 Nonne.

631 3997 790 4068 Quod
815 4013 988 4052 autem
1017 3998 1257 4054 locutum
1287 4000 1639 4072 legislatorem

633 4078 776 4143 vult,
809 4081 866 4134 id
893 4084 1072 4136 statim
1103 4083 1396 4158 explicatur
1422 4082 1491 4138 ab
1522 4081 1638 4153 his,

1713 2895 1838 2949 Non
1862 2907 1935 2950 est
1955 2898 2101 2964 satis,
2122 2916 2292 2968 usque
2312 2895 2381 2947 ad
2401 2897 2533 2959 ista,
2552 2907 2697 2964 tymn-

1716 2975 1903 3027 m‘cidoe
1927 2987 2213 3028 amentur.
2243 2976 2482 3027 Locutus
2519 2987 2593 3027 est
2620 2989 2699 3022 au·

1716 3069 1823 3109 tem
1858 3057 1963 3110 ista
1996 3057 2089 3109 vel'
2116 3053 2261 3128 apud
2300 3074 2449 3117 sese.
2480 3055 2583 3107 hoc
2610 3064 2699 3112 est,

1715 3136 1994 3208 cogitavit,
2028 3153 2193 3207 quum
2230 3132 2488 3188 conderet
2520 3135 2697 3204 legem:

1712 3217 1795 3269 vel
1811 3217 1865 3267 in
1881 3219 2143 3269 concione
2162 3216 2230 3268 ad
2250 3215 2543 3289 populum,
2560 3228 2699 3284 quum

1716 3311 1833 3348 eam
1856 3297 2037 3348 suasit.
2062 3295 2230 3350 Gnon.
2254 3325 2329 3338 --
2350 3297 2479 3348 Non
2500 3290 2699 3346 estse&-

1715 3377 1841 3428 Non
1860 3387 1931 3430 est
1950 3375 2095 3444 satis,
2120 3375 2316 3447 inquit,
2340 3375 2407 3426 ei.
2424 3373 2700 3428 scum-.—

1715 3455 1972 3510 Adversus
1988 3457 2219 3508 deorum.
2242 3459 2324 3508 An
2345 3474 2456 3508 non
2474 3492 2491 3521 ‚
2514 3454 2581 3506 ad
2598 3451 2702 3502 deo·

1716 3553 1833 3587 rum
1858 3534 1999 3588 hom.
2028 3535 2269 3609 injuriam
2296 3546 2471 3588 notos.-
2494 3535 2562 3585 ita
2582 3530 2701 3586 enim

1714 3631 1897 3672 amant
1915 3617 2067 3690 loqui
2080 3631 2303 3672 veteres.
2318 3617 2509 3670 Florus
2526 3613 2587 3667 de
2604 3610 2703 3666 Gal-

1716 3695 1781 3750 lis
1796 3699 1835 3762 1,
1856 3715 1872 3748 ι
1884 3699 1935 3764 3,
1952 3699 2011 3764 4:
2036 3721 2057 3743 α
2076 3697 2219 3750 Gens
2236 3709 2359 3748 nata
2374 3695 2443 3748 ad
2458 3696 2701 3748 interitum

1720 3799 1745 3822 ι
1764 3775 2056 3830 hominum.
2078 3801 2102 3826 ι
2141 3779 2207 3830 Et
2242 3795 2401 3848 supra
2432 3774 2698 3830 Declamat.

1718 3855 1994 3910 CCXCVI:
2026 3879 2049 3904 ιι
2068 3857 2243 3910 Homo
2277 3857 2333 3906 in
2364 3853 2703 3908 adulationem

1724 3957 1747 3980 ι
1766 3947 1939 3988 natus.
1961 3958 1983 3983 n
2010 3937 2075 3988 Et
2098 3936 2171 3988 ita
2196 3936 2395 4007 passim
2420 3933 2525 3986 alii.
2552 3935 2699 3986 Brut.

1716 4041 1789 4056 --·
1808 4014 1974 4066 Morta·
2006 4013 2188 4070 honor.
2222 4015 2390 4070 Morti
2422 4031 2531 4066 non
2560 4009 2701 4064 habet

1720 4093 1983 4150 AErodiuz.
