2855 4871
550 374 677 439 236
1046 372 1141 435 M.
1189 371 1442 437 FABII
1489 369 2137 453 QUINTILIANI

549 526 638 571 ne
678 496 795 570 ille
828 494 1128 595 amplius
1158 516 1613 595 torqueretur,
1648 494 2046 593 periculum
2081 494 2316 594 capitis
2341 496 2586 569 subisti
2625 526 2644 568 t

551 612 706 703 ille,
746 640 835 685 ne
872 632 938 683 te
976 612 1407 701 nominaret,
1444 611 1551 681 bis
1585 630 1800 681 tortus
1835 630 1972 681 est:
2013 610 2132 708 qui
2165 636 2310 681 non
2345 610 2650 703 indicat,

548 724 911 819 confitetur
928 725 1238 798 amicum
1256 724 1489 796 fuisse.
1508 723 1625 795 Bis
1641 742 1857 795 tortus
1877 724 2184 822 negavit:
2209 724 2390 796 nihil
2411 725 2648 797 dicam

552 841 638 914 de
678 842 995 914 varietate
1044 860 1558 913 tormentorum
1601 866 1616 909 :
1667 839 1988 910 nondum
2032 859 2173 911 erat
2213 861 2430 912 tortus
2455 899 2474 931 ,
2521 842 2652 938 qui

550 958 851 1055 torqueri
872 978 1167 1058 poterat:
1187 956 1331 1046 illa,
1356 956 1477 1028 illa
1493 957 1774 1054 quaestio
1787 956 2053 1046 fuisset,
2067 984 2282 1053 quam
2299 970 2316 1001 ¹
2327 956 2648 1029 timuisti.

551 1074 858 1147 Difficile
885 1094 983 1146 est
1006 1060 1245 1146 contra
1266 1073 1583 1145 dolorem
1609 1072 1803 1171 aegris
1832 1073 2080 1146 durare
2102 1072 2504 1172 corporibus
2533 1102 2546 1144 :
2577 1094 2656 1145 et

550 1189 750 1263 facile
784 1208 881 1261 est
916 1190 1179 1287 integro
1212 1215 1421 1261 sensu
1451 1190 1788 1288 perferre,
1821 1216 2035 1286 quam
2059 1187 2271 1261 semel
2298 1188 2651 1279 indueri5‚

554 1305 1072 1405 persuasionem
1096 1332 1109 1376 :
1133 1305 1290 1378 ideo
1324 1332 1434 1378 ars
1474 1305 1754 1377 inventa
1788 1326 1920 1377 est:
1961 1306 2092 1377 illae
2121 1327 2447 1403 torquent
2473 1332 2656 1378 noc-

556 1442 773 1492 turnae
817 1418 1301 1519 cogitationes,
1351 1420 1478 1491 illa
1526 1420 1900 1492 recordatio
1943 1422 2486 1519 praeteritorum,
2533 1420 2658 1493 illa

557 1533 963 1633 exspectatio
1004 1536 1401 1607 futurorum
1433 1534 1616 1607 :illa
1657 1556 1760 1607 est
1800 1536 2088 1633 quaestio
2129 1536 2383 1634 gravis,
2428 1563 2654 1635 quum

554 1647 842 1721 vulnera
865 1648 1223 1722 caeduntur
1237 1680 1255 1739 ;
1278 1676 1506 1747 quum
1527 1675 1934 1748 persuasum
1955 1670 2058 1722 est
2079 1649 2342 1742 animo,
2369 1650 2656 1724 nullum

559 1791 700 1837 esse
745 1765 961 1837 finem
1011 1787 1516 1839 tormentorum
1550 1793 1564 1838 ε
1612 1791 1756 1838 non
1787 1766 2012 1864 ,igitur
2049 1786 2324 1865 peracta
2365 1766 2657 1865 quaestio

557 1879 712 1951 fuit.
758 1881 970 1952 Ducit
1012 1909 1125 1954 me
1164 1882 1540 1981 indignitas
1575 1881 1673 1953 rei
1708 1910 1723 1952 ε
1764 1908 2116 1955 venenum
2157 1880 2491 1980 proditori
2526 1881 2662 1953 de-

562 1991 719 2064 disti
752 2021 765 2063 :
804 1994 937 2066 nisi
966 1994 1161 2067 aliud
1191 1996 1458 2068 crimen
1497 2003 1941 2093 occupassem
1963 2052 1982 2085 ,
2015 1994 2333 2067 veneficii
2367 2022 2661 2067 accusa—

562 2134 706 2179 rem
738 2136 753 2179 :
786 2135 1138 2181 venenum
1174 2111 1473 2209 paravit,
1503 2110 1789 2199 habuit,
1819 2110 2035 2182 dedit.
2069 2112 2156 2181 Et
2179 2110 2499 2210 primum⁴
2527 2110 2664 2183 hoc

562 2224 885 2297 invadere
916 2225 1127 2296 libet:
1167 2225 1357 2298 unde
1394 2226 1522 2299 tibi
1551 2225 1948 2300 venenum?
1979 2226 2068 2297 ad
2103 2254 2275 2325 quos
2307 2253 2505 2299 casus
2535 2254 2666 2326 pa-

566 2339 770 2411 rasti?
803 2340 896 2412 sic
926 2338 1106 2411 illud
1133 2339 1483 2429 habuisti,
1517 2362 1878 2441 tamquam
1901 2341 2116 2441 possis
2145 2342 2290 2440 ipse
2318 2342 2662 2442 torqueri:

564 2483 730 2554 age,
770 2456 1091 2528 nondum
1134 2455 1390 2528 invado
1437 2477 1804 2554 tamquam
1851 2455 2278 2554 proditorem
2317 2484 2333 2526 :
2380 2456 2666 2528 interim

566 2603 693 2674 ago
736 2597 968 2648 tecum
1006 2575 1454 2674 magistratus
1489 2575 1777 2648 nomine
1816 2602 1832 2646 :
1879 2601 2003 2645 cur
2034 2573 2110 2645 in
2143 2574 2534 2646 custodiam
2569 2574 2668 2645 ir-

569 2691 861 2790 rupisti?
900 2692 1161 2791 quibus
1186 2692 1544 2793 suppliciis
1584 2693 1716 2766 hoc
1737 2718 2092 2765 venenum
2126 2692 2314 2765 luere
2352 2689 2672 2792 poteras?

568 2806 919 2880 Proditor²
951 2807 1129 2882 bene
1163 2808 1387 2907 periit.
1414 2807 1552 2882 Sed
1581 2805 1948 2880 redeamus
1983 2807 2071 2878 ad
2101 2807 2366 2880 crimen
2398 2835 2414 2878 z
2451 2835 2670 2880 vene-

570 2947 743 2992 num
780 2921 1059 3011 dedisti,
1102 2951 1326 3023 quum
1360 2923 1566 2996 scires
1595 2924 1958 3012 futurum,
1996 2943 2074 2994 ut
2106 2923 2667 3020 suspicaremur:

568 3060 783 3130 quam
812 3035 1014 3108 valde
1042 3037 1552 3110 confessionem
1575 3036 1908 3126 timuisti,
1940 3037 2065 3134 qui
2098 3036 2331 3108 subire
2364 3034 2674 3109 maluisti

568 3149 701 3222 hoc
734 3155 1263 3250 argumentum!
1300 3155 1631 3244 Amicus,
1667 3153 1931 3252 inquit,
1976 3179 2164 3226 eram
2199 3181 2212 3224 :
2259 3153 2434 3250 quid
2479 3151 2674 3250 agis?

570 3265 835 3350 amicus
870 3268 1260 3342 etiamnum
1296 3270 1476 3368 patri
1513 3270 1702 3342 bono
1719 3269 1866 3370 jam
1898 3269 2084 3342 filius
2112 3295 2258 3340 non
2281 3269 2668 3341 videretur:

573 3403 776 3454 antea
804 3383 928 3482 tibi
958 3405 1226 3482 poterat
1254 3384 1563 3483 ignosci,
1594 3412 1820 3484 quum
1847 3384 2255 3490 ignorabas:
2285 3382 2674 3456 etiamnum

572 3497 820 3598 probas
848 3497 1293 3598 proditorem.
1328 3499 1617 3572 Amicus
1653 3499 1804 3572 ille!
1850 3487 1983 3570 hoc
2015 3500 2101 3571 de
2139 3499 2488 3598 proditore
2525 3523 2674 3568 non

651 3703 694 3737 ι.
717 3685 885 3756 Quam
908 3686 1139 3740 timuisti.
1164 3689 1223 3757 Q.
1243 3687 1578 3759 prohibuisti,
1660 3687 1910 3750 felicium
1929 3700 1989 3739 ut
2001 3687 2067 3740 sis
2081 3687 2244 3738 bonus
2257 3704 2287 3736 o
2295 3683 2542 3758 felixque
2555 3687 2675 3738 tuis.

576 3767 790 3820 AErod.-
844 3768 970 3820 Ideo
992 3786 1092 3820 ars.
1121 3767 1232 3820 Nec
1260 3769 1373 3820 ideo
1394 3787 1477 3820 ars
1497 3769 1583 3820 in·-
1662 3767 1880 3820 Senum.
1909 3767 2040 3832 Alii,
2059 3783 2178 3839 quoe
2194 3763 2452 3837 supplicia
2473 3763 2574 3816 hoc
2597 3783 2680 3816 ve-

578 3859 725 3899 venta
742 3845 1273 3922 estiiloecoqitationes
1288 3859 1578 3919 torqueant.
1661 3864 1797 3897 neno
1833 3844 1976 3898 luere
2007 3845 2241 3916 parabat.
2274 3842 2400 3908 Vel,
2436 3855 2677 3915 poteras.-

577 3926 794 3979 Scmwr.
1665 3926 1903 3999 proditor
1920 3927 2044 3978 bene
2059 3925 2210 3996 perit.
2233 3923 2336 3978 Sed
2354 3921 2536 3975 AErod.
2553 3943 2680 3994 pro-

654 4023 700 4056 2.
742 4005 955 4068 Poteras
972 4009 996 4057 ?
1031 4007 1287 4078 proditor.
1335 4007 1550 4070 Poteras
1566 4042 1585 4071 ,
1669 4005 1806 4058 ditor
1849 4023 2042 4056 veneno
2089 4004 2264 4076 periit.
2303 4031 2380 4042 -·
2417 4000 2676 4056 maluisti.

580 4099 682 4152 quo
718 4085 955 4154 proditor
984 4087 1112 4138 bene
1138 4086 1313 4157 periit.
1344 4085 1486 4138 Bene
1509 4097 1587 4138 est
1667 4081 1932 4150 Noluisti,
1958 4095 2010 4135 et
2035 4099 2191 4148 mox,
2212 4081 2342 4153 quid
2367 4082 2477 4138 ais?
2499 4079 2674 4132 ὦζε-οδ.
