2855 4871
607 408 734 473 302
1105 408 1199 473 M.
1247 408 1501 472 mnu
1546 408 2185 491 QUINTILIAM

604 529 917 603 medicus
938 530 1535 605 medicamentum
1554 558 1568 601 :
1592 531 1716 630 qui
1735 532 2289 631 acceptambibit
2308 534 2675 633 potionem,

601 645 831 719 statim
853 646 1177 746 exspirat:
1213 645 1333 743 qui
1359 645 1669 719 tandem¹
1702 646 1815 719 hic
1838 648 2479 747 argumentandum
2506 650 2678 721 erat?

601 762 724 861 qui
759 763 1043 837 tandem
1075 762 1189 835 hic
1230 761 1723 861 probandum?
1764 788 1906 835 non
1952 764 2171 837 oculis
2206 764 2673 866 judicassetis,

602 904 746 948 non
771 878 1101 950 continuo
1131 876 1374 949 strictis
1399 878 1724 950 faucibus
1748 878 2123 979 rapiendus
2151 878 2239 951 ad
2262 879 2674 979 supplicium

600 992 942 1064 veneficus
965 992 1336 1082 videretur,
1367 991 1489 1091 qui
1518 1018 1709 1064 nunc
1734 994 1947 1065 etiam
1972 993 2197 1095 spolia
2220 995 2423 1065 occisi
2454 994 2675 1066 homi-

599 1108 709 1180 nis
731 1128 950 1198 tenet,
982 1129 1050 1180 et
1070 1108 1296 1181 subito
1319 1108 1661 1209 locuples,
1696 1109 1791 1181 ait
1820 1136 1893 1183 se
1924 1108 2365 1183 tantumdem
2392 1109 2671 1194 habere,

597 1244 947 1325 quantum
990 1252 1104 1297 me
1122 1240 1174 1318 ²,
1216 1226 1340 1326 qui
1383 1252 1611 1326 nuper
1656 1226 1907 1299 divisi?
1938 1228 2117 1299 Mihi
2158 1227 2328 1327 quid
2372 1226 2671 1300 relictum

595 1360 716 1430 est,
743 1361 984 1439 praeter
1001 1340 1226 1413 luctus
1247 1362 1312 1413 et
1329 1339 1711 1438 lacrymas?
1726 1339 2054 1413 ultimum
2078 1368 2239 1441 ergo
2260 1341 2438 1414 iliud
2459 1340 2672 1425 nobis,

595 1454 800 1527 frater
843 1454 1262 1547 miserrime,
1304 1456 1701 1529 convivium
1747 1457 1927 1529 erat?
1968 1456 2219 1529 siccine
2254 1456 2539 1555 digressi
2572 1482 2675 1527 su-

595 1569 797 1641 mus?
829 1570 902 1642 in
934 1570 1059 1643 has
1091 1596 1244 1670 spes
1273 1570 1753 1643 discessimus?
1780 1572 2015 1643 Habui
2046 1570 2482 1644 occasionem
2514 1596 2673 1641 moe-

595 1685 789 1757 rendi
821 1714 834 1757 :
871 1687 995 1759 diu
1031 1688 1398 1761 insidiatus
1423 1713 1683 1761 essem:
1716 1688 1912 1788 potui
1940 1687 2067 1761 tibi
2095 1714 2451 1761 venenum
2486 1687 2673 1775 dare,

593 1802 680 1874 de
707 1830 848 1902 quo
882 1804 1060 1877 nihii
1091 1805 1555 1905 suspicareris.

667 2030 710 2063 1.
741 2013 846 2083 Qui
869 2013 1095 2067 tandem.
1115 2014 1256 2085 Quid
1277 2015 1491 2067 tandem
1516 2014 1601 2067 ht'c

588 2110 696 2163 ary.
723 2110 766 2142 e.
797 2093 937 2163 Quid
958 2094 1201 2161 tandem,
1225 2092 1405 2145 AErod.

663 2190 712 2226 a.
737 2174 848 2225 Tan
858 2177 1082 2227 mmdem
1111 2176 1319 2242 habere,
1343 2186 1599 2249 quantum

589 2270 687 2303 me.
721 2253 1040 2308 Insolentior
1071 2256 1397 2307 constructio
1432 2252 1596 2306 videri

589 2344 794 2400 potest,
817 2350 914 2402 pro
937 2322 1341 2407 quomado-90,-
1367 2330 1461 2385 sed
1484 2332 1595 2385 haec

589 2424 642 2464 et
681 2410 872 2464 similia
913 2412 1084 2487 ellipsi
1123 2412 1360 2486 expediri
1396 2428 1557 2487 posse
1578 2416 1597 2481 ζ

586 2501 844 2564 quantum
869 2511 950 2544 me
978 2492 1164 2546 habere
1185 2495 1289 2560 ait,
1315 2491 1479 2546 docet
1499 2497 1597 2548 Pe-

589 2571 748 2622 rizon.
787 2571 854 2622 ad
892 2571 1090 2624 Sanctii
1127 2574 1350 2626 Miner-v.
1386 2571 1479 2624 lib.
1514 2575 1593 2640 11,

585 2671 634 2703 c.
659 2669 721 2704 10
741 2654 794 2704 in
813 2653 916 2706 fine
935 2675 946 2704 :
968 2655 1043 2705 sic
1063 2653 1186 2706 inst.
1208 2653 1356 2706 Orat.
1381 2653 1591 2719 lib.1x,

585 2751 702 2806 cap.
739 2751 768 2786 2
787 2771 804 2800 ‚
837 2735 880 2806 §.
919 2736 1014 2790 25:
1045 2759 1068 2780 ι
1091 2737 1187 2788 Dic
1215 2749 1267 2788 te
1294 2733 1591 2806 digniorem

591 2835 614 2857 a
635 2832 794 2884 quam
829 2814 1116 2882 Catonem,
1137 2839 1158 2862 n
1203 2834 1264 2866 ex
1301 2815 1483 2868 Calvo.
1525 2818 1592 2868 Et

583 2891 729 2961 apud
760 2891 924 2942 Cicer.
957 2889 1022 2944 de
1051 2893 1172 2944 Nat.
1209 2895 1367 2947 Deor.
1397 2894 1455 2961 I,
1488 2908 1587 2963 29:

591 2991 614 3012 α
635 2969 826 3022 Nonne
869 2971 1040 3023 Deum
1083 2971 1250 3024 videri
1291 2972 1545 3044 AEgyptiis
1570 2975 1593 3024 ?

591 3070 613 3091 ι
637 3061 744 3098 tam
767 3047 970 3114 hercle,
993 3067 1152 3119 quam
1179 3049 1276 3102 tibi
1298 3050 1443 3103 iliam
1468 3070 1591 3103 nos-

591 3151 613 3172 ·
635 3141 768 3178 tram
789 3127 1066 3200 Sospitam.
1091 3154 1112 3176 ι
1135 3133 1202 3183 Et
1220 3151 1338 3204 cap.
1361 3131 1421 3184 3·
1446 3155 1459 3184 ε
1486 3155 1509 3177 ι
1526 3133 1592 3184 Et

591 3233 614 3254 ι
633 3209 997 3263 Metrodorum
1021 3225 1124 3263 tam
1149 3225 1332 3284 aperte
1349 3213 1592 3266 locutum

589 3311 613 3334 a
633 3307 778 3354 esse,
814 3307 976 3361 quam
1005 3289 1189 3361 paullo
1221 3305 1344 3346 ante
1375 3305 1446 3344 te.
1469 3316 1491 3340 ι
1525 3293 1591 3342 Et

1678 2013 1770 2067 lib.
1814 2016 1893 2079 11,
1932 2032 2049 2086 cap.
2090 2014 2195 2067 30:
2240 2036 2263 2058 ι
2284 2013 2349 2063 Et
2392 2016 2593 2083 majore
2628 2010 2669 2059 vi

1684 2116 1707 2139 ι
1726 2091 2031 2165 preditum,
2058 2110 2219 2165 quam
2238 2090 2397 2143 Deos.
2421 2114 2443 2136 a
2476 2088 2577 2139 Ubi
2594 2089 2674 2137 mi·

1676 2174 1819 2225 nime
1832 2171 2241 2225 auscultandum
2252 2168 2347 2221 iila
2358 2166 2673 2219 mutantibus

1677 2267 1862 2307 contra
1896 2253 2107 2306 codices
2122 2291 2159 2319 ,,
2173 2264 2225 2305 et
2258 2248 2545 2303 soloecismi
2574 2246 2671 2297 hac

1676 2330 2038 2404 arguentibus.
2074 2330 2205 2385 Caes.
2240 2328 2307 2382 de
2340 2327 2448 2381 Bel.
2482 2326 2597 2378 Gal.
2624 2326 2673 2389 1,

1676 2415 1745 2484 44
1768 2437 1779 2466 ι
1818 2434 1840 2461 οι
1860 2415 1925 2468 Se
1948 2416 2097 2487 prius
2124 2414 2362 2477 venisse,
2393 2428 2556 2484 quam
2581 2426 2671 2482 po-

1680 2521 1701 2546 ·
1724 2498 1909 2572 pulum
1924 2516 2252 2550 romanumfl·
2274 2493 2461 2546 venei.
2480 2495 2670 2546 Patere.

1674 2580 1753 2644 11,
1783 2579 1882 2648 37:
1914 2602 1937 2627 ι
1960 2579 2210 2631 Praefatus
2240 2579 2509 2628 nerninem
2538 2575 2671 2626 futu-

1677 2676 1699 2702 ·
1722 2675 1837 2709 rum
1853 2657 2015 2710 fuisse
2026 2658 2204 2727 ‚cujus
2220 2673 2275 2706 se
2290 2654 2535 2706 societati
2546 2671 2673 2704 com-

1678 2760 1701 2785 ·
1720 2740 1977 2792 missurus
2010 2739 2151 2790 foret
2167 2774 2184 2802 ,
2210 2755 2368 2808 quam
2394 2736 2497 2788 Cn.
2526 2737 2670 2786 Pom-

1670 2813 2670 2968 afizfffflap‘ffuff”zff⁰5;¹x,issx³34,ff

1672 2979 1838 3028 Burin.
1849 3005 1921 3016 -
1934 2975 2265 3028 Occasionem
2280 2973 2550 3025 merendi.
2566 2973 2643 3022 An
2654 3005 2669 3032 ‚

1670 3056 1994 3109 mentiendi?
2010 3074 2077 3107 an
2090 3093 2107 3121 ,
2126 3065 2345 3108 mortem
2364 3053 2563 3106 dandi?
2582 3069 2671 3114 an,

1671 3135 2033 3208 opprimendi?
2064 3153 2156 3200 an,
2192 3153 2300 3186 non
2334 3133 2499 3187 habui
2526 3151 2668 3186 occa-

1670 3219 1863 3270 sionem
1906 3215 2209 3268 numdi?
2242 3216 2468 3272 Sonar-
2490 3245 2561 3260 --
2582 3215 2665 3266 Me

1672 3299 1994 3352 vindicandi.
2015 3297 2280 3350 AErodius.
