2855 4871
604 424 733 497 516
1114 424 1209 491 M.
1256 424 1506 489 FABn
1553 425 2192 509 QUINTILIANI

600 582 835 644 meus,
880 553 1147 651 inquit,
1195 553 1269 623 in
1318 553 1446 623 hac
1475 572 1675 625 aetate
1715 552 1870 627 talis
1909 555 2064 629 fuit.
2105 558 2340 655 Digna
2375 579 2475 631 est
2511 558 2686 632 testis

600 672 845 745 notitia
863 686 911 759 ¹,
943 672 1029 742 de
1058 688 1308 767 nepote
1344 667 1509 740 dicit
1537 694 1855 741 causam:
1891 670 2169 744 nullum
2199 690 2687 748 testamentum

600 798 865 887 captat,
900 788 1107 859 etiam
1142 812 1353 856 suum
1392 784 1820 883 pignoratur.
1867 788 2030 859 Sero
2063 787 2197 861 hoc
2228 789 2532 888 placuit:
2565 790 2688 863 hoc

600 926 667 978 et
686 926 893 977 tuum
915 921 1411 1000 argumentum
1437 922 1570 971 est:
1607 900 1839 973 filium
1862 904 2168 977 sustulit:
2199 906 2472 1005 pudicae
2497 934 2684 1007 argu·

598 1042 923 1093 mentum
970 1039 1111 1107 est,
1154 1018 1345 1089 hunc
1388 1017 1653 1089 curiose
1693 1017 2052 1109 educavit,
2095 1020 2168 1092 in
2209 1021 2496 1094 nullum
2539 1022 2685 1095 litus

604 1132 821 1207 duxit.
846 1133 979 1205 Sed
1006 1132 1191 1205 filius
1216 1129 1408 1202 illam
1437 1132 1736 1204 notavit:
1771 1133 1826 1203 si
1851 1134 2131 1225 merito,
2155 1135 2278 1237 huj
2289 1164 2369 1211 us
2389 1139 2680 1227 crimem

602 1252 655 1323 si
678 1249 1049 1333 immerito,
1071 1245 1279 1318 illius.
1296 1246 1427 1316 Dic
1449 1246 1701 1344 quare?
1719 1246 1941 1318 immo
1958 1248 2104 1319 noli
2125 1270 2488 1323 mortuum
2507 1252 2680 1323 illius

597 1363 951 1445 criminari
988 1360 1219 1432 filium
1250 1386 1265 1429 z
1300 1386 1446 1431 non
1480 1359 1834 1457 queritur:
1871 1360 1989 1433 sed
2019 1383 2246 1461 sperat
2275 1367 2677 1463 pecuniam:

591 1483 901 1583 primum
944 1477 1093 1579 ejus
1120 1475 1344 1547 ..etatis
1382 1496 1482 1547 est
1497 1490 1550 1566 ²,
1593 1497 1672 1547 ut
1720 1476 1967 1549 debeat
2007 1499 2482 1553 contemnere.
2520 1482 2682 1553 Odit

594 1624 731 1700 ine,
758 1592 1015 1692 inquit:
1046 1618 1257 1688 quam
1286 1590 1497 1663 habet
1521 1590 2112 1691 injuriam-tuam?
2135 1593 2314 1665 nihil
2337 1595 2674 1693 queritur3

594 1710 729 1781 nisi
766 1706 955 1807 quod
994 1706 1226 1778 filium
1268 1726 1475 1777 tuum
1513 1704 1584 1777 in
1622 1704 1786 1776 litus
1818 1705 2114 1779 duxisti:
2150 1708 2312 1781 ideo
2347 1709 2672 1807 perierat:

589 1823 932 1895 nimirum
970 1820 1205 1893 oscula
1244 1817 1415 1891 sua3
1450 1817 1920 1893 venalitiarius
1959 1819 2304 1920 inquinat.
2355 1826 2518 1895 Non
2559 1825 2676 1897 de-

591 1940 759 2031 beo,
786 1938 1049 2039 inquit‚
1074 1935 1291 2008 videri
1317 1934 1536 2007 invit-a
1560 1934 1791 2006 filium
1814 1962 2219 2034 agnoscere:
2247 1961 2466 2013 mater
2491 1968 2672 2013 sum:

592 2060 667 2129 in
688 2055 976 2143 multis,
1012 2051 1190 2125 nihil
1230 2050 1479 2127 matris
1507 2050 1692 2124 ultra
1727 2049 2006 2123 titulum
2037 2072 2172 2125 est:
2211 2080 2344 2129 nec
2377 2082 2674 2129 noverca

592 2199 863 2245 omneS.

1451 2316 1817 2383 SERMO.

681 2481 759 2543 In
794 2493 1069 2542 matrem
1105 2492 1170 2540 et
1202 2473 1311 2538 illa
1342 2475 1620 2540 Cicer04
1650 2475 1847 2542 dixit·
1883 2479 2099 2543 Mater
2132 2479 2312 2544 enim
2346 2503 2386 2546 a
2422 2505 2560 2559 me,
2591 2497 2668 2547 ta-

592 2589 783 2652 metsi
833 2587 899 2649 in
944 2583 1123 2650 hunc
1173 2583 1395 2649 hostili
1443 2581 1640 2664 odio,
1691 2600 1757 2648 et
1807 2584 2194 2651 crudelitate
2248 2606 2391 2666 est,
2445 2607 2664 2668 mater,

589 2695 887 2784 inquam,
909 2667 1369 2781 appellabitur.
1392 2689 1527 2758 Sub
1551 2689 1680 2756 hoc
1699 2709 1915 2756 tamen
1943 2694 2134 2758 titulo
2157 2695 2526 2760 insidiatam
2547 2695 2664 2759 filio

595 2799 754 2866 dicit
778 2799 1085 2890 quaesisse
1110 2797 1433 2887 pericula,
1458 2815 1531 2861 ut
1564 2789 1681 2860 filii
1714 2797 1816 2862 sui
1841 2797 2018 2864 bona
2051 2816 2266 2865 sector
2289 2801 2659 2888 possideret.

1290 2991 1980 3059 DECLAMATIO.

686 3148 881 3223 Nihil
898 3141 1185 3248 quidem
1202 3148 1384 3222 ultra
1398 3149 1546 3221 haec
1565 3149 1961 3222 timendum
1982 3151 2141 3223 fuit:
2165 3172 2232 3223 et
2245 3178 2324 3224 su
2331 3177 2452 3250 pra
2469 3149 2660 3222 fidem

592 3267 793 3341 laesus
830 3286 963 3340 est:
1006 3263 1329 3363 gratulari
1372 3285 1606 3336 tamen
1648 3265 1773 3338 tibi
1813 3265 1992 3338 inter
2031 3266 2457 3340 calamitates
2491 3289 2656 3350 tuaS,

670 3455 715 3488 ι.
741 3436 897 3488 Testis
922 3431 1127 3487 notitia.
1155 3433 1267 3497 An,
1295 3435 1462 3486 testis.-
1494 3453 1598 3486 nu-

591 3518 711 3567 trito
725 3515 787 3565 de
802 3523 985 3584 nepote
998 3512 1125 3564 dicit
1138 3529 1359 3564 eausam.
1374 3512 1592 3564 Senum.

595 3595 781 3647 Testis:
814 3591 999 3644 notitia
1022 3592 1087 3642 de
1110 3602 1291 3662 nepote
1312 3590 1438 3642 dicit
1459 3589 1598 3659 (dici

592 3679 790 3745 marg.)
812 3689 1017 3726 causam
1034 3709 1050 3736 ,
1074 3670 1256 3724 AErod.
1285 3671 1445 3724 Testis
1467 3673 1598 3724 noti-

592 3755 665 3808 tia
684 3753 749 3804 de
772 3763 955 3822 nepote
968 3771 983 3800 .·
1010 3749 1137 3800 dt'ct't
1156 3758 1363 3802 eausam
1382 3748 1594 3802 nullum

593 3842 951 3890 testamentum
976 3843 1179 3902 captat,
1214 3849 1260 3882 e.
1288 3850 1327 3884 s.
1348 3833 1596 3904 pignerat

590 3935 747 3988 puero
766 3937 780 3965 .·
804 3914 901 3966 hoc
919 3910 1151 3984 placuit,
1175 3910 1303 3964 Obr.
1332 3941 1406 3952 —
1431 3913 1591 3964 Suum

589 3998 909 4069 pignoratur.
938 3995 1017 4045 An
1041 4011 1157 4058 suo,
1184 3991 1305 4046 sch.
1332 4021 1405 4033 —-
1426 3994 1596 4047 Nota·

588 4077 681 4128 ’ωἐ.
722 4077 771 4128 V
770 4077 933 4128 ἱεαυὶι.
970 4076 1188 4128 Senum.
1226 4073 1390 4128 Illam
1426 4075 1483 4127 in
1502 4075 1595 4148 jus

597 4158 825 4222 vocavit,
850 4153 1027 4210 AErod.

1749 3453 1797 3488 2.
1815 3437 2008 3490 AEtatis
2019 3447 2106 3488 est.
2123 3437 2318 3490 AEtata's
2329 3455 2438 3490 non
2453 3449 2538 3490 ese
2553 3435 2656 3488 Seu.

1745 3512 1798 3568 3.
1833 3515 2014 3570 Oscula
2041 3537 2150 3570 sua.
2179 3517 2242 3568 ld
2269 3532 2350 3570 est
2379 3535 2486 3568 ora.
2511 3513 2654 3568 ovid.

1675 3596 1800 3648 Met.
1831 3599 1885 3660 Ι,
1915 3595 2048 3664 499:
2085 3618 2106 3642 ι
2126 3593 2287 3647 Videt
2319 3593 2520 3658 oscula,
2546 3609 2661 3662 qut

1680 3696 1703 3720 ι
1723 3693 1830 3726 non
1853 3676 1943 3726 Est
1967 3673 2156 3728 vidisse
2179 3675 2328 3726 satis.
2347 3697 2368 3718 ι
2393 3674 2654 3724 praterea:

1672 3755 1764 3826 qui
1787 3754 1899 3808 ideo
1919 3755 2174 3826 pen‘emt:
2199 3753 2340 3806 nihil
2357 3755 2568 3820 minua,
2591 3770 2658 3805 os·

1673 3835 1809 3888 cula.
1840 3837 2056 3889 Senum.
2089 3835 2238 3890 Nim.
2271 3834 2444 3890 oscula
2467 3853 2556 3886 sua
2583 3851 2656 3884 u-

1673 3911 1938 3968 nalt'n'an'o
1962 3913 2230 3988 inquinat,
2257 3911 2436 3968 AErod.
2459 3912 2656 3966 obn-

1671 3997 1784 4050 Nec
1805 4013 2032 4048 novercoe
2053 4015 2242 4048 omnes.
2267 3997 2519 4047 Francius
2537 4011 2656 4046 con·

1665 4073 1909 4145 jiciebat‚
1931 4085 1984 4126 ct
2003 4091 2231 4126 novercoe
2255 4091 2446 4126 omnes.

1742 4153 1792 4219 4.
1823 4153 2022 4218 Cicero,
2045 4171 2144 4224 pro
2170 4152 2447 4219 Cluentio,
2467 4169 2576 4222 cap.
2593 4151 2646 4200 V.
