2855 4871
589 393 1424 463 DECLAMATIONES.
1474 398 1851 467 CCLXXl.
2143 430 2164 469 1
2186 430 2259 493 17

671 660 1338 683 mmmm
1425 661 1429 663 ⁷
1632 666 2111 693 mmmmm
2120 674 2264 695 „uu

941 816 1469 947 ¹CCLxxl,

615 1106 750 1176 Ter
751 1106 962 1202 fhrtis
993 1122 1230 1179 contra
1263 1114 1533 1184 tertium
1544 1112 1829 1207 fortem.

187 1306 428 1387 Pauper
447 1317 510 1364 et
531 1303 702 1365 dives
724 1306 958 1367 inimici
981 1322 1175 1370 erant.
1205 1310 1469 1392 Pauperi
1493 1332 1656 1371 unus
1678 1311 1877 1373 filius:
1914 1313 2086 1374 diviti
2109 1327 2262 1375 tres:

253 1402 504 1463 fortiter
523 1418 980 1485 pugnaverunt.
1001 1408 1292 1489 Pauperis
1311 1406 1506 1484 filius,
1527 1420 1586 1468 et
1604 1430 1765 1469 unus
1780 1430 1849 1469 ex
1865 1410 2072 1470 divitis
2092 1410 2264 1488 filiis,

255 1522 289 1561 e
323 1500 464 1583 lege
497 1501 690 1563 fortes
727 1506 914 1564 armis
949 1506 1432 1566 contenderunt:
1467 1510 1698 1568 occisus
1726 1522 1814 1569 est
1848 1508 2051 1570 divitis
2082 1508 2263 1572 filius.

255 1600 492 1661 Iterum
517 1600 674 1661 alter
694 1602 906 1665 divitis
929 1602 1094 1665 filius
1117 1626 1259 1666 cum
1284 1604 1415 1667 filio
1444 1610 1725 1691 pauperis
1747 1609 1990 1671 fortiter
2012 1607 2183 1684 fecit3
2210 1623 2269 1670 et

253 1694 332 1756 de
355 1699 616 1778 praemio
641 1698 971 1776 dimicans,
995 1703 1226 1763 occisus
1249 1716 1353 1763 est.
1373 1704 1577 1763 Tertio
1602 1704 1769 1765 bello
1790 1726 2039 1787 quoque
2062 1708 2137 1781 is,
2158 1707 2269 1787 qui

257 1793 540 1856 residuus
561 1808 695 1855 erat
711 1795 920 1857 divitis
933 1796 1098 1859 filius
1109 1842 1126 1873 ‚
1143 1798 1379 1861 fortiter
1400 1800 1574 1875 fecit3
1595 1814 1654 1861 et
1676 1802 1839 1863 idem
1860 1802 1963 1861 ille
1981 1804 2269 1883 pauperis

257 1888 448 1953 filius.
469 1894 656 1955 Dives
675 1892 961 1977 probibet
979 1894 1180 1957 filium
1199 1919 1501 1980 pugnare:
1520 1920 1652 1961 non
1673 1912 1989 1983 parentem
2000 1898 2267 1961 abdicat.

1050 2106 1412 2172 SERMO.

271 2261 488 2327 Prima
507 2274 526 2299 ¹
562 2262 674 2329 ina
699 2268 1074 2333 communis
1095 2269 1404 2335 omnibus
1425 2270 1565 2333 fere
1586 2288 1665 2333 ex
1682 2266 2099 2333 abdicatione
2114 2290 2275 2358 pen-

191 2364 494 2435 dentibus
527 2374 996 2440 controversiis
1025 2376 1302 2464 quaestio
1320 2424 1336 2455 ‚
1373 2398 1459 2442 an
1490 2374 1725 2466 utique
1760 2396 2029 2442 necesse
2070 2375 2157 2440 sit
2182 2375 2275 2439 fa-

190 2495 338 2539 cere
372 2475 546 2556 filio,
587 2475 916 2566 quidquid
955 2497 1144 2566 peter
1175 2481 1484 2570 jusserit:
1525 2482 1592 2544 in
1637 2481 1716 2546 iis
1754 2497 1973 2546 tamen
2010 2497 2275 2546 contro-

191 2580 448 2660 versiis,
479 2581 726 2670 quibus
750 2580 835 2647 de
861 2585 1171 2670 praesenti
1193 2586 1429 2672 agitur,
1460 2608 1597 2650 non
1621 2585 1710 2650 de
1732 2587 2091 2672 praeterito.
2124 2587 2275 2650 Duo

197 2685 374 2748 enim
395 2710 626 2775 genera
648 2689 827 2754 scitis
848 2712 989 2754 esse
1009 2689 1501 2755 abdicationum
1514 2709 1535 2732 ²
1552 2713 1570 2770 ;
1590 2706 1704 2753 aut
1722 2687 2049 2778 objicitur,
2072 2711 2274 2777 quare

193 2791 426 2856 fecerit
457 2792 628 2860 filius
661 2793 951 2884 aliquid:
987 2813 1100 2860 aut
1137 2795 1473 2887 objicitur,
1512 2818 1717 2885 quare
1744 2816 1880 2859 non
1919 2793 2131 2859 faciat.
2164 2797 2275 2858 As·

191 2900 410 2984 petius
435 2917 534 2966 est
559 2901 726 2966 illud
753 2924 964 2991 genus
987 2903 1479 2968 abdicationum
1496 2951 1512 2982 ,
1542 2904 1609 2966 in
1639 2925 1774 2991 quo
1793 2902 1932 2992 jam
1961 2900 2278 2989 praeteriit

191 3009 476 3090 crimen,
501 3031 626 3074 nec
654 3007 1192 3076 emendationem
1215 3011 1471 3100 recipit.
1506 3009 1583 3076 In
1612 3009 1741 3078 hoc
1767 3010 1981 3076 lenius
2009 3032 2273 3076 versan-

191 3129 292 3176 tur
317 3131 572 3204 patres,
599 3131 667 3180 et
690 3114 807 3180 filii
833 3116 1056 3205 paullo
1085 3116 1386 3196 libet-ina,
1414 3115 1485 3182 in
1510 3139 1645 3206 quo
1671 3132 1771 3182 est
1794 3115 2277 3192 emendationis

193 3219 391 3286 locus.
1558 3219 1575 3240 ⁶

259 3415 306 3449 ι.
331 3399 534 3454 Prima.
559 3403 696 3454 Hinc
715 3421 883 3474 usque
898 3403 992 3468 ad,
1013 3405 1192 3456 Primo
1282 3425 1304 3448 α
1323 3414 1435 3454 tera
1448 3402 1679 3454 criminis
1690 3401 1915 3472 perfecti
1931 3420 1943 3449 ε
1960 3397 2123 3450 altera
2138 3397 2283 3452 velut

191 3473 300 3542 filio
307 3497 552 3552 pugnare
559 3481 864 3551 permisisti,
881 3483 1059 3536 omnia
1072 3501 1197 3534 con-
1281 3506 1304 3533 κ
1324 3481 1615 3554 pendentis.
1659 3481 1753 3536 ma
1794 3499 2001 3553 semper
2044 3500 2283 3553 asperam

191 3557 356 3609 tinuat
393 3571 446 3610 et
480 3561 717 3611 sermoni
755 3559 1007 3613 adscribit
1039 3563 1192 3614 AEco-
1280 3585 1302 3608 α
1321 3561 1615 3613 abdicantis
1655 3563 1917 3613 actionem
1956 3557 2153 3612 habet:
2184 3561 2282 3610 im-

193 3633 336 3702 dim,
369 3650 426 3688 et
449 3638 576 3691 inde
603 3637 817 3691 demum
842 3639 1194 3692 Declamatio·
1279 3661 1301 3686 ι
1321 3639 1575 3692 mutabile
1608 3653 1687 3691 est
1720 3639 1859 3692 enim
1897 3637 2043 3709 quod
2080 3639 2284 3690 factum

195 3733 304 3768 nem
327 3717 566 3772 inchoat.
1278 3739 1301 3763 ι
1322 3732 1418 3771 est.
1454 3719 1607 3782 fleo,
1639 3733 1701 3769 ex
1733 3729 1884 3787 parte
1913 3713 2193 3780 blandam,
2230 3725 2285 3766 et

259 3813 306 3847 2.
327 3799 448 3850 Duo
465 3799 614 3850 enim
629 3815 824 3872 genera
840 3799 978 3853 scitis
995 3817 1096 3852 esse
1111 3801 1195 3852 ab·
1277 3821 1301 3846 n
1322 3797 1567 3851 suadenti
1607 3797 1828 3850 simiiem
1857 3819 1869 3849 :
1904 3793 2104 3848 mavult
2140 3793 2285 3844 enim

191 3873 525 3929 ‹licentiosa-am.
555 3878 728 3930 citavi
764 3891 918 3930 antea
953 3879 1132 3931 locum
1165 3896 1194 3930 e
1278 3899 1302 3925 ι
1323 3892 1475 3950 pater
1506 3880 1789 3950 corrigere,
1821 3895 1983 3950 quam
2014 3874 2278 3927 abdicare.

192 3957 547 4024 Quintiliano,
575 3955 671 4009 lib.
689 3959 810 4022 vn,
836 3975 954 4028 cap.
981 3957 1196 4028 4327,
1281 3983 1303 4008 ι
1323 3963 1390 4013 At
1421 3979 1523 4032 pro
1554 3959 1671 4014 filiis
1690 4001 1707 4028 ‚
1734 3963 1787 4011 in
1822 3971 2051 4028 utroque
2087 3971 2278 4024 genere

195 4035 312 4089 huic
327 4041 549 4092 omnino
575 4038 828 4091 simiiem:
856 4062 880 4087 ι
900 4037 1198 4092 Abdicatio·
1282 4065 1304 4090 ι
1325 4045 1652 4095 summissam
1664 4079 1681 4106 ‚
1696 4053 1748 4092 et
1764 4035 1833 4090 ad
1853 4033 2283 4088 satisfaciendum

198 4133 318 4167 num
327 4139 390 4182 ,τι
407 4118 609 4191 inquit,
632 4119 816 4170 form
839 4132 960 4172 sunt
978 4119 1092 4173 duae
1104 4141 1117 4171 ε
1131 4119 1200 4172 al·
1283 4144 1307 4168 ι
1326 4122 1695 4193 compositam.
1714 4139 1737 4164 υ
1766 4117 2025 4169 AEnonms·
