2855 4871
611 396 1453 493 DECLAMA'rioN'ES.
1500 368 1811 489 <20less
2184 420 2260 487 ει

205 554 383 627 homo
413 574 558 625 tam
587 550 888 652 cupidus
924 577 1071 622 non
1107 548 1400 623 audebis
1425 548 1884 649 parricidium
1917 550 2140 621 facere
2168 574 2275 619 se-

212 668 480 743 cretum?
524 671 690 741 Non
745 668 991 765 ignoro
1043 665 1369 737 omnium
1413 666 1591 753 fere,
1640 664 1765 761 qui
1812 662 2271 752 abdicantur,

215 785 369 857 hunc
409 811 550 857 esse
597 808 903 873 morem,
962 801 1040 853 ut
1083 801 1234 854 acta
1263 780 1416 881 jam
1463 805 1675 854 causa
1710 778 1800 852 ad
1832 804 2067 878 preces
2099 804 2275 851 con-

219 922 562 989 vertantur,
606 921 679 972 et
713 899 1036 997 mitigare
1066 918 1296 996 patres
1337 895 1650 995 rogando
1676 895 1899 970 velint
1929 922 1942 965 :
1988 894 2273 967 hoccine

223 1037 280 1088 tu
301 1017 594 1116 concipis
625 1016 872 1089 animo
901 1041 1099 1115 posse
1131 1014 1320 1103 fieri,
1355 1035 1439 1087 ut
1466 1010 1742 1085 exores?

226 1274 1793 1300 mmmm-mmmmm
1797 1270 2279 1295 mm

1026 1461 1435 1540 CCLIX.

539 1694 824 1793 Pauper
847 1693 1206 1791 naufraqae
1235 1689 1582 1779 liberator,
1619 1698 1925 1767 maritus,

225 1857 374 1919 Dives
395 1881 534 1919 cum
557 1863 760 1922 amico
782 1882 1052 1943 paupere
1073 1875 1134 1920 et
1155 1858 1285 1919 filia
1309 1859 1671 1941 navigabat:
1694 1861 2093 1943 naufragium
2112 1859 2286 1921 fecit:

285 1955 480 2016 extulit
502 1956 701 2017 filiam
724 1958 931 2017 divitis
953 1967 1208 2039 pauper.
1233 1959 1475 2018 Rumor
1497 1954 1629 2019 erat
1648 1978 1786 2019 eam
1803 1972 2144 2042 nupturam
2167 1960 2293 2021 cui-

286 2050 416 2112 dam
433 2052 634 2114 nobili
645 2052 880 2135 juveni.
907 2052 1200 2129 Quodam
1218 2068 1501 2135 tempore
1524 2055 1591 2115 in
1616 2052 1807 2115 domo
1829 2054 2037 2115 divitis
2060 2054 2290 2117 tumul-

283 2162 369 2209 tus
404 2150 558 2211 fuit:
607 2151 845 2211 inventi
891 2164 1034 2213 sunt
1081 2172 1210 2210 una
1252 2172 1489 2233 pauper
1524 2165 1584 2211 et
1619 2151 1865 2233 puella:
1912 2152 1990 2212 ab
2026 2166 2293 2235 utroque

283 2246 504 2308 dictum
525 2260 618 2308 est
640 2248 921 2308 vitiatam
949 2246 1238 2331 puellam.
1265 2247 1603 2331 Imperavit
1626 2246 1769 2309 filiae
1800 2248 2000 2325 dives,
2028 2262 2100 2310 ut
2131 2269 2293 2333 nup—

283 2346 386 2407 tias
412 2358 692 2429 optaret:
727 2346 944 2407 educta
976 2347 1054 2407 ad
1087 2347 1515 2428 magistratum
1532 2393 1549 2423 ‚
1578 2348 1847 2429 optavit:
1882 2362 2091 2431 postea
2127 2370 2295 2410 com·

283 2447 432 2528 perit
449 2445 650 2522 dives,
671 2466 799 2506 non
823 2465 950 2506 esse
961 2447 1240 2507 vitiatam
1261 2445 1537 2529 pueliam
1550 2493 1567 2523 ‚
1587 2447 1880 2530 imperat,
1896 2460 1967 2508 ut
1984 2447 2296 2528 relinquat

285 2565 646 2628 pauperem:
681 2544 998 2606 nolentem
1028 2544 1378 2626 relinquere
1399 2543 1665 2606 abdicat.

1063 2746 1432 2815 SERMO.

299 2909 373 2970 In
407 2906 715 2972 omnibus
755 2903 1031 2996 quidem
1067 2905 1503 2982 abdicationis
1543 2906 2041 2989 controversiis,
2070 2924 2299 2998 quate-

217 3035 333 3077 nus
367 3037 488 3101 pro
524 3013 752 3079 liberis
788 3011 1104 3092 dicimus,
1141 3013 1465 3079 submissa
1504 3011 1778 3078 debebit
1806 3035 1949 3079 esse
1990 3015 2163 3080 actio
2184 3063 2201 3093 ‚
2236 3032 2307 3080 et

223 3122 634 3188 satisfactioni
659 3122 911 3198 similis.
947 3123 1024 3187 In
1058 3119 1183 3186 hac
1213 3139 1437 3187 tamen
1470 3122 1954 3201 controversia,
1986 3120 2163 3188 istud
2189 3121 2305 3187 ali-

225 3245 457 3315 quanto
481 3227 690 3316 magis
715 3225 1114 3293 servandum
1142 3244 1274 3292 est:
1305 3247 1459 3292 nam
1485 3213 1564 3292 et‘
1582 3226 1716 3292 filia
1739 3243 1839 3292 est
1868 3250 2016 3317 quae
2039 3226 2307 3295 abdica-

229 3349 356 3397 tur:
385 3351 452 3399 et
475 3332 587 3398 hic
609 3350 799 3423 pater
821 3333 1073 3424 aliquid
1099 3333 1296 3400 etiam
1320 3332 1482 3400 boni
1509 3349 1577 3400 et
1599 3331 1942 3401 clementis
1968 3336 2092 3400 viri
2116 3335 2302 3400 fecit:

234 3453 294 3501 et
315 3439 499 3506 nobis
525 3440 931 3507 tutissimum
951 3489 968 3520 ,
999 3439 1099 3504 uti
1131 3440 1328 3504 etiam
1357 3438 1483 3504 hac
1506 3438 1823 3537 bonitate.

908 3633 1611 3703 DECLAMATIO.

325 3785 471 3856 Non
505 3785 790 3885 ignoro,
827 3784 1138 3886 judiceS,
1176 3805 1523 3884 quantum
1553 3810 1775 3859 causae
1809 3806 2051 3858 nostrae
2084 3789 2312 3862 oneris

246 3901 502 3973 accedat
533 3927 616 3973 ex
644 3927 938 4001 persona
969 3899 1386 3992 abdicantis;
1423 3927 1568 3974 non
1596 3922 1877 4002 propter
1912 3901 2092 3974 iilud
2126 3931 2314 3975 com-

247 4039 477 4108 mune,
521 4018 714 4117 quod
755 4039 945 4117 pater
978 4037 1114 4105 est3
1155 4016 1278 4089 sed
1322 4017 1515 4114 quod
1550 4038 1743 4116 pater
1790 4016 2312 4116 indulgentissi-

251 4155 422 4222 mus,
457 4134 726 4207 amicus
753 4134 1100 4234 optimus:
1144 4132 1354 4206 etiam
1401 4133 1457 4205 si
1499 4133 1781 4232 quando
1826 4131 2159 4234 injuriam
2200 4165 2317 4214 ac-
