2855 4871
537 402 1372 485 DECLAMATIONES.
1421 418 1867 485 cccxxxl.

726 623 1054 713 PARS
1117 624 1667 713 ALTERA.

849 826 1551 893 DECLAMATIO.

2117 406 2243 503 3‘47

247 990 394 1061 Lex
429 1012 630 1077 eum,
667 987 792 1086 qui
825 987 1065 1087 capitis
1097 987 1473 1079 accusarit,
1512 1013 1743 1087 neque
1781 989 2246 1078 damnaverit,

155 1104 378 1203 capite
422 1103 656 1203 puniri
690 1103 910 1204 jubet.
955 1104 1217 1205 Capitis
1249 1104 1517 1205 judicia
1552 1125 1735 1179 certa
1774 1125 1975 1195 sunt,
2010 1125 2076 1177 et
2104 1105 2247 1177 vim

152 1246 356 1293 suam
388 1221 690 1295 habent:
729 1248 1005 1321 semper
1041 1222 1286 1322 capitis
1313 1222 1587 1324 judicia
1624 1242 1789 1293 sunt
1828 1222 1935 1294 his
1976 1221 2249 1320 legibus

153 1336 564 1427 constituta,
593 1337 852 1436 quibus
891 1365 1102 1411 nemo
1133 1359 1352 1438 potest
1379 1338 1699 1411 damnari
1738 1337 2111 1437 plusquam
2142 1365 2253 1409 se·-

153 1452 292 1523 mel
323 1480 340 1523 :
379 1452 642 1527 habent
674 1479 872 1525 suam
915 1454 1217 1525 formam
1239 1508 1260 1541 ‚
1293 1480 1505 1525 suum
1530 1453 1882 1556 judicium
1905 1466 1953 1543 ¹,
1992 1479 2250 1527 nume-

156 1594 314 1639 rum
357 1594 604 1659 suum,
642 1569 1079 1666 quaesitorem
1113 1596 1361 1661 suum,
1402 1596 1529 1643 sua
1556 1590 1907 1669 tempora,
1948 1594 2073 1641 sua
2116 1595 2250 1640 no-

157 1682 378 1756 mina.
395 1686 765 1785 Responde
785 1686 995 1785 igitur
1015 1687 1190 1760 mihi
1214 1707 1287 1759 tu
1303 1743 1322 1773 ‚
1343 1686 1468 1786 qui
1492 1707 1893 1759 accusatum
1918 1706 1983 1757 te
2007 1685 2251 1784 capitis

156 1826 297 1873 esse
337 1803 732 1893 contendis»,
773 1830 914 1902 qua
949 1804 1102 1903 lege
1136 1802 1350 1875 fueris
1387 1828 1545 1874 reus
1573 1829 1588 1873 ε
1619 1799 2081 1900 injuriarum?
2114 1800 2250 1873 Hic

149 1914 298 2015 jam
343 1916 524 2018 ipsos
566 1919 991 2018 interrogare
1019 1918 1292 2020 judices
1331 1944 1613 2017 possum
1634 1975 1653 2008 ,
1698 1944 1788 1989 an
1830 1915 2249 2016 injuriarum

159 2032 332 2105 actio
375 2032 680 2133 capitalis
721 2033 848 2106 sit:
894 2034 1015 2107 sed
1057 2032 1232 2134 quid
1276 2032 1536 2123 habeo,
1578 2057 1790 2132 quare
1828 2031 2252 2128 interrogem

154 2144 466 2243 judices?
499 2174 578 2241 ex
605 2168 672 2221 te
700 2148 854 2251 ipso
874 2176 1139 2249 quaero,
1169 2148 1589 2250 injuriarum
1614 2147 1989 2221 damnatus
2012 2167 2250 2218 utrum

163 2263 545 2337 occidatur?
579 2293 724 2337 non
765 2266 1036 2365 opinor,
1071 2265 1224 2366 ejus
1256 2286 1322 2338 te
1357 2268 1679 2338 futurum
1720 2263 2249 2365 ²imp'u'dentiae,

161 2402 232 2452 ut
254 2379 390 2452 hoc
418 2382 835 2457 contendas:
874 2382 1131 2489 alioqu}
1164 2370 1402 2488 *dic-aru
1423 2439 1443 2472 ‚
1480 2381 1861 2455 damnatus
1900 2408 1968 2454 es
2001 2379 2252 2470 semel,

163 2496 529 2570 damnatus
574 2528 644 2572 es
679 2501 980 2600 ‚iterumz
1027 2528 1172 2573 non
1216 2527 1360 2573 esse
1403 2499 1536 2573 hoc
1578 2501 1821 2598 capitis
1852 2496 2205 2600 judicium
2230 2553 2249 2584 ,

233 2725 276 2758 ι.
303 2707 515 2762 Habent
546 2729 691 2763 suam
715 2712 984 2784 somam,
1014 2731 1162 2765 suum
1243 2711 1298 2760 in
1321 2711 1554 2760 Verrem.
1590 2707 1691 2760 sed
1724 2707 1913 2777 soepiue
1944 2706 1999 2756 in
2025 2703 2131 2754 hoc
2162 2719 2252 2754 va-

157 2785 420 2854 J'udt‘ct'um.
443 2789 570 2840 Haec
593 2791 772 2842 omnia
792 2791 903 2843 fere
927 2808 1035 2842 uno
1055 2809 1165 2842 ver·
1244 2791 1435 2841 riatum
1462 2801 1571 2854 est,
1596 2801 1655 2838 ut
1684 2788 1738 2838 in
1767 2787 1937 2837 forma
1968 2797 2020 2835 et
2047 2781 2249 2835 ordine.

163 2863 231 2914 bo
253 2865 474 2932 Quintil.
497 2867 624 2919 alibi
641 2868 950 2942 complexus
970 2882 1050 2922 est
1067 2867 1159 2920 lib.
1241 2869 1396 2920 Nova
1409 2867 1527 2939 lege
1544 2869 1740 2919 factum
1760 2879 1837 2918 est
1850 2903 1866 2931 ‚
1880 2864 2053 2937 iuquit
2064 2863 2249 2917 Cicero

163 2944 259 3009 111,
299 2962 418 3016 cap.
461 2961 553 3011 ιο,
592 2945 636 3018 §.
683 2965 702 2999 ι
727 2970 740 2999 =
790 2971 813 2995 κ
832 2950 894 3002 In
931 2947 1162 3020 publicis
1244 2949 1310 3002 de
1332 2948 1580 3014 Finibus,
1604 2963 1664 3001 ut
1690 2946 1881 3000 eodem
1904 2945 1988 2999 die
2014 2964 2135 2998 reus
2161 2965 2252 2999 ac-

169 3021 443 3092 ·judieii⁸‚
487 3028 692 3096 inquit,
727 3040 924 3098 praetor
961 3025 1160 3099 (quem

169 3125 190 3148 ι
208 3103 540 3173 quesitorem
573 3103 664 3157 hie
703 3105 973 3178 appellat)
1015 3115 1162 3160 certa

168 3181 318 3253 «lege
341 3184 578 3235 sortitur.
597 3207 622 3230 a·
641 3183 925 3238 Habebunt
945 3187 1106 3255 igitur
1131 3203 1162 3237 a

163 3261 270 3333 lege
293 3262 544 3336 capitalia
563 3263 764 3336 judicia
780 3303 796 3332 .,
827 3283 922 3319 sua
945 3266 1163 3340 propria

1241 3030 1475 3080 cusator-i
1494 3027 1872 3101 responderet:
1902 3045 2016 3098 quae
2040 3025 2123 3078 lex
2152 3027 2251 3078 fuit

1237 3109 1477 3180 Pompeii
1500 3109 1711 3180 Magni:
1736 3107 1839 3160 bac
1862 3105 1980 3160 duoe
2002 3105 2145 3158 hom
2170 3125 2252 3159 ac·

1242 3189 1501 3250 cusatori,
1522 3201 1625 3241 tres
1644 3206 1734 3240 reo
1755 3185 2034 3239 dabantur.
2060 3187 2250 3238 Forma

1240 3282 1419 3322 autem
1439 3266 1762 3338 judiciorum
1779 3265 2118 3340 publicorum
2136 3279 2249 3318 erat

163 3345 374 3394 nomina
391 3381 408 3408 ‚
455 3362 573 3415 quae
615 3345 798 3398 Macer
841 3359 1120 3398 enumerat
1143 3366 1158 3396 ε

164 3442 314 3476 suum
349 3427 680 3497 quesitorem
695 3463 714 3491 ‚
755 3425 1054 3498 parricidii,
1095 3425 1162 3480 de

163 3505 489 3576 ηροῑωιᾶίε,
509 3508 648 3560 inter
666 3510 914 3574 sicarios,
945 3523 1045 3563 etc.
1072 3511 1162 3580 qui

165 3601 340 3640 omues
363 3599 616 3658 pretores
643 3600 817 3640 erant:
845 3587 937 3640 sed
959 3606 1058 3659 per
1079 3607 1164 3640 ex-

165 3663 456 3718 cellentiam
473 3680 671 3737 praetor
687 3666 922 3720 urbanus
933 3703 950 3732 ‚
968 3679 1164 3738 praetor

165 3743 479 3813 appellatur:
497 3743 580 3810 hi,
596 3757 880 3816 quaestores
895 3745 1005 3797 sive
1025 3763 1164 3816 qum-

165 3822 362 3874 sitores.
383 3821 668 3876 Habebant
690 3836 744 3876 et
762 3821 1008 3894 capitalia
1021 3821 1164 3896 judi·

165 3901 242 3952 cia
263 3921 542 3956 numerum
563 3923 720 3957 suum
733 3903 974 3975 judicum
995 3919 1162 3971 Lxxn,

166 3999 386 4051 quorum
417 3985 627 4036 sortitio
659 3997 712 4036 et
743 3986 960 4055 rejectio
995 3984 1162 4038 fieret.

169 4059 266 4114 Sua
289 4075 559 4134 tempora:
587 4083 708 4118 uam
733 4081 800 4116 xx
822 4063 936 4118 dies
962 4064 1166 4118 daban-

169 4151 250 4192 tur
265 4144 585 4209 accusatori,
601 4163 693 4196 reo
711 4143 948 4196 totidem.
965 4146 1162 4200 Ascon.

1241 3348 1296 3398 in
1320 3347 1687 3400 sortitiouibus
1701 3385 1719 3412 ‚
1746 3342 2217 3398 subeor-titionibus
2230 3381 2248 3410 ,

1242 3429 1644 3500 rejmfinnibns,
1664 3425 2150 3499 obsignatiouibus‚
2170 3427 2250 3478 in·

1241 3507 1685 3578 teu-rogationibus
1708 3543 1725 3572 ‚
1780 3504 2212 3579 ampliationibus
2232 3543 2251 3571 ‚

1241 3585 1895 3660 comperendinatiouibus
1906 3623 1923 3653 ‚
1942 3589 2125 3660 primis
2137 3627 2154 3654 ‚
2174 3605 2251 3640 se-

1243 3667 1431 3721 cundis
1456 3705 1473 3732 ‚
1530 3666 1878 3740 pluribusque
1938 3666 2249 3718 actionibus.

1243 3747 1513 3800 AEnontm.

1315 3845 1364 3880 2.
1388 3828 1514 3882 Non
1532 3839 1593 3880 ut
1611 3828 1801 3900 opinor
1813 3829 1924 3900 ejus
1942 3835 1991 3878 te
2001 3825 2253 3898 futurum

1243 3906 1599 3978 impudentiae.
1644 3904 1774 3958 Dele
1820 3900 2135 3976 particulam
2176 3912 2250 3955 ut.

1243 3988 1408 4040 Gnou.
1427 3991 1504 4041 lta
1522 3999 1575 4040 et
1588 3985 1846 4040 Obrecht.
1862 3982 1957 4038 sed
1972 3983 2051 4038 cl.
2069 3981 2254 4035 Schul-

1246 4068 1469 4136 tingimus,
1492 4085 1599 4119 non
1626 4077 1699 4132 tu,
1721 4085 1827 4137 op.‚
1850 4067 1959 4136 ejus
1982 4061 2253 4134 essumms

1247 4145 1372 4216 imp.
1395 4146 1649 4199 Delemus
1668 4154 1727 4195 ut
1744 4161 1865 4196 cum
1888 4143 2000 4214 nip.
2025 4141 2113 4193 En.
