2855 4871
543 393 670 476 456
1039 391 1132 454 M.
1180 391 1431 454 FABn
1476 389 2117 473 QUINTILIANI

537 511 895 604 aliquando
915 512 1200 578 infantes
1216 530 1230 558 ¹
1257 513 1735 601 exposuissent.
1754 515 1893 578 Hac
1914 537 1987 578 re
2004 513 2285 580 validius
2298 515 2645 582 offensum

537 643 798 688 senem:
823 620 1044 710 itaque
1065 617 1326 686 dedisse
1347 642 1618 708 operam
1634 668 1649 698 ,
1670 636 1745 684 ut
1763 643 1833 684 se
1856 620 2259 708 pulsandum
2278 621 2642 710 praeberet:

538 727 895 816 deceptum
921 744 1100 792 certe
1132 724 1216 791 ab
1246 749 1327 792 eo
1358 726 1556 790 etiam
1581 742 1881 815 tempore
1916 727 2059 814 ipso
2088 728 2445 817 juvenem,
2474 729 2647 794 inci-

537 833 712 899 disse
743 834 813 898 in
842 855 1032 913 eum,
1063 854 1265 922 quem
1291 833 1563 897 minime
1586 850 2019 920 provocatum
2042 834 2281 924 injuria
2312 834 2527 898 vellet.
2558 837 2646 898 At

533 943 723 1008 illum
758 942 1104 1008 confestim
1135 958 1473 1030 tamquam
1513 940 1596 1006 de
1626 941 1842 1006 alieno
1880 963 2015 1006 non
2054 939 2457 1007 deliberasse
2496 964 2645 1006 san-

535 1050 772 1138 guine:
821 1065 888 1112 et
927 1048 1083 1137 quia
1122 1044 1501 1114 redditurus
1552 1060 1722 1110 esset
1770 1046 2139 1133 expositum
2164 1095 2180 1124 ,
2235 1046 2641 1112 debilitasse.

534 1157 730 1220 Certe
757 1177 910 1219 eum
929 1153 1074 1242 lege
1093 1152 1297 1240 patris
1324 1175 1548 1233 usum,
1567 1151 1681 1242 qui
1703 1151 1928 1231 sciret,
1956 1173 2078 1218 nec
2098 1174 2169 1216 se
2193 1170 2486 1240 patrem,
2513 1175 2641 1218 nec

531 1262 716 1328 hunc
741 1262 974 1326 filium.
1001 1259 1513 1326 Adolescentem
1536 1275 1759 1326 autem
1778 1309 1794 1338 ,
1822 1260 1978 1350 quia
2002 1257 2306 1324 nondum
2328 1283 2643 1349 perspec-

535 1385 682 1434 tum
707 1367 819 1432 illo
843 1385 1144 1453 tempore
1166 1383 1424 1456 patrem
1446 1365 1784 1445 habuerit,
1810 1383 1987 1432 certe
2012 1367 2165 1456 quia
2186 1367 2477 1457 probare
2502 1391 2641 1433 non

457 1533 464 1538 .
533 1474 855 1564 potuerit,
881 1473 1198 1539 tacuisse:
1227 1495 1405 1538 nunc
1429 1490 1658 1562 petere
1690 1473 2026 1538 talionem.

535 1722 2635 1746 “WWWWWWQWU

1335 1915 1825 2004 CCCLIX.

1069 2147 1182 2217 Lis
1207 2142 1565 2244 publicani
1592 2145 1675 2217 de
1704 2144 2090 2219 unionibus·

537 2355 801 2413 Pas-ren
841 2369 1276 2411 tmuium-:uu
1317 2368 1589 2412 trinnis
1610 2395 1626 2427 ,
1674 2371 1873 2412 ouum
1913 2371 2023 2412 ans
2066 2362 2089 2388 ²
2106 2371 2635 2426 QoAmtAezsnuu

616 2470 959 2511 PunucAno
988 2468 1285 2510 namur.
1315 2452 1673 2511 Punucmo
1696 2471 1993 2511 scam-,uu
2018 2470 2251 2511 menn.
2282 2452 2473 2527 Qoon
2498 2473 2637 2527 Qms

616 2570 944 2611 raornssus
973 2570 1092 2609 nou
1120 2569 1345 2609 runnu·
1361 2594 1378 2625 ,
1405 2570 1656 2611 pennu.
1682 2551 2045 2611 Min-noun!
2066 2570 2148 2611 ιω
2176 2570 2397 2611 menn·
2428 2572 2639 2613 Απικ-

615 2669 785 2709 omn.
823 2648 1111 2707 Matrona
1147 2648 1264 2707 iter
1295 2646 1557 2723 faciens,
1588 2669 1783 2730 quum
1816 2648 1890 2708 ad
1930 2648 2301 2731 publicanos
2332 2653 2637 2727 venisset,

613 2748 879 2806 uniones
896 2742 1129 2805 habens
1150 2764 1317 2817 ecce,
1337 2745 1402 2803 in
1425 2746 1629 2805 sinum
1652 2744 1923 2804 abdidit:
1946 2743 2061 2806 hos
2081 2767 2275 2827 quum
2298 2749 2639 2829 requireret

612 2841 1010 2924 publicanus»,
1033 2854 1320 2901 matrona
1341 2840 1653 2900 scrutandi
1679 2854 2040 2923 potestatem
2067 2841 2240 2916 fecit,
2262 2843 2636 2925 publicanus

615 2938 822 2998 noluit
849 2940 1126 2999 scrutari.
1145 2938 1479 2998 Translatis
1506 2960 1767 2999 manum
1792 2940 2032 3021 injecit,
2057 2954 2117 3001 et
2140 2962 2283 3002 suos
2309 2940 2483 3003 dicit.

1399 3106 1761 3173 SERMO.

620 3246 1032 3333 Quaestiones
1061 3263 1243 3326 sunt,
1268 3272 1352 3313 an
1381 3249 1813 3315 instrumenta
1836 3250 2090 3317 itineris
2108 3249 2321 3316 videri
2343 3253 2633 3319 uniones

611 3408 652 3442 ι.
675 3388 930 3460 Infantes.
949 3388 1220 3462 Infantem
1235 3428 1254 3455 ,
1275 3390 1538 3441 AErod.—
1616 3394 1840 3463 tingius,
1865 3394 2057 3465 quibus
2081 3395 2134 3446 in
2163 3412 2396 3445 errorem
2424 3394 2633 3449 deduc-

532 3472 674 3539 Certe
699 3470 765 3521 ab
791 3487 868 3519 eo.
903 3470 1108 3521 Certum
1143 3468 1304 3524 habeo
1319 3508 1336 3535 ,
1363 3489 1530 3542 marg.
1615 3487 1700 3525 tus
1726 3487 1852 3525 erat.
1880 3476 1949 3525 Ut
1971 3472 2117 3525 Decl.
2142 3474 2457 3541 CCCLxlv,
2488 3496 2510 3519 ιι
2532 3475 2629 3527 be-

526 3547 707 3601 AErod.
731 3576 803 3587 --
823 3548 1106 3619 Deceptum
1114 3551 1382 3620 juvenem.
1411 3552 1531 3603 Haec
1620 3576 1644 3600 ι
1662 3555 1851 3607 neficio
1878 3554 2129 3625 temporis
2148 3578 2171 3601 ι
2200 3552 2356 3607 eaedis
2380 3568 2629 3607 auctores

527 3630 581 3679 in
599 3624 691 3677 tali
706 3644 761 3677 re
775 3628 1013 3697 praecipit
1025 3626 1245 3694 Fabius,
1261 3631 1351 3695 vl,
1373 3646 1416 3695 1,
1442 3630 1527 3683 16:
1614 3632 1742 3685 dixit
1758 3632 1936 3685 latere.
1948 3634 2161 3706 —Leqe
2170 3633 2348 3705 patris.
2360 3634 2501 3685 Eum
2520 3652 2629 3685 non

534 3730 556 3753 ι
575 3706 844 3759 Pulsatum
883 3707 1178 3777 querimur;
1215 3706 1283 3759 de
1326 3728 1379 3761 re
1419 3712 1532 3779 pn'·
1613 3713 1725 3789 [eye
1750 3717 1939 3785 patris,
1972 3714 2147 3767 AErod.
2176 3742 2248 3755 -
2270 3715 2625 3787 Perspectum,

533 3810 555 3833 a
577 3806 718 3839 mum
743 3789 858 3858 ipsa
883 3786 1193 3854 dicendum,
1219 3801 1330 3841 tum
1351 3791 1394 3841 si
1422 3808 1531 3843 non
1614 3795 1941 3864 Prospectum
1958 3834 1975 3861 ,
1996 3794 2123 3845 edit.
2141 3792 2267 3847 alie.
2290 3794 2625 3866 Profectum,

532 3888 554 3911 ιι
575 3885 778 3933 errore,
799 3880 896 3917 etc.
921 3884 1110 3938 nempe
1130 3867 1323 3919 invidia
1343 3870 1532 3921 crescit
1612 3890 1777 3941 marg.
1808 3870 1989 3925 AErod.

531 3968 554 3990 ι
577 3965 638 3997 ex
651 3944 762 4011 his,
778 3959 878 3997 etc.
901 3970 922 3992 n
944 3948 1035 3999 Eo.
1051 3976 1122 3985 —-
1137 3947 1387 4018 Tempore
1403 3950 1529 4020 ipso.
1684 3968 1729 4003 a.
1760 3952 2231 4027 Quaquesimam.
2258 3953 2337 4005 De
2368 3950 2473 4004 hoc
2498 3969 2627 4003 vec·

523 4026 700 4097 Ipsum
725 4029 973 4078 Francius
997 4028 1206 4079 volebat
1231 4050 1242 4077 :
1275 4027 1367 4079 sed
1399 4040 1531 4079 tem·
1612 4029 1755 4099 tigali
1780 4031 1979 4100 egimus
2004 4033 2057 4082 in
2087 4033 2299 4085 Dissert.
2326 4030 2395 4085 de
2416 4032 2621 4103 Vectig-

519 4122 645 4177 pore
656 4106 762 4175 ipso
775 4105 840 4158 de
852 4106 1081 4161 tenebris
1093 4106 1533 4181 capiebatSchul-
1608 4110 1797 4180 populi
1818 4111 2041 4163 romani.
2066 4128 2183 4183 cap.
2208 4112 2272 4161 V.

2812 5 2837 260 ¹
