2855 4871
474 439 1317 505 DECLAMATIONES.
1365 438 1930 504 CCCXXXVII.
2122 439 2242 505 381

134 565 333 638 bene
365 564 575 636 etiam
608 565 893 636 meritus
926 565 1011 638 de
1046 562 1401 663 republica
1434 563 1769 639 habetur:
1807 586 1872 637 et
1907 564 2040 637 hoc
2074 565 2254 638 inter

138 703 396 750 causas
431 678 671 750 mortis
706 698 823 750 est.

134 956 1411 980 mmmmm

1805 959 2251 981 mm„

809 1161 1604 1239 CCCXXXVIII.

515 1391 630 1463 Lis
656 1389 910 1491 defilio
942 1395 1373 1489 expositori-5,
1402 1408 1469 1465 et
1495 1394 1894 1492 repudiatoe.

144 1595 429 1674 Quidam
450 1609 467 1638 ¹
508 1596 831 1680 repudiata
861 1617 1089 1672 uxore,
1124 1619 1197 1658 ex
1226 1618 1353 1678 qua
1382 1596 1680 1680 juvenem
1717 1597 1920 1660 filium
1960 1597 2260 1678 babebat,

230 1709 347 1756 aut
369 1695 701 1756 videbatur
722 1694 985 1768 habere,
1012 1695 1190 1758 duxit
1216 1697 1425 1757 aliam.
1457 1699 1833 1780 Frequenter
1852 1697 2064 1780 jurgia
2086 1710 2264 1760 erant

234 1795 405 1852 inter
446 1794 807 1874 privignum
847 1807 907 1853 et
952 1813 1303 1855 novercam.
1348 1795 1638 1872 Quodam
1680 1809 1958 1878 tempore
2003 1817 2266 1857 asserere

234 1891 431 1971 coepit
458 1889 755 1971 juvenem
788 1913 1027 1972 pauper
1060 1893 1352 1972 quidam,
1383 1907 1444 1952 et
1470 1893 1672 1954 dicere
1695 1914 1874 1953 suum
1906 1891 2146 1952 filium:
2178 1895 2264 1969 is,

236 1989 349 2067 qui
380 2001 557 2069 pater
580 1987 924 2064 videbatur,
956 1991 1136 2049 torsit
1166 1991 1512 2050 nutricemz
1551 1989 1660 2049 illa
1693 1990 1910 2072 primis
1945 1991 2265 2049 tormentis

238 2081 489 2142 domini
519 2105 644 2144 esse
666 2083 867 2146 filium
893 2085 1065 2146 dixit.
1099 2087 1331 2146 Iterum
1358 2099 1552 2163 torta,
1579 2087 1729 2147 dixit
1761 2087 2104 2169 expositum
2137 2107 2265 2147 esse

240 2181 325 2240 ab
350 2180 463 2241 illo
479 2226 495 2258 ,
523 2182 631 2261 qui
659 2183 899 2258 asserit3
926 2195 986 2242 et
1010 2185 1170 2242 inter
1192 2181 1324 2244 haec
1348 2200 1600 2246 mortua
1625 2197 1729 2244 est.
1747 2183 1929 2244 Cedit
1946 2182 2037 2242 illi
2062 2197 2266 2267 pater:

228 2279 531 2361 juvenem
558 2280 879 2363 repudiata
903 2281 1185 2342 vindicat
1214 2283 1353 2342 sibi.

462 2478 599 2553 DE
656 2480 1212 2558 Pssoomsso
1261 2482 1401 2557 ET
1453 2425 1968 2560 Emoao.

1015 2676 1397 2743 -SERMO.

262 2834 665 2899 Prooemium
709 2835 1042 2924 propriam
1082 2834 1398 2914 formam,
1441 2832 1778 2922 propriam
1817 2830 2067 2919 legem,
2103 2850 2270 2917 pro-

164 2942 391 3030 prium
430 2940 705 3006 modum
736 2942 971 3007 habet:
1014 2965 1231 3031 neque
1272 2941 1662 3007 narrationis
1703 2941 1913 3005 forma
1951 2934 2167 3003 cadit·
2205 2937 2275 3001 in

164 3048 603 3135 prooemium,
632 3070 853 3137 neque
874 3048 1195 3112 locorum.
1224 3047 1353 3111 Uni
1386 3046 1550 3136 parti
1575 3042 2082 3109 Declamationis
2107 3040 2277 3105 solet

167 3177 319 3220 esse
350 3153 564 3219 simiie
595 3153 897 3243 epilogo:
925 3152 1078 3218 ideo
1102 3170 1325 3219 autem
1357 3152 1604 3234 simile,
1640 3150 1818 3241 quod
1856 3166 2135 3238 utraque
2169 3168 2277 3212 res

168 3262 563 3349 frequenter
583 3280 761 3326 extra
783 3262 1219 3350 quaestionem
1247 3258 1418 3327 est3:
1447 3284 1600 3325 nam
1627 3275 1693 3325 et
1713 3258 2108 3347 prooemium
2135 3278 2278 3319 rem

250 3464 298 3500 r.
350 3448 591 3518 Quidam.
632 3438 861 3518 Legatur
894 3448 1185 3516 Quintilia-
1264 3448 1360 3501 sibi
1378 3449 1440 3499 de
1453 3448 1757 3520 probe-mio,
1783 3458 1883 3499 ete.
1910 3447 2024 3497 Nos
2047 3442 2134 3495 ina·
2155 3458 2279 3493 eum

170 3546 277 3579 uus
303 3530 531 3579 institut.
558 3526 648 3579 lib.
680 3530 763 3592 lV,
788 3545 906 3599 cap.
942 3546 985 3593 ι,
1011 3534 1062 3579 'et
1092 3527 1183 3579 lib.
1268 3530 1377 3601 Bip.
1406 3542 1458 3580 et
1481 3530 1672 3580 rectius
1697 3530 1874 3579 forsan
1899 3526 2074 3578 credit.
2097 3524 2192 3575 En.

172 3606 273 3671 Vl,
292 3624 414 3676 cap.
450 3622 493 3656 1.
520 3607 679 3657 Facta
704 3608 939 3657 omnium
966 3624 1185 3677 compa·
1341 3628 1389 3661 α.
1420 3611 1606 3683 Neque
1639 3610 1952 3661 namte‘onis
1973 3607 2156 3677 forma
2195 3620 2280 3653 ea-

170 3690 419 3753 ntione‚
452 3686 628 3739 licebit
658 3686 745 3737 hic
774 3689 947 3757 ipsum
978 3690 1185 3755 Quinti·
1266 3688 1356 3741 dit.
1388 3712 1411 3735 a
1429 3691 1542 3741 Nec
1566 3688 1890 3757 argumentis
1914 3698 2088 3737 autem
2107 3704 2128 3730 ιι
2151 3679 2276 3745 (lib.

172 3768 379 3821 lienum
422 3786 711 3839 agnoscere
732 3790 743 3819 ε
787 3768 1061 3821 similiores
1106 3783 1186 3819 ta·
1268 3772 1356 3835 lv,
1378 3790 1423 3821 e.
1452 3788 1496 3829 ι,
1517 3770 1562 3841 §.
1582 3770 1674 3839 60)
1693 3792 1716 3816 ι
1735 3788 1831 3821 nec
1856 3768 2013 3831 loeis,
2035 3782 2130 3815 nec
2156 3780 2280 3814 nar-

172 3869 299 3901 men
329 3850 477 3901 locos
502 3850 755 3922 adscripsi
775 3850 980 3902 lubens.
1006 3852 1185 3902 AEnoo.
1274 3874 1296 3898 ι
1320 3852 1512 3903 rationi
1553 3851 1732 3903 similis
1775 3868 1892 3902 esse
1927 3851 1980 3899 in
2019 3845 2279 3918 prooemio

174 3956 249 3971 ·—
270 3928 417 3981 cedit
436 3928 532 3980 illo
550 3942 715 3997 pater.
742 3930 885 3981 Cedit
904 3928 990 3981 illi
1007 3940 1188 4002 pater.-
1280 3952 1301 3975 u
1324 3930 1484 3982 debet
1505 3934 1693 3983 oratio.
1719 3956 1740 3979 ι
1769 3932 1949 3981 ιΕιιου.

172 4012 451 4084 repudiata
486 4030 591 4062 non
627 4012 775 4063 cedit.
814 4012 1023 4084 Pauper
1034 4014 1195 4084 juve-
1346 4012 1396 4063 3.
1434 4010 1664 4082 Utraque
1700 4026 1774 4060 res
1800 4008 2280 4083 frequenterfxtra

174 4108 299 4141 nem
330 4090 565 4141 vindicat
588 4090 705 4152 sibi,
732 4090 907 4141 AErod.
940 4090 1081 4141 Cedit
1108 4088 1193 4141 illi
1272 4090 1603 4160 quoestionem
1637 4098 1725 4139 est.
1749 4109 1770 4133 ι
1791 4086 2106 4137 Prooemium
2135 4085 2201 4151 (1.
2229 4104 2279 4137 e.

173 4182 346 4241 pater,
358 4170 611 4241 juvenem
637 4168 937 4239 repudiant,
962 4168 1197 4220 vindicat
1280 4188 1301 4213 α
1324 4166 1369 4238 §.
1398 4168 1462 4239 3)
1482 4179 1561 4219 est
1589 4182 1718 4239 pars
1741 4176 1863 4217 ante
1885 4166 2182 4237 ingressum
2205 4165 2280 4215 rei
