2855 4871
610 444 1440 511 DECLAMATIONES.
1488 446 1725 511 CCCI.
2080 448 2202 513 205

150 695 415 715 mm

1386 696 2208 719 mmmmmm

1615 730 1622 743 v

1007 878 1381 957 CCCI..

666 1092 887 1192 Rapta
922 1119 965 1163 a
996 1092 1204 1164 divite
1228 1120 1359 1191 pro
1390 1094 1672 1167 ancilla.

156 1274 369 1355 Pauper
388 1274 645 1337 divitem
664 1278 953 1337 invitavit
970 1279 1049 1338 ad
1068 1298 1341 1339 coenam:
1366 1294 1500 1339 erat
1521 1280 1588 1341 in
1611 1280 1954 1343 ministerio
1969 1294 1984 1325 ¹
2008 1282 2212 1364 puella

220 1373 511 1453 pauperis.
536 1374 957 1457 Interrogatus
980 1398 1214 1459 pauper
1236 1398 1273 1435 a
1297 1377 1518 1452 divite,
1545 1397 1838 1459 quaenam
1859 1391 2038 1454 esset,
2062 1381 2218 1439 dixit

220 1466 519 1529 ancillam.
552 1468 879 1529 Discedens
912 1493 947 1531 a
981 1492 1160 1531 coena
1194 1470 1360 1532 dives
1396 1492 1536 1531 eam
1575 1473 1782 1555 rapuit
1815 1497 1830 1532 ε
1877 1474 2092 1535 educta
2135 1476 2215 1536 ad

222 1566 595 1647 magistratus
619 1556 826 1649 puella
858 1590 928 1628 ex
960 1568 1094 1650 lege
1124 1584 1445 1651 raptarum
1479 1572 1725 1654 nuptias
1752 1576 2004 1655 optavit.
2033 1574 2217 1633 Dives
2271 1640 2274 1647 ,

221 1678 443 1723 accusat
462 1684 800 1745 pauperem
816 1676 838 1703 ⁸
862 1666 1463 1748 circumscriptioni&

988 1858 1349 1925 SERMO.

232 2016 427 2082 Etiam
466 2018 523 2084 si
561 2041 714 2083 reus
752 2034 851 2083 est
887 2016 997 2083 hic
1030 2041 1303 2107 pauper,
1340 2040 1476 2082 non
1511 2033 1730 2081 tamen
1762 2014 1927 2081 mihi
1959 2018 2225 2082 videtur

158 2142 357 2210 aspere
393 2141 460 2189 et
497 2126 825 2191 concitate
863 2142 1092 2191 contra
1131 2124 1404 2189 divitem
1448 2142 1734 2190 acturus.
1775 2126 1921 2189 Non
1967 2142 2224 2189 tantum

160 2246 462 2295 accusator
485 2230 673 2297 dives
698 2230 827 2310 illi,
854 2230 971 2296 sed
996 2254 1203 2320 gener
1226 2248 1357 2311 est,
1394 2249 1462 2296 et
1489 2254 1612 2297 nos
1641 2254 1779 2297 non
1809 2228 2076 2297 sumus3
2100 2233 2223 2297 ira·

160 2333 349 2400 cundi.
376 2338 587 2425 Rapta
612 2338 874 2425 nuptias
899 2339 1169 2425 optavit.

221 2479 334 2532 1.1η
347 2484 651 2536 ntinisten'o.
672 2482 731 2535 ld
758 2497 863 2551 est,
886 2485 1025 2538 inter
1046 2486 1139 2537 mi·
1225 2507 1249 2530 α
1270 2485 1412 2556 quod
1435 2485 1624 2556 exlege
1641 2485 1840 2538 factum
1856 2483 2225 2536 est...Circum-

162 2557 440 2627 nisti-autes,
474 2575 541 2614 ut
576 2563 773 2632 passim
810 2563 911 2616 hae
948 2564 1140 2616 Decla·
1222 2587 1247 2612 ι
1266 2567 1482 2637 scriptio
1497 2585 1708 2636 semper
1721 2566 1918 2617 crimen
1933 2561 2032 2614 sub
2047 2566 2226 2633 specie

162 2639 389 2702 matione3
420 2642 490 2694 de
530 2646 682 2714 cujus
715 2645 863 2696 verbi
891 2648 1135 2718 proprie·
1223 2669 1247 2692 α
1266 2645 1395 2717 legis
1434 2647 1665 2700 involvit.
1705 2643 1867 2716 Quod
1909 2658 2134 2716 apparet
2167 2646 2224 2696 in

162 2729 249 2770 tate
267 2719 359 2772 vid.
383 2723 451 2774 ad
474 2726 689 2776 Petron.
714 2725 906 2776 xxxl.
1220 2749 1243 2772 ιι
1263 2726 1379 2792 illa,
1412 2726 1704 2798 legitimum
1742 2739 1851 2778 est:
1889 2724 2036 2797 quod
2069 2723 2222 2791 latet,

220 2799 913 2874 ².Divesaccusatpauperem
923 2802 1137 2856 circum-
1220 2803 1596 2856 «insidiosum.
1620 2804 1837 2874 Semper
1859 2805 2224 2874 circumscrip-

164 2877 429 2949 seriptionis.
458 2880 547 2932 Sic
572 2880 881 2934 Abimelech
905 2881 1137 2934 Abraam
1222 2907 1245 2930 ιι
1269 2887 1345 2936 tio
1382 2905 1480 2956 per
1509 2889 1600 2957 jus
1634 2885 1702 2938 ad
1735 2886 1978 2956 injuriam
2013 2885 2171 2938 veuit.
2193 2910 2216 2934 n

162 2971 203 3008 et
232 2961 362 3012 Isaac
397 2965 698 3029 accusavit,
734 2965 827 3036 qui
864 2965 1045 3016 Saram
1084 2978 1137 3017 et
1215 2963 1327 3015 Nos
1360 2963 1602 3016 fraudem
1633 2962 1737 3035 legi
1767 2963 1882 3014 fleri
1913 2961 2150 3014 dicimus.
2183 2953 2217 3015 l.

162 3037 419 3094 Rebeccam
442 3061 637 3095 uxores
656 3061 805 3110 suas,
826 3061 1038 3096 sorores
1060 3063 1136 3098 es·
1214 3055 1400 3093 contra
1426 3042 1612 3112 legem.
1639 3041 1674 3093 Ι.
1703 3043 1863 3094 fraus.
1889 3041 1950 3092 ff.
1978 3039 2044 3091 de
2067 3041 2220 3111 Legi-

162 3119 479 3190 sedin-rant,
500 3126 678 3193 Quare
706 3125 1005 3196 imposuisti
1032 3145 1134 3178 no·-
1213 3122 1335 3176 bus.
1360 3122 1446 3174 Ad
1480 3123 1618 3176 hanc
1649 3123 1820 3195 legem
1853 3123 2218 3194 circumscrip-

162 3199 859 3272 bis?etc.Circumscribere.,
879 3219 929 3260 et
950 3205 1136 3259 laedere
1214 3207 1408 3270 tionis,
1447 3208 1618 3277 inquit
1649 3204 1842 3258 Fabius
1877 3204 2043 3268 infra,
2080 3221 2220 3255 nun-

162 3297 201 3332 et
222 3285 387 3340 fallere
400 3301 513 3352 est,
532 3299 592 3338 ut
612 3306 675 3338 ex
698 3286 873 3338 edicto
894 3290 1136 3358 praetoris
1214 3301 1375 3354 quum
1395 3285 1698 3348 recurritur,
1719 3283 1820 3336 nisi
1834 3299 1998 3353 quum
2015 3295 2217 3334 rectum

162 3363 363 3416 minores
402 3367 827 3436 circumscripti,
870 3367 913 3416 si
949 3379 1139 3439 postu-
1208 3365 1299 3434 jus
1332 3364 1568 3434 nequitia
1601 3361 1874 3415 exclusum
1910 3373 2022 3424 est,
2057 3358 2219 3430 idque

164 3437 279 3508 lant,
299 3448 643 3498 restituuntur
658 3466 673 3494 ε
699 3457 751 3496 et
774 3445 1137 3517 circumscrip-
1213 3440 1347 3494 adeo
1363 3479 1380 3507 ,
1406 3461 1518 3492 non
1539 3443 1654 3512 ipsa
1679 3441 1852 3512 legum
1877 3455 2056 3510 pugna
2081 3439 2219 3493 inter

164 3521 223 3569 tio
238 3521 627 3577 adolescentum
644 3523 761 3592 lege
774 3525 1015 3576 Lectoria
1030 3525 1137 3576 viu-
1213 3539 1271 3575 se
1306 3535 1359 3574 et
1396 3525 1774 3588 commissura,
1807 3533 1866 3573 ut
1897 3522 1972 3574 itu
2003 3520 2216 3591 loquar,

165 3597 326 3656 dicata.
368 3607 467 3658 Hic
508 3625 635 3656 vero
678 3607 1097 3678 circumscriptio
1117 3643 1135 3672 ‚
1216 3601 1309 3654 sed
1342 3601 1488 3654 facto
1525 3613 1580 3652 et
1613 3599 1947 3652 cavillatione
1979 3602 2092 3671 ejus
2125 3600 2218 3670 qui

166 3699 245 3750 pro
266 3703 323 3736 ea
340 3684 657 3758 deceptione
684 3699 736 3739 et
762 3687 953 3740 frande
978 3690 1137 3740 sumi·
1214 3695 1515 3746 accusatur,
1545 3681 1672 3734 dum
1705 3678 1858 3734 salvis
1887 3680 2060 3733 verbis
2091 3680 2220 3748 legis

167 3774 255 3830 tur,
274 3783 381 3836 quie
412 3769 515 3821 sub
544 3757 885 3839 specie-legis
914 3768 1138 3820 involvi-
1214 3760 1295 3814 nati
1334 3764 1403 3830 τῷ·
1445 3762 1563 3831 fimo?
1581 3799 1622 3840 ,Β
1639 3759 1706 3828 μὶ
1750 3758 1802 3815 δὲ
1836 3761 2018 3828 ἱκεσίᾳ.
2051 3760 2182 3813 fauit
2200 3797 2219 3824 ‚

166 3853 261 3892 tur:
292 3857 345 3896 ut
374 3865 439 3898 ex
467 3845 651 3898 hac‘et
676 3846 963 3900 oecxun
985 3846 1135 3898 Deci.
1217 3841 1434 3912 decipit.
1459 3843 1582 3894 Non
1611 3856 1753 3896 recte
1785 3843 1945 3912 igitur
1971 3841 2054 3892 hic
2083 3857 2218 3910 pau-

164 3921 305 3988 infra,
328 3939 379 3978 et
401 3945 465 3978 ex
486 3926 569 3978 his
592 3926 765 3979 verbis
790 3926 997 3979 Senecae
1020 3945 1135 3980 ma-
1215 3941 1314 3996 per
1326 3924 1826 3994 circumscriptionis
1845 3919 2216 3974 accusabaturz

164 3997 387 4054 nifestum
428 4019 509 4057 est
529 4025 543 4054 2
586 4028 608 4052 ι
628 4004 845 4074 objici·
895 4003 1103 4076 (inquit
1120 4043 1138 4072 ,
1216 4000 1448 4073 ideoque
1473 4003 1563 4054 ait.
1587 4001 1768 4054 AEnon.

164 4073 347 4147 mivl,
366 4083 599 4135 Decium.
624 4081 729 4152 111)
753 4105 778 4129 a
798 4101 907 4136 non
932 4095 1136 4154 potest,
1287 4082 1339 4134 3.
1385 4083 1462 4134 Et
1504 4099 1594 4134 nos
1638 4099 1746 4132 non
1787 4095 1973 4132 smnus.
2011 4079 2130 4143 An,
2169 4089 2225 4130 et

170 4177 191 4200 ⁶
208 4161 339 4228 quod
356 4162 469 4234 lege
488 4165 715 4230 factum,
734 4166 893 4218 immo
912 4173 1021 4218 uon
1040 4165 1139 4216 nisi
1216 4165 1432 4216 noxium
1447 4199 1466 4228 ,
1480 4165 1524 4216 si
1537 4179 1676 4214 nunc
1686 4171 1854 4216 aeman
1867 4161 2188 4212 iracundiam
2201 4198 2218 4225 ,
