2855 4871
618 382 747 451 366
1126 385 1221 448 Μ.
1268 382 1522 446 FABII
1565 379 2210 463 QUINTILIAM

1104 651 1299 672 m
1687 649 2698 672 mmmmmm

1352 839 1979 930 CCCXXXV.

1026 1084 1320 1182 Infamis
1348 1088 1421 1156 in
1449 1109 1854 1168 novercam,
1884 1081 2294 1155 vulneratus.

612 1285 872 1346 Infamis
897 1285 963 1343 in
988 1303 1321 1342 novercam
1338 1327 1355 1358 ,
1379 1303 1524 1342 cum
1545 1294 1720 1364 patre
1742 1301 1997 1363 peregre
2025 1281 2343 1364 profectus
2373 1295 2508 1342 est:
2533 1305 2700 1365 quum

692 1387 762 1444 in
797 1384 1065 1442 latrones
1103 1381 1492 1455 incidissent,
1526 1380 1840 1460 fugerunt.
1882 1382 2063 1440 Pater
2098 1400 2375 1440 reversus
2413 1379 2701 1441 adulteros

691 1481 962 1540 inclusos
996 1481 1065 1538 in
1096 1476 1383 1538 cubiculo
1419 1475 1860 1560 deprehendit:
1889 1477 2118 1537 occidit
2148 1497 2455 1552 uxorem3
2494 1477 2701 1538 adulte-

692 1598 839 1638 rum
859 1575 1243 1636 vulneravit:
1276 1576 1327 1636 is
1350 1575 1546 1657 fugit:
1576 1587 1790 1657 postea
1811 1574 2171 1636 vulneratus
2193 1573 2368 1636 filins
2395 1578 2586 1638 venit.
2613 1578 2700 1636 ln-

693 1676 1031 1757 terrogavit
1060 1695 1205 1738 eum
1242 1689 1446 1757 pater,
1485 1696 1521 1734 a
1557 1695 1684 1755 quo
1709 1673 2070 1738 vulneratus
2101 1687 2288 1750 esset3
2328 1673 2441 1736 ille
2471 1697 2511 1738 a
2541 1676 2702 1736 latm-

692 1774 879 1835 nibus
921 1771 1156 1833 dixiv:
1204 1771 1446 1832 curavit
1485 1793 1630 1832 eum
1671 1787 1878 1855 pater,
1919 1786 1982 1833 et
2015 1772 2218 1834 reddit
2253 1793 2472 1834 causas
2509 1772 2700 1834 mortis

690 1870 1098 1932 voluntariae:
1135 1867 1298 1930 filius
1328 1870 1396 1930 C.
1432 1870 1509 1929 D.

1321 2049 2020 2117 DECLAMATIO.

706 2205 1053 2278 Adversus
1076 2206 1262 2280 mala
1288 2228 1359 2280 et
1386 2206 1677 2310 injurias
1701 2209 1998 2283 fortunae
2017 2267 2037 2300 ,
2065 2230 2136 2282 et
2167 2236 2454 2310 gravem
2479 2209 2700 2310 pleris-

614 2349 751 2422 que
770 2323 984 2395 vitam
997 2381 1016 2414 ,
1038 2350 1267 2395 unum
1285 2345 1531 2396 natura
1551 2326 1945 2400 remedium
1966 2326 2358 2418 invenerat,
2385 2350 2694 2400 mortem:
2798 2341 2799 2344 ’

614 2466 745 2513 nec
790 2438 1168 2539 quisquam
1218 2462 1439 2540 potest
1477 2463 1623 2515 tarn
1663 2442 1960 2516 crudelis
2002 2442 2425 2543 legumlator
2465 2442 2698 2529 fuisse,

614 2556 738 2655 qui
777 2556 1143 2628 hominem
1180 2556 1630 2630 innocentem
1656 2558 1794 2630 vita
1829 2558 2192 2659 puniret23
2227 2584 2454 2657 quum
2489 2577 2560 2630 et
2586 2556 2698 2628 hoc
2796 2604 2797 2630 ι

612 2673 847 2772 ipsum
889 2673 977 2747 sit
1013 2673 1420 2745 calamitatis
1459 2700 1715 2773 genus,
1755 2675 1936 2746 mori
1967 2674 2178 2747 velle:
2214 2674 2594 2747 necessaria
2621 2694 2698 2744 ta-

613 2814 779 2860 men
801 2810 1019 2863 vestra
1043 2789 1346 2889 cognitio
1374 2809 1503 2881 est,
1529 2810 1609 2862 ut
1634 2816 1814 2881 non,
1839 2790 2009 2890 quia
2028 2790 2212 2862 istud
2241 2788 2552 2863 liberum
2575 2812 2696 2860 esse
2793 2796 2795 2803 '

612 2902 1104 2977 innocentibus
1133 2932 1280 2978 non
1309 2926 1610 3005 oportet,
1647 2905 1767 2978 sed
1799 2905 1969 3005 quia
1995 2905 2204 2978 multi
2231 2927 2432 2996 sunt,
2469 2904 2587 3005 qui
2615 2903 2696 2974 sic

608 3018 1104 3092 conscientiam
1144 3023 1517 3096 emittunt:
1557 3044 1626 3095 et
1657 3023 1815 3096 ideo
1847 3022 2198 3124 adjectum
2235 3044 2337 3095 est
2367 3023 2694 3095 damnum
2792 3034 2793 3041 ’

610 3134 980 3234 sepulturae
994 3135 1048 3226 3,
1072 3163 1163 3227 ne
1182 3165 1253 3209 se
1276 3160 1530 3239 putent
1551 3166 1786 3239 poenas
1810 3140 2161 3239 effugisse.
2190 3139 2356 3212 ldeo
2382 3166 2510 3239 ego
2533 3138 2694 3209 hanc

690 3322 709 3356 ι
722 3344 736 3358 .
754 3304 807 3356 Α
826 3304 1109 3357 latr-onibus
1125 3306 1273 3358 dixit.
1300 3308 1367 3359 A.
1395 3307 1434 3360 l.
1461 3309 1620 3377 dixit,
1699 3310 1968 3363 scientiam
1987 3310 2250 3361 emittunt.
2273 3310 2390 3375 An,
2405 3310 2626 3361 evirant?
2635 3324 2692 3357 an

610 3406 733 3438 eum
769 3399 944 3459 pater,
987 3388 1130 3458 quod
1168 3387 1452 3459 infamavit
1493 3390 1625 3443 mori
1703 3388 1895 3440 conscii
1921 3388 2156 3439 animam
2186 3389 2474 3439 emitmnt?
2493 3390 2562 3439 Ut
2581 3386 2690 3437 Dec.
2787 3412 2789 3435 :

614 3468 728 3520 vult
744 3506 760 3532 ,
806 3479 857 3520 et
890 3467 1054 3520 reddit
1090 3486 1134 3519 c.
1174 3488 1247 3520 m.
1288 3469 1620 3523 voluntat-icc.
1701 3468 1791 3533 IV,
1810 3486 1875 3537 9²
1902 3470 2090 3537 -Quos
2114 3468 2330 3521 sceleris
2353 3486 2556 3531 consc·,
2577 3482 2690 3537 quos

612 3545 773 3601 Falsus
794 3548 847 3599 C.
868 3548 937 3599 D.
955 3546 1135 3599 AErod.
1160 3548 1291 3614 Alii,
1306 3549 1442 3601 dixit
1457 3568 1622 3621 quum
1709 3568 1733 3591 α
1753 3548 1968 3616 majoris
1987 3549 2251 3600 cruciatus
2273 3560 2446 3599 metus
2465 3551 2516 3599 in
2531 3562 2694 3615 supre-

605 3640 763 3704 pater
784 3628 999 3701 fuqeret
1020 3650 1035 3679 .-
1074 3629 1268 3694 reddit,
1307 3643 1409 3681 etc.
1453 3648 1619 3700 marg.
1708 3647 1732 3670 α
1753 3643 1838 3677 ma
1873 3623 2232 3697 compelleret.
2256 3649 2278 3672 ι
2313 3624 2530 3677 Senum.
2563 3626 2690 3676 Cons-

611 3713 800 3764 Pater:
824 3711 986 3763 reddit
1004 3729 1048 3763 c.
1070 3723 1169 3763 etc.
1196 3712 1466 3763 Francius.
1703 3708 1993 3759 amittunt?
2016 3708 2120 3759 AEr.
2155 3704 2282 3761 sch.
2313 3707 2382 3760 ad
2407 3704 2554 3759 Decl.
2572 3706 2621 3769 1,
2651 3720 2688 3771 ς,

686 3812 733 3847 2.
756 3794 1095 3845 Innocentem
1116 3812 1164 3843 υ.
1177 3811 1233 3864 p.
1250 3793 1389 3845 Dum
1410 3796 1460 3846 ei
1477 3794 1622 3845 necis
1703 3790 1860 3853 citat,
1882 3810 1905 3834 α
1925 3806 2104 3840 conse.
2127 3789 2433 3855 remittunt,
2453 3812 2474 3834 ι
2497 3786 2690 3855 corrigit
2783 3818 2785 3825 ·

612 3871 893 3926 adversum
916 3890 972 3923 se
996 3884 1315 3943 potestatem
1334 3870 1619 3937 adimeret,
1701 3886 1849 3935 vero,
1871 3869 1996 3938 «qui
2010 3867 2112 3920 sibi
2125 3886 2304 3919 conse.
2321 3870 2544 3919 animam
2561 3868 2692 3917 emit·

610 3966 725 4005 tum
749 3972 911 4024 quum
935 3970 1079 4006 mors
1097 3954 1214 4023 ipsa
1228 3955 1343 4022 jam
1360 3956 1466 4005 vita
1491 3953 1621 4005 bea·
1706 3966 1729 3991 ¹
1750 3958 1888 3998 tunt·
1913 3970 1934 3993 ²·
1986 3946 2110 3997 Non
2155 3944 2293 3998 male
2315 3984 2331 4013 2
2379 3948 2422 3999 si
2469 3944 2686 4015 legatur,
2781 4010 2783 4021 Ξ

612 4032 719 4082 tior
728 4046 823 4084 est.
836 4030 1171 4085 AEnom—Ut
1180 4050 1305 4097 non,
1318 4044 1421 4083 etc.
1431 4032 1621 4103 Utique
1698 4026 1793 4081 sibi
1810 4028 2003 4081 conscii
2023 4029 2258 4080 animam
2281 4028 2540 4080 emittunt.

614 4126 749 4175 uon,
772 4128 833 4161 ex
855 4112 989 4175 AEr.,
1012 4108 1140 4162 Obr.
1155 4148 1173 4177 ,
1192 4123 1245 4162 et
1262 4112 1377 4182 Bip.
1398 4140 1471 4151 -
1493 4110 1622 4161 Con·
1772 4110 1824 4161 3.
1852 4108 2132 4180 Acij'ectum
2157 4121 2234 4162 est
2255 4108 2510 4163 ᾰαηιπωιι
2533 4104 2686 4179 sepul·
