2855 4871
566 413 651 478 38
1066 409 1161 473 M.
1210 409 1465 474 FABn
1508 379 2144 490 QU1NT1L1A‘M

566 532 833 608 diutius
868 531 1081 632 quaeri
1112 551 1367 630 potest,
1406 556 1501 602 an
1529 529 1958 604 maleficium
1984 529 2106 620 sit,
2137 529 2336 630 cujus
2372 552 2648 628 poenam

562 650 830 740 solvat¹;
855 647 1220 748 praemium
1248 673 1473 746 operae
1497 674 1640 720 non
1655 645 1840 720 clam
1859 674 2086 744 neque
2105 667 2390 736 secreto,
2411 669 2652 744 quam·

564 794 777 867 quam
819 767 945 852 ista
977 793 1258 865 quoque
1292 766 1598 863 profecto
1623 766 1797 837 facta
1817 785 2008 856 sunt,
2043 764 2166 838 sed
2195 763 2432 862 palam
2461 759 2650 859 apud

562 883 997 982 magistratus
1012 882 1085 952 in
1101 880 1334 953 medio
1350 881 1502 952 foro
1520 879 1871 952 numeret?
1885 880 2218 952 Vidimus
2233 879 2478 951 decem
2499 873 2654 948 mil-

558 996 675 1088 lia,
702 1023 853 1094 quae
868 996 1163 1096 parasito
1179 995 1486 1068 donasti:
1519 995 1892 1095 interrogo,
1908 1022 2120 1096 quare
2139 995 2328 1066 ?non
2347 1013 2450 1065 est
2470 988 2655 1064 istud

556 1131 842 1210 propter
860 1111 1083 1208 longae
1102 1110 1443 1182 servitutis
1460 1110 1712 1202 officia,-
1727 1137 1870 1183 non
1893 1111 2198 1200 illarum,
2219 1097 2482 1207 quibus
2497 1127 2658 1204 gra-

556 1225 731 1299 tiam
744 1226 1027 1313 meruit,
1040 1226 1916 1299 contumeliarum:decem
1933 1226 2156 1298 millia
2169 1225 2655 1324 dedisti,quod

554 1341 926 1439 rapuisset:
959 1341 1095 1413 nisi
1126 1340 1435 1432 deberes,
1456 1369 1734 1414 summa
1763 1341 2242 1438 indignatione
2271 1343 2487 1414 etiam
2517 1343 2659 1414 vin-

556 1456 782 1530 dicare
811 1457 1167 1528 volueras:
1209 1484 1373 1528 nam
1396 1456 1518 1552 qui
1548 1453 1988 1526 candidatam
2007 1456 2370 1530 sacerdotii
2402 1459 2656 1557 rapuit,

552 1591 887 1642 nocuerat
897 1596 1089 1641 exem
1098 1571 1241 1670 plo,
1254 1590 1323 1641 et
1332 1568 1704 1667 tibiJgitur
1713 1589 1780 1640 et
1794 1569 2204 1670 inscriptum
2222 1571 2656 1646 maleficium

554 1704 654 1758 est
686 1684 1013 1756 adversus
1042 1711 1242 1775 eum,
1278 1711 1442 1755 cum
1477 1709 1617 1780 quo
1651 1682 1913 1784 agitur:
1947 1706 2013 1776 et
2045 1687 2478 1778 maleficium
2509 1715 2655 1762 non

553 1798 783 1872 solum
827 1801 1255 1890 confessum,
1306 1798 1426 1872 sed
1470 1799 1679 1872 etiam
1719 1827 1919 1899 grave
1953 1828 2032 1874 ex
2067 1801 2174 1874 his
2207 1826 2538 1902 apparet,
2593 1825 2660 1876 et

554 1939 635 1984 ex
669 1940 962 2012 persona
986 1914 1299 2012 parasiti,
1326 1913 1451 2013 qui
1481 1940 1852 2013 nunquam
1897 1916 1985 1988 ad
2019 1936 2283 1990 tantam
2313 1919 2659 2016 peccandi

550 2028 920 2100 audaciam
944 2030 1382 2129 processisset
1404 2056 1530 2102 sua
1553 2050 1824 2128 sponte3
1861 2052 1929 2102 et
1952 2057 2028 2102 ex
2060 2059 2354 2130 persona
2383 2033 2618 2107 divitis
2637 2091 2659 2125 ‚

553 2165 620 2216 et
644 2171 724 2216 ex
756 2145 1009 2236 causiS,
1040 2166 1106 2217 et
1130 2171 1211 2220 ex
1244 2145 1732 2217 numeratione
1760 2149 2104 2245 pecuniae;
2139 2175 2218 2219 ex
2246 2171 2502 2238 eventu
2536 2149 2661 2222 de-

550 2259 805 2356 nique,
842 2260 998 2358 quis
1044 2260 1432 2360 impulerit,
1464 2261 1622 2360 quis
1658 2263 1975 2361 coegerit.
2012 2267 2379 2362 Superest,
2429 2285 2514 2338 ut
2549 2291 2664 2336 os-

550 2375 869 2465 tendam,
902 2401 1049 2449 non
1084 2375 1251 2475 quid
1286 2377 1628 2474 parasitus
1667 2379 2038 2479 acceperit,
2068 2367 2197 2453 ‘sed
2245 2381 2420 2478 quid
2461 2381 2662 2453 dives

546 2488 721 2589 ipse.
792 2490 1155 2581 Quaeritis,
1212 2492 1383 2590 quid
1437 2480 1558 2562 iste
1617 2512 1668 2563 x
1721 2491 2034 2565 millibus
2081 2494 2369 2567 emerit?
2424 2497 2661 2568 videte

548 2605 767 2679 filiam
792 2630 1063 2697 contra,
1098 2608 1528 2679 sacerdotem
1551 2620 1604 2699 ²,
1634 2607 1854 2681 videte
1889 2611 2118 2694 vittas,
2150 2610 2380 2683 videte
2425 2612 2664 2685 hono-

548 2747 674 2793 res.
717 2723 1024 2795 Fortasse
1050 2747 1177 2821 ego
1204 2720 1503 2818 superbe
1535 2722 1786 2793 faciam
1815 2743 2024 2821 atque
2057 2747 2466 2824 arroganter
2485 2784 2506 2817 ,
2535 2726 2661 2825 qui

548 2857 909 2933 tamquam
966 2838 1305 2937 privatam
1364 2836 1696 2937 injuriam
1727 2893 1746 2926 ,
1803 2858 2162 2938 tamquam
2213 2840 2661 2913 maleficium

547 2947 872 3020 adversus
905 2978 1020 3021 me
1064 2950 1520 3023 commissum
1566 2978 1969 3050 persequar:
2017 2975 2234 3053 quota
2277 2956 2480 3027 enim
2529 2982 2662 3055 ego

548 3088 708 3133 sum
740 3065 970 3161 portio
1000 3066 1198 3137 istius
1225 3066 1766 3162 indignationis?
1799 3066 2070 3165 perdidi
2095 3070 2246 3141 sine
2271 3070 2500 3144 dubio
2533 3072 2666 3145 ho-

544 3204 793 3251 norem
820 3235 839 3268 ,
898 3180 1486 3278 pretiosissimum
1543 3208 1930 3279 pauperum
1955 3180 2266 3257 'censum
2303 3214 2317 3257 ε
2370 3187 2664 3286 perdidi

534 3291 1030 3388 ,virginitatem
1062 3294 1221 3365 filiae
1256 3321 1429 3367 meae
1449 3350 1469 3383 ,
1514 3315 1581 3365 et
1609 3296 1720 3367 cui
1753 3298 1962 3371 modo
1992 3300 2466 3373 sacerdotium
2505 3330 2669 3402 spe-

546 3404 820 3493 rabam,
865 3405 1152 3477 difficile
1198 3408 1609 3479 inventurus
1654 3435 1813 3481 sum
1858 3412 2064 3485 etiam
2098 3414 2465 3486 maritum.
2520 3416 2668 3491 Sed

542 3518 850 3619 populus
891 3519 1200 3617 perdidit
1236 3520 1604 3595 arbitrium
1639 3521 1850 3596 dandi
1889 3522 2214 3602 honoris:
2245 3528 2370 3601 sed
2408 3533 2666 3628 paullo

622 3720 669 3756 1.
718 3704 871 3775 Cujus
904 3722 1115 3775 poenam
1156 3706 1337 3757 solvat.
1382 3708 1521 3775 Lege
1541 3744 1558 3773 ,
1639 3724 1764 3757 nam
1807 3708 2006 3775 solvat,
2049 3724 2103 3763 et
2137 3714 2418 3785 pra-mium
2465 3734 2664 3790 operte.

541 3787 858 3857 cujuspoena
870 3784 1071 3851 soluta,
1086 3786 1425 3855 etproemt‘um
1441 3805 1559 3857 ope-
1712 3801 1759 3836 a.
1785 3785 1972 3839 Elium
1997 3800 2180 3843 contra
2199 3792 2544 3845 sacerdotem.
2577 3794 2670 3847 R-

542 3884 630 3918 roe.
670 3866 891 3918 Senum.
934 3868 1091 3938 Cujus
1127 3866 1407 3939 proemium
1451 3866 1556 3917 sol-
1639 3862 1766 3915 liam
1786 3877 1964 3918 contra
1984 3869 2256 3923 arbitrium
2277 3873 2479 3945 populi
2495 3894 2670 3934 sacen

542 3958 660 4015 vat,
682 3948 959 4017 proemium
984 3964 1176 4018 operae,
1204 3960 1335 4011 etc.,
1360 3948 1433 3997 ita
1459 3946 1556 3997 dis-
1637 3945 1840 4011 dotem,
1869 3948 2131 4002 AErodius.
2163 3950 2334 4004 Male:
2361 3967 2560 4009 contra
2584 3970 2670 4011 est

544 4030 739 4095 tinguit
760 4026 1083 4081 Obrechtus.
1112 4028 1394 4093 Francim,
1414 4028 1558 4097 cnjus
1633 4044 1737 4099 pro
1762 4027 1865 4077 isto
1893 4030 2062 4097 pretio
2087 4047 2120 4080 x
2143 4031 2397 4103 millium,
2439 4052 2503 4091 ut
2533 4038 2669 4095 dici.

541 4125 753 4181 poenam
772 4110 940 4163 solvit.
966 4106 1244 4176 AErodiu⁸‚
1271 4108 1427 4181 Cujus
1449 4124 1556 4176 ρω-
1635 4122 1752 4157 mus
1775 4125 1906 4159 auro
1928 4119 2105 4161 contra
2133 4130 2333 4166 carum.
