2855 4871
528 350 653 439 596
823 348 1289 413 CALPURNII
1328 345 1630 415 FLACCI
1669 343 2161 410 DECLAMAT.
2201 346 2310 409 L1.

1201 598 1393 620 W
1398 597 2076 623 mmm
2079 596 2524 622 mmmm
2527 598 2654 619 m

1503 784 1644 859 LI.

1238 1000 1542 1070 Invicem
1567 998 1896 1099 adoptati.

530 1204 772 1283 Pauper
795 1214 857 1263 et
876 1202 1045 1261 dives
1068 1202 1307 1261 inimici
1332 1200 1444 1259 visi
1468 1212 1612 1260 sunt
1635 1202 1702 1259 in
1725 1201 1986 1281 gratiam
2009 1200 2272 1261 rediisse.
2303 1200 2646 1262 Dedemnt

610 1301 879 1361 invicem
898 1298 1058 1359 filios
1074 1298 1483 1381 adoptandos.
1502 1299 1682 1359 Dives
1699 1298 1922 1359 occidit
1933 1298 2067 1379 lege
2081 1298 2608 1361 indemnatorum
2621 1344 2646 1373 ‚

611 1418 797 1479 quem
838 1408 1168 1479 acceperat.
1212 1396 1335 1473 Qui
1376 1407 1465 1455 est
1505 1394 1670 1477 apud
1711 1416 2046 1477 pauperem
2065 1443 2084 1471 ‚
2125 1395 2330 1457 reddit
2373 1416 2644 1457 causam

610 1494 826 1553 moitis
855 1492 1243 1553 voluntariae.
1267 1494 1510 1575 Pauper
1531 1489 1910 1553 contradicit.

1280 1701 1434 1747 PRO
1481 1699 1859 1749 PAUPERE.

631 1820 951 1911 Utinam,
970 1843 1192 1921 patres
1213 1821 1606 1921 conscripti,
1627 1820 1864 1894 liberis
1883 1822 2130 1894 nostris
2149 1822 2327 1894 exire
2349 1820 2437 1893 de
2463 1822 2642 1893 'vita

534 1938 681 2009 sine
709 1937 915 2010 nobis
944 1938 1197 2011 orbatis
1226 1966 1371 2010 non
1400 1936 1660 2009 liceret!
1699 1940 2046 2037 Perquam
2081 1937 2456 2037 indignum
2489 1960 2637 2027 est,

532 2052 589 2122 si
623 2073 1001 2151 utrumque
1035 2054 1285 2153 pignus
1318 2054 1639 2125 amittam
1657 2110 1678 2143 ,
1707 2073 1776 2124 et
1802 2052 1994 2150 quod
2024 2052 2214 2123 dedit
2244 2051 2640 2151 aliquando
2667 2108 2672 2115 .

533 2190 815 2259 natura,
861 2160 934 2243 et‘
972 2172 1163 2269 quod
1205 2155 1394 2243 nunc
1437 2170 1792 2243 substituit
1835 2168 2178 2243 amicitia:
2221 2196 2385 2241 amo
2431 2170 2638 2241 enim

526 2270 861 2383 juve⁷i1ern
881 2342 900 2375 ,
926 2286 1094 2386 quia
1125 2312 1269 2357 non
1303 2285 1515 2388 genui
1546 2312 1705 2357 meo
1733 2283 2072 2383 sanguine
2092 2341 2113 2374 ,
2137 2282 2258 2355 sed
2292 2283 2636 2355 'redemi

613 2506 659 2542 1.
692 2489 855 2542 Exire
889 2490 954 2542 de
988 2490 1114 2542 vita.
1156 2493 1233 2542 Ita
1272 2514 1294 2537 ι
1315 2493 1540 2561 migrare
1695 2508 1742 2542 2.
1765 2488 1898 2540 Amo
1921 2489 2352 2562 enimjuvmm‚
2375 2489 2502 2561 quia
2523 2507 2638 2540 non

543 2592 565 2615 ιι
586 2567 651 2624 de
670 2570 775 2629 vita
795 2591 816 2615 n
842 2567 970 2620 dixit
989 2567 1172 2622 Vellei.
1196 2570 1360 2620 Pater.
1382 2570 1434 2634 1,
1456 2587 1474 2620 1
1492 2587 1536 2620 1.
1615 2569 1779 2642 genui
1817 2585 1931 2618 meo
1967 2567 2250 2640 sanquine,
2291 2565 2382 2622 sed
2418 2564 2634 2616 redemi.

536 2648 649 2700 Nec
685 2646 973 2719 quidquam
1009 2647 1287 2717 vulgatius.
1314 2677 1383 2686 -—
1418 2649 1543 2701 Sine
1623 2647 1802 2714 Quum
1825 2645 1958 2698 illud
1981 2646 2337 2710 necessitatis,
2361 2643 2469 2698 hoc
2486 2643 2638 2716 judi-

538 2724 681 2780 nobis
722 2725 909 2777 orbatis
948 2743 1055 2777 non
1098 2723 1284 2778 liceret.
1320 2724 1544 2778 Videtur
1623 2730 1692 2779 cii
1724 2731 1806 2780 sit.
1841 2729 2059 2791 Senum-2
2092 2725 2340 2797 Intelligo
2358 2749 2372 2777 ι
2409 2724 2634 2779 Redemi

538 2803 715 2872 potius
738 2801 965 2856 delenda
986 2805 1213 2874 negatio.
1238 2807 1385 2856 Prm.
1625 2823 1654 2856 a
1677 2807 1841 2876 patris
1861 2805 1977 2858 saevi
2000 2804 2259 2858 manibus.
2281 2803 2376 2856 En.

858 3131 1065 3184 FINIS
1101 3131 1804 3186 DECLAMATIONUM
1840 3133 2298 3198 CALPURNH,

1152 3310 1248 3364 ET
1283 3309 1515 3362 snx'm
1552 3279 2006 3376 mmmmm.
