2855 4871
591 375 1435 443 DECLAMATIONES.
1480 376 1790 442 ccxcl.
2048 346 2057 353 ’
2122 403 2237 467 ¹77

141 532 268 575 ras.
309 502 682 575 Adulteros
731 523 804 574 tu
847 503 1032 574 dices
1065 504 1381 604 jacentes
1429 502 1503 573 in
1544 502 1807 601 geniali
1850 504 2039 575 toro?
2086 502 2245 575 duri

139 618 544 691 mehercule
575 616 1001 707 viderentur,
1040 616 1097 687 si
1128 615 1261 688 cito
1297 615 1607 689 oblivisci
1638 618 1945 717 conjugii
1979 619 2247 717 potuis-

142 758 314 809 sent.
355 735 658 807 Occisus
695 757 796 807 est
829 733 1144 835 juvenis,
1185 732 1359 805 dum
1397 760 1546 804 rem
1586 734 1757 805 facit
1792 733 1958 806 boni
1993 734 2244 806 mariti.

141 855 300 923 Non
339 850 794 939 erubescam,
830 848 1134 950 judices,
1172 867 1326 946 post
1363 847 1851 945 gravissimum
1898 848 2247 939 dolorem,

146 968 566 1040 descendere
591 966 665 1037 in
690 965 870 1037 hanc
893 990 1175 1064 quoque
1204 990 1421 1036 causae
1448 984 1757 1063 partem,
1790 986 1867 1035 ut
1890 965 2251 1067 objiciam,

149 1080 333 1179 quod
357 1104 650 1151 uxorem
673 1076 1000 1150 occideris
1023 1076 1204 1149 bene
1229 1077 1550 1149 meritam
1567 1133 1585 1167 ‚
1618 1106 1831 1175 quam
1861 1080 1959 1150 sic
1982 1082 2250 1153 amasti.

149 1196 256 1267 Sic
305 1195 398 1266 de
453 1188 858 1263 innocentia
907 1190 1320 1261 miserorum
1371 1216 1543 1288 agn,
1596 1213 1960 1290 tamquam
2006 1194 2121 1266 hic
2166 1197 2255 1269 de

149 1311 374 1410 capite
415 1329 812 1407 quaeratur:
860 1332 1006 1377 non
1047 1305 1310 1377 sufficit
1352 1305 1573 1378 dolori
1616 1334 1807 1399 meo,
1844 1310 2033 1406 quod
2078 1310 2259 1385 mihi

155 1424 384 1497 filium
410 1421 777 1511 abstulisti,
795 1419 917 1519 qui
942 1419 1070 1491 tibi
1095 1420 1339 1509 assedi,
1358 1420 1481 1519 qui
1506 1420 1591 1493 ad
1612 1421 2070 1521 languentem
2096 1454 2260 1499 cum

157 1538 388 1639 gladio
405 1536 746 1609 sollicitus
762 1534 1030 1606 intravi.
1049 1536 1196 1633 Ego
1212 1535 1493 1607 eosdem
1514 1536 1727 1626 cibos,
1748 1539 1995 1611 eadem
2016 1568 2263 1615 mensa

159 1682 292 1754 qua
321 1674 402 1725 tu
421 1710 444 1743 ,
482 1678 727 1751 capere
758 1677 902 1722 non
928 1676 1210 1751 possum
1231 1706 1250 1741 ,
1285 1678 1415 1723 nec
1447 1651 1641 1723 illam
1672 1679 1968 1726 manum
1994 1652 2259 1751 videre,

162 1798 304 1868 quae
361 1770 647 1841 fumare
704 1766 882 1838 mihi
936 1766 1165 1838 adhuc
1215 1766 1343 1838 filii
1391 1768 1531 1839 mei
1581 1772 1922 1867 sanguine
1962 1772 2261 1845 videtur.

163 1888 450 1985 Semper
472 1881 652 1955 mihi
678 1901 988 1955 armatus
1011 1881 1260 1954 videris
1277 1938 1298 1973 ,
1327 1908 1701 1982 nunquam
1726 1884 1914 1957 solus
1940 1890 2261 1961 occurris.

167 2003 220 2073 lt
239 2022 398 2072 ante
425 1997 668 2070 oculos
691 1996 1028 2069 laceratus
1053 1996 1277 2068 filius:
1307 1995 1499 2069 hunc
1513 1998 1712 2098 juxta
1734 2024 1955 2079 nurus
1980 2002 2264 2097 optima,

167 2143 376 2189 nurus
407 2111 1070 2243 obsequentissima:
1103 2111 1407 2183 clamare
1432 2111 1902 2202 videntur3Tu
1932 2140 2060 2186 nos
2088 2116 2271 2187 occi-

173 2232 360 2325 disti,
386 2254 512 2320 tu,
547 2229 668 2328 qui
695 2256 824 2301 nos
847 2226 1110 2329 injuria
1133 2228 1324 2326 prius
1353 2226 1753 2301 distraxisti:
1790 2229 1965 2327 quid
1990 2256 2269 2305 necesse

173 2368 308 2418 erat
351 2344 620 2417 solvere
675 2342 1256 2415 matrimonium?
1284 2342 1680 2478 ⁶obreptum
1731 2366 1831 2418 est
1881 2346 2269 2420 credulitati

174 2477 377 2536 tuae¹:
415 2487 566 2533 non
593 2461 912 2552 amabat,
949 2461 1072 2559 qui
1107 2451 1332 2561 Ρὸῑιιὶῑ
1363 2461 1695 2534 occidere.

179 2670 478 2742 cogitavere.
497 2666 725 2720 Amabas
741 2668 954 2720 videtur
971 2687 1034 2721 ex
1053 2683 1183 2740 prae-
1266 2667 1548 2720 liberorum
1568 2671 1810 2734 causam)
1838 2669 2064 2732 amabas,
2092 2668 2270 2721 AErod.

181 2746 492 2798 cedentibus
509 2763 766 2800 manasse.
787 2747 1006 2800 Senum.
1031 2747 1186 2802 Vides
1267 2748 1361 2818 qui
1379 2748 1436 2798 in
1455 2765 1621 2817 marg.
1640 2746 1709 2800 al.
1720 2745 1927 2817 ferente
1940 2763 2024 2800 me
2038 2757 2276 2813 tantum,

179 2828 356 2878 eninm
386 2825 657 2878 liberorum
679 2845 832 2880 causa
852 2827 1088 2890 amabar,-
1111 2845 1184 2877 m.
1267 2827 1354 2880 sed
1375 2837 1631 2899 querente.

185 2907 509 2979 cogitassem,
519 2905 776 2960 Obrecht.
787 2909 999 2960 Naum.
1005 2907 1190 2980 feren-
1349 2923 1393 2958 ι.
1423 2905 1730 2960 credulitati
1763 2919 1879 2960 tuoe.
1916 2908 1999 2958 An
2032 2907 2200 2960 meoe?
2218 2923 2281 2961 ut

189 2997 280 3038 tem
303 2995 512 3040 tantum
532 2995 845 3059 querentem
865 2985 1034 3056 (vides
1050 2987 1189 3038 enim
1273 2987 1435 3040 verba
1458 2989 1568 3041 sint
1584 2987 1753 3060 patris
1776 3001 1831 3042 et
1852 2990 2039 3042 soceri.
2062 2991 2279 3044 Senum·

379 4181 433 4234 6.
1998 4215 2058 4250 η
