2855 4871
604 408 732 475 312
1106 407 1198 473 M.
1246 407 1496 472 mnu
1543 397 2221 518 QUINTILIANI'

604 553 706 604 ter
744 532 983 605 saltem
1028 532 1375 632 templum
1410 557 1550 604 esse
1583 529 2085 604 existimaverat
2102 588 2123 620 ,
2161 529 2298 602 nisi
2331 529 2692 604 dedicare-

600 670 739 721 tur.
769 652 871 721 De
914 675 1334 748 quocunque
1376 647 1637 746 templo
1680 647 1950 744 loquor,
1983 647 2116 718 hoc
2149 646 2496 746 templum
2539 673 2691 718 non

606 765 983 838 dedicabo?
1014 765 1255 856 Quam
1288 763 1516 837 multa
1550 762 1781 835 adhuc
1819 763 2134 835 remitto?
2163 751 2350 834 tzice‘o
2387 761 2564 860 quid
2595 760 2690 832 dii

598 880 977 971 voluerint,
1018 901 1207 953 taceo
1250 879 1421 977 quid
1470 905 1795 977 responsa
1833 877 2319 976 praeceperint,
2359 876 2690 947 humanis

606 995 904 1066 consiliis
932 994 1167 1066 locum
1202 992 1554 1091 relinquo,
1587 1019 1732 1065 non
1768 991 2148 1065 dedicabo?
2179 991 2548 1064 Procedere
2587 990 2690 1062 ul-

603 1131 710 1182 tra
730 1110 893 1182 volo
920 1138 935 1182 :
964 1111 1021 1182 si
1043 1109 1436 1184 Alexander
1455 1110 1544 1181 ab
1569 1107 1935 1180 obsidione
1959 1127 2236 1180 tantum
2255 1107 2686 1178 Athenarum

602 1225 1020 1314 recessisset,
1065 1251 1301 1296 nonne
1334 1223 1862 1295 aedificassemus
1883 1279 1904 1311 ,
1943 1247 2084 1293 non
2120 1221 2686 1294 restituissemus?

601 1339 953 1436 Equidem
986 1366 1113 1438 ego
1143 1338 1476 1410 omnibus
1505 1337 1754 1410 nostris
1791 1337 1994 1409 sacris
2025 1335 2439 1409 crediderim
2469 1337 2684 1408 inesse

599 1480 873 1526 numen
910 1482 925 1525 ε
978 1453 1270 1526 debetur
1314 1453 1448 1526 hoc
1481 1451 2012 1524 Atheniensium
2061 1451 2358 1540 civitati,
2405 1451 2687 1523 debetur

600 1568 1059 1642 vetustissimo
1104 1569 1380 1668 generi,
1418 1568 1710 1653 debetur
1747 1569 1894 1640 solo
1915 1625 1935 1659 ,
1974 1567 2062 1639 de
2091 1595 2235 1666 quo
2265 1567 2686 1640 contendisse

604 1682 965 1780 quondam
992 1684 1153 1756 deos
1176 1683 1608 1756 immortales
1633 1709 1776 1755 non
1801 1684 1952 1755 sine
1981 1709 2186 1756 causa
2205 1683 2546 1755 creditum
2569 1703 2681 1754 est.

602 1799 870 1870 Caetera
918 1795 1156 1871 tamen
1205 1799 1538 1896 opinione
1587 1797 1972 1888 credimus,
2009 1818 2078 1868 et
2117 1797 2520 1898 conjectura
2555 1796 2686 1868 col-

598 1910 885 2010 ligimus
913 1939 929 1984 :
966 1912 1041 1985 in
1076 1911 1209 1986 hoc
1240 1912 1537 1986 numine
1567 1913 1902 1985 sentimus
1929 1931 2288 2015 momenta
2314 1910 2680 2000 bellorum,

598 2025 735 2099 hoc
757 2056 916 2128 pars
938 2050 1235 2128 utraque
1264 2029 1614 2130 cognovit,
1641 2029 1775 2103 hoc
1797 2056 2067 2103 numen
2089 2029 2217 2101 scit
2242 2055 2388 2101 esse
2411 2029 2684 2100 Alexan·

606 2141 749 2214 der.
787 2144 1032 2244 Adjice
1075 2145 1265 2245 quod
1300 2145 1603 2218 dedicari
1634 2145 2003 2218 voluerunt
2037 2171 2053 2216 ε
2097 2145 2152 2219 si
2198 2172 2239 2216 a
2275 2169 2683 2244 quocunque

600 2259 1015 2353 voluissent,
1056 2257 1548 2362 occupandum
1579 2261 1718 2336 fuit
1749 2257 1926 2335 mihi
1945 2320 1965 2352 ,
1995 2290 2220 2362 quum
2255 2261 2681 2333 Atheniensis

604 2372 737 2446 sim
766 2402 781 2447 ε
818 2396 1041 2449 totum
1077 2379 1267 2452 enim
1297 2379 1490 2453 hunc
1521 2379 1866 2481 populum
1889 2438 1907 2469 ,
1934 2378 2245 2481 judiceS,
2279 2399 2450 2478 puto
2479 2403 2684 2450 sacer·

603 2490 839 2564 dotem
862 2505 908 2564 ¹.
935 2495 1027 2566 At
1048 2494 1243 2567 enim
1272 2496 1367 2567 sic
1396 2498 1726 2571 effectum
1759 2517 1895 2587 est,
1930 2518 2007 2569 ut
2031 2494 2342 2569 laborare
2371 2493 2682 2594 pestilen-

598 2606 695 2678 tia
725 2610 1060 2683 exercitus
1092 2611 1468 2685 Alexandri
1489 2612 1842 2685 desineret
1878 2640 1892 2683 ε
1938 2639 2082 2684 non
2116 2612 2276 2683 dico
2311 2610 2678 2683 desiturum

596 2722 858 2822 alioqui
904 2728 1117 2800 fuisse
1162 2756 1175 2800 :
1231 2730 1574 2828 periturus
1626 2729 1714 2801 sit
1755 2729 2170 2820 Alexander,
2225 2726 2511 2826 perituri
2553 2724 2681 2795 sint

602 2839 858 2913 milites
880 2870 1126 2916 omnes
1140 2900 1159 2933 ,
1184 2844 1390 2916 vultis
1410 2844 1510 2917 uti
1537 2844 1669 2916 hoc
1695 2845 2011 2918 sacrificii
2034 2843 2301 2944 publici
2322 2838 2680 2915 beneficio?

604 2954 659 3025 si
682 2955 837 3050 quis
855 2959 1047 3031 vobis
1068 2959 1250 3032 hanc
1274 2982 1566 3061 poneret
1585 2960 2056 3034 conditionem
2072 3019 2091 3051 ,
2109 2960 2585 3047 Athenienses,
2609 2975 2678 3026 ut

606 3071 929 3145 omnium
975 3076 1359 3175 potiremur
1406 3079 1763 3177 gentium,
1813 3078 2060 3150 eversis
2095 3077 2486 3176 exustisque
2517 3096 2674 3147 tem-

601 3252 973 3319 comperc'mus,
1017 3272 1249 3309 concessa
1288 3258 1614 3311 Atheniensi·
1694 3258 2044 3331 lum,jud1'ces‚
2061 3267 2192 3329 puto
2203 3250 2674 3311 „mammam-

605 3332 710 3382 bus.
736 3332 857 3384 Hoc
878 3352 973 3407 eqo
994 3334 1283 3409 significari
1304 3356 1444 3407 reor,
1459 3340 1613 3412 judi-
1691 3338 1899 3389 nienses
1927 3334 2220 3401 αὐτόχθονας
2249 3354 2306 3388 se
2333 3332 2671 3406 appellarunt,

600 3424 703 3473 ces,
729 3412 897 3481 quod,
922 3431 1081 3485 quum
1106 3426 1405 3467 coeteramm
1433 3418 1612 3469 civita-
1693 3430 1746 3469 et
1789 3416 1909 3469 ideo
1957 3430 2208 3469 noctua-m
2253 3418 2459 3489 insigne
2501 3414 2668 3465 ferunt.

600 3500 712 3541 tum
725 3530 741 3555 ‚
757 3504 851 3544 etc.
864 3494 1166 3556 viderimus,-
1183 3496 1335 3549 nulla
1354 3498 1580 3549 vindicta
1589 3536 1609 3565 ,

599 3564 759 3621 nulla·
784 3572 997 3646 religio,
1032 3574 1185 3629 nulla
1209 3596 1317 3641 eos,
1349 3578 1442 3651 qui
1462 3578 1612 3649 fece-

602 3662 749 3716 rant,
773 3654 1028 3726 supplicia
1050 3670 1321 3711 consecuta
1348 3658 1483 3719 sinn
1516 3658 1612 3712 hoc

602 3729 928 3803 sacrileqt'um
947 3733 1247 3803 pestilentia
1270 3737 1607 3789 vindicatum.

602 3809 997 3864 Dedicatt'onem
1018 3812 1329 3868 desiderabat
1346 3816 1610 3887 (intellige

604 3887 922 3954 Alexander,
942 3904 993 3942 et
1012 3891 1261 3962 merito):
1286 3912 1450 3964 neque
1467 3896 1610 3946 em'm

607 3968 761 4021 aliter
784 3971 986 4024 salvum
1020 3970 1271 4043 templum
1305 3992 1405 4025 esse
1439 3976 1612 4027 existi-

608 4059 865 4114 maverat,
890 4050 989 4103 nisi
1012 4052 1345 4104 dedicaretur.
1372 4053 1538 4105 Giton.

688 4140 731 4176 ι.
760 4129 947 4181 Totum
975 4133 1117 4183 enim
1144 4151 1239 4204 eqo
1272 4134 1409 4185 hunc
1437 4150 1612 4207 popu-

1691 3500 1974 3552 Contentio
1995 3500 2230 3570 Neptuni
2251 3513 2303 3551 et
2327 3499 2558 3551 Minerva
2575 3509 2671 3544 om-

1690 3578 1849 3631 nibus
1863 3590 1990 3629 nota
2001 3591 2100 3630 est.
2115 3576 2278 3644 Quod
2298 3594 2503 3629 omnem
2519 3587 2673 3645 popu·-

1693 3658 1802 3710 lum
1827 3659 2200 3721 Atheniensem
2225 3657 2544 3711 sacerdotem
2568 3666 2668 3704 esse

1693 3739 1791 3802 ait,
1819 3751 2087 3807 sumptum
2119 3752 2198 3791 est
2227 3758 2290 3791 ex
2310 3738 2518 3789 Homeri
2531 3736 2670 3789 Cata·

1693 3817 1820 3889 logo
1852 3818 1998 3871 Iliad.
2031 3820 2087 3871 B.
2115 3819 2202 3889 57.
2233 3820 2414 3872 AEnon.
2443 3816 2666 3871 Fundus

1692 3900 1966 3952 adnotavit
2001 3900 2106 3953 hoc
2139 3903 2194 3952 in
2226 3902 2436 3953 Homeri
2467 3896 2664 3957 Emonia,

1691 3998 1740 4029 v.
1777 3977 1880 4041 56,
1913 3997 2021 4031 non
2055 3978 2176 4030 dir-i.
2207 4008 2280 4019 -
2305 3976 2544 4051 Sacnfleii
2569 3990 2664 4045 pn·

1693 4056 1834 4107 blici.
1863 4056 2138 4130 Sacrileqc'i
2155 4060 2280 4127 pub.
2307 4058 2512 4110 Senum.
2529 4049 2662 4101 -Si

1691 4136 1804 4208 quis
1828 4137 1982 4189 vobis.
2003 4136 2062 4189 Se·
2081 4137 2198 4208 quis
2221 4136 2378 4189 nobis.
2401 4137 2594 4189 Suum-r·
