2855 4871
573 415 694 500 490
1065 409 1162 473 M.
1209 407 1463 474 FABII
1506 405 2153 494 QUINTILIANI

567 659 1156 682 mmmmm

1245 852 1967 932 CCCLXXVII.

2102 937 2131 952 N

731 1086 1026 1158 Vocatus
1047 1097 1063 1128 ¹
1097 1111 1140 1156 a
1162 1100 1362 1184 patre
1387 1089 1461 1156 in
1490 1081 1839 1174 militiam,
1874 1111 2213 1158 venenum
2246 1103 2487 1162 terens.

567 1293 918 1352 Panntcmu
957 1311 1048 1350 sn·
1094 1310 1291 1352 Aca-10.
1336 1291 1515 1350 Pater
1558 1288 1756 1350 filium
1798 1291 1867 1350 in
1908 1289 2195 1351 militiam
2232 1292 2521 1352 vocavit:
2563 1292 2656 1353 ille

643 1400 898 1447 ornatus
945 1385 1124 1446 donis
1171 1386 1248 1446 ad
1292 1400 1528 1468 patrem
1576 1385 1792 1460 rediit3
1837 1385 2130 1446 adhibitis
2170 1387 2390 1446 amicis
2434 1389 2585 1470 petit
2622 1409 2655 1448 a

643 1497 847 1567 patre,
877 1505 956 1544 ne
983 1505 1044 1544 se
1069 1485 1335 1566 amplius
1365 1485 1663 1545 mitteret:
1698 1505 1827 1544 non
1856 1483 2228 1566 impetravit.
2262 1485 2497 1546 Iterum
2536 1487 2655 1546 for-

637 1583 870 1642 tissime
891 1583 1225 1664 pugnavit:
1263 1579 1479 1641 rediit:
1510 1595 1708 1641 terens
1730 1601 2040 1640 venenum
2063 1601 2099 1638 a
2128 1594 2303 1661 patre
2326 1581 2655 1663 depreben-

638 1697 738 1738 sus
760 1693 866 1740 est.
889 1680 1338 1760 InterrogatuS,
1364 1679 1521 1740 dixit
1542 1700 1603 1738 se
1628 1679 1791 1738 mori
1818 1677 1989 1738 velle.
2021 1677 2343 1738 Parricidii
2362 1700 2507 1740 reus
2534 1693 2653 1740 ’cst

641 1789 824 1856 patri.

1258 1889 1957 1956 DECLAMATIO.

657 2051 1019 2124 Parricidii
1049 2079 1201 2124 reus
1227 2077 1385 2124 sum
1411 2078 1427 2122 ε
1462 2050 1784 2149 quaedam
1806 2049 2103 2122 crimina
2124 2047 2273 2147 ipsa
2293 2049 2649 2146 magnitu-

565 2165 730 2236 dine
751 2165 962 2238 fidem
985 2193 1126 2238 non
1149 2168 1548 2266 impetrant:
1572 2164 2015 2263 parricidium
2032 2163 2415 2260 aliquando
2436 2163 2649 2260 legem

565 2306 709 2352 non
741 2279 1027 2372 babuit,
1065 2309 1187 2353 nec
1214 2281 1588 2352 immerite.
1617 2278 1797 2370 Quis
1826 2277 2019 2352 enim
2046 2277 2249 2348 facile
2268 2275 2517 2348 vinclis
2538 2304 2649 2348 na-

563 2415 636 2468 tu
645 2421 731 2466 rae
746 2422 816 2468 se
832 2396 1130 2469 >exsolvat
1142 2394 1200 2468 ³?
1215 2422 1330 2469 vos
1347 2396 1524 2486 estis,
1544 2395 1665 2494 qui
1686 2413 2040 2467 nascentes
2058 2391 2407 2491 excipitis:
2426 2393 2645 2490 itaque

565 2513 654 2585 ad
687 2534 960 2585 tantu-m
989 2516 1179 2586 nefas
1198 2571 1215 2605 ‚
1248 2518 1507 2613 magna
1534 2532 1802 2612 oportet
1827 2510 1995 2583 serie
2026 2508 2371 2609 parricida
2392 2510 2643 2597 veniat,

565 2648 632 2699 et
663 2656 786 2728 per
809 2628 1182 2704 hominum
1208 2628 1638 2725 deorumque
1664 2646 2176 2725 contemptum,
2203 2624 2292 2695 ad
2318 2624 2645 2695 ultimum

519 2747 763 2818 ,nefas
807 2748 1242 2820 conscendat.
1287 2746 1484 2836 Quid
1536 2744 1665 2814 hoc
1710 2764 1850 2834 est,
1893 2742 2165 2844 judices
2201 2768 2217 2812 ε
2264 2742 2643 2813 maximum

567 2862 884 2934 omnium
927 2888 1042 2935 reo
1073 2863 1340 2935 crimen
1379 2858 1725 2961 objicitur,
1755 2880 1820 2929 et
1858 2858 2085 2929 solum
2118 2884 2133 2927 t
2177 2882 2323 2928 non
2356 2857 2645 2928 circum-

565 2972 855 3071 scriptus
880 2978 1184 3049 amicus:
1225 2996 1491 3050 cessant
1526 2974 1735 3047 etiam
1769 2972 2143 3046 familiaria
2176 2970 2642 3045 adolescentiae

569 3085 891 3159 crimina:
926 3110 992 3161 et
1015 3080 1108 3162 'ne
1129 3092 1198 3163 in
1222 3091 1461 3167 scortis
1482 3088 1769 3187 quidem
1790 3115 1943 3160 reus
1966 3086 2143 3160 male
2166 3086 2383 3159 audio
2398 3086 2454 3159 4.
2492 3088 2641 3158 Plus

571 3202 854 3276 fortasse
879 3231 1088 3301 quam
1125 3206 1418 3303 putatis,
1444 3205 1749 3308 judice8‚
1783 3187 2157 3301 pollicebar
2185 3230 2201 3273 :
2238 3228 2386 3272 non
2412 3226 2647 3299 quem-

571 3317 744 3390 libet
773 3344 854 3391 ex
881 3318 1017 3391 illis
1045 3321 1384 3393 subselliis
1403 3376 1421 3409 ‚
1453 3320 1575 3391 sed
1606 3339 2069 3392 accusatorem
2104 3317 2337 3414 ipsum
2359 3372 2380 3405 ‚
2418 3315 2647 3387 lauda·

650 3502 692 3536 ι.
732 3486 968 3543 Vocatus.
1001 3492 1135 3541 Huic
1167 3491 1571 3559 comtptissimae
1650 3490 1896 3539 Burm.et
1910 3484 2272 3537 Haclt.Franc.
2290 3482 2527 3547 volebat,
2542 3483 2645 3535 νὺι-

571 3565 952 3621 Declamationi
967 3574 1130 3641 junge
1145 3570 1326 3623 Senec.
1347 3568 1570 3633 hb.vn‚
1649 3566 1733 3619 cla
1753 3576 1949 3618 namroe
1970 3563 2211 3618 dissolvat
2226 3601 2243 3627 ‚
2262 3564 2346 3614 vel
2366 3571 2557 3625 emat,
2586 3574 2641 3610 ut

571 3637 717 3689 Deci.
739 3637 798 3700 3;
819 3652 870 3690 et
893 3642 1138 3693 controv.
1165 3644 1256 3706 m,
1284 3643 1359 3694 18.
1387 3643 1569 3692 AEnou.
1650 3663 1787 3699 mox.
1816 3643 2021 3705 Malim,
2044 3661 2093 3694 se
2114 3640 2296 3694 solvat.
2320 3672 2394 3682 -
2414 3640 2493 3692 Ad
2516 3636 2643 3689 ulti·-

573 3716 692 3767 vid.
709 3730 758 3769 et
773 3717 920 3769 Fabii
935 3720 1077 3771 Deci.
1097 3718 1315 3770 xlx-
1333 3720 1568 3773 Vocatus.
1650 3744 1793 3776 mum
1826 3722 1988 3795 nefas.
2014 3722 2146 3775 Vide
2175 3722 2425 3775 volumen
2449 3724 2491 3771 V
2524 3740 2647 3773 nos-

573 3795 690 3847 Vet.
711 3795 831 3848 cod.
849 3834 865 3861 ‚
887 3796 1080 3850 locatus
1123 3800 1265 3850 Prru.
1289 3802 1361 3851 lta
1391 3799 1568 3851 AErod.
1652 3804 1717 3853 tri
1744 3802 2088 3869 Quintiliani,
2112 3819 2233 3873 pag.
2262 3802 2322 3865 8,
2346 3814 2457 3853 not.
2488 3818 2531 3851 t.
2554 3801 2641 3851 En.

647 3892 692 3926 2.
723 3877 852 3928 Reus
881 3890 952 3930 est
978 3878 1134 3948 patri.
1164 3878 1295 3932 Reus
1326 3892 1397 3931 est
1422 3891 1572 3951 patre
1720 3878 1771 3947 4.
1816 3882 1882 3931 In
1913 3882 2083 3932 scortis
2117 3880 2324 3951 quidem
2364 3897 2475 3931 reus
2514 3876 2644 3930 nale

575 3969 867 4022 accusante,
895 3958 1069 4011 AErod.
1650 3964 1825 4015 audio.
1864 3963 1941 4013 lta
1974 3962 2183 4013 locutus
2208 3974 2259 4012 et
2284 3960 2521 4013 Macrob.
2538 3960 2636 4011 Sat.

645 4034 695 4085 3.
719 4035 982 4089 Exsolvat.
1013 4038 1079 4089 Se
1105 4038 1366 4104 exsolvat,
1393 4039 1571 4091 AErod.
1652 4044 1730 4107 11,
1771 4058 1799 4091 2
1830 4060 1844 4090 ι
1888 4062 1910 4085 «-
1931 4040 2068 4092 Nam
2106 4038 2327 4091 Plancus
2364 4040 2419 4090 in
2468 4040 2637 4091 flavia

575 4114 774 4167 schult.
799 4117 927 4169 Obr.
955 4131 1006 4170 ot
1033 4137 1126 4171 nos
1153 4138 1274 4171 eum
1305 4122 1418 4193 Rip.
1454 4120 1570 4175 adv.
1660 4142 1684 4169 ι
1702 4120 1851 4177 Galla
1870 4132 2040 4194 nupta
2060 4119 2201 4174 male
2224 4118 2489 4173 audiebat.
2508 4142 2531 4163 ιι
