<?xml version="1.0" encoding="UTF-8"?>
<!DOCTYPE html PUBLIC "-//W3C//DTD XHTML 1.0 Transitional//EN"
    "http://www.w3.org/TR/xhtml1/DTD/xhtml1-transitional.dtd">
<html xmlns="http://www.w3.org/1999/xhtml" xml:lang="en" lang="en">
 <head>
  <title>
</title>
<meta http-equiv="Content-Type" content="text/html;charset=utf-8" />
  <meta name='ocr-system' content='tesseract 3.04.00' />
  <meta name='ocr-capabilities' content='ocr_page ocr_carea ocr_par ocr_line ocrx_word'/>
</head>
<body>
  <div class='ocr_page' id='page_1' title='image "./marcusfabiusqui06spalgoog_0346.png"; bbox 0 0 2855 4871; ppageno 0'>
   <div class='ocr_carea' id='block_1_1' title="bbox 573 401 2263 549">
    <p class='ocr_par' dir='ltr' id='par_1_1' title="bbox 573 401 2263 549">
     <span class='ocr_line' id='line_1_1' title="bbox 573 401 2263 549; baseline 0.003 -28"><span class='ocrx_word' id='word_1_1' title='bbox 573 452 1407 521; x_wconf 77' lang='lat' dir='ltr'><strong>DECLAMATloNEs.</strong></span> <span class='ocrx_word' id='word_1_2' title='bbox 1456 401 1861 521; x_wconf 73' lang='lat' dir='ltr'><strong>cccxxx.</strong></span> <span class='ocrx_word' id='word_1_3' title='bbox 2134 462 2263 549; x_wconf 81' lang='lat'><strong>³39</strong></span> 
     </span>
    </p>
   </div>
   <div class='ocr_carea' id='block_1_2' title="bbox 169 576 2277 2532">
    <p class='ocr_par' dir='ltr' id='par_1_2' title="bbox 169 576 2277 2532">
     <span class='ocr_line' id='line_1_2' title="bbox 169 576 2269 677; baseline 0.001 -24"><span class='ocrx_word' id='word_1_4' title='bbox 169 608 308 653; x_wconf 88' lang='lat' dir='ltr'><strong>non</strong></span> <span class='ocrx_word' id='word_1_5' title='bbox 335 577 912 651; x_wconf 81' lang='lat' dir='ltr'><strong>meretrici&#39;dedi:</strong></span> <span class='ocrx_word' id='word_1_6' title='bbox 949 577 1023 648; x_wconf 88' lang='lat' dir='ltr'><strong>in</strong></span> <span class='ocrx_word' id='word_1_7' title='bbox 1048 577 1180 650; x_wconf 90' lang='lat' dir='ltr'><strong>hoc</strong></span> <span class='ocrx_word' id='word_1_8' title='bbox 1207 576 1400 649; x_wconf 89' lang='lat' dir='ltr'><strong>enim</strong></span> <span class='ocrx_word' id='word_1_9' title='bbox 1420 634 1440 667; x_wconf 90' lang='lat'><strong>,</strong></span> <span class='ocrx_word' id='word_1_10' title='bbox 1470 596 1548 677; x_wconf 76' lang='lat' dir='ltr'><strong>ut</strong></span> <span class='ocrx_word' id='word_1_11' title='bbox 1570 577 1851 677; x_wconf 84' lang='lat' dir='ltr'>opinor,</span> <span class='ocrx_word' id='word_1_12' title='bbox 1882 582 2109 653; x_wconf 90' lang='lat' dir='ltr'><strong>omnis</strong></span> <span class='ocrx_word' id='word_1_13' title='bbox 2132 584 2269 656; x_wconf 88' lang='lat' dir='ltr'><strong>cri-</strong></span> 
     </span>
     <span class='ocr_line' id='line_1_3' title="bbox 171 692 2263 798; baseline 0.002 -30"><span class='ocrx_word' id='word_1_14' title='bbox 171 695 467 768; x_wconf 80' lang='lat' dir='ltr'><strong>minatio</strong></span> <span class='ocrx_word' id='word_1_15' title='bbox 503 694 714 793; x_wconf 82' lang='lat' dir='ltr'><strong>divisa</strong></span> <span class='ocrx_word' id='word_1_16' title='bbox 747 712 844 767; x_wconf 84' lang='lat' dir='ltr'><strong>est</strong></span> <span class='ocrx_word' id='word_1_17' title='bbox 875 692 1120 793; x_wconf 84' lang='lat' dir='ltr'><strong>patris,</strong></span> <span class='ocrx_word' id='word_1_18' title='bbox 1157 692 1344 791; x_wconf 89' lang='lat' dir='ltr'><strong>quod</strong></span> <span class='ocrx_word' id='word_1_19' title='bbox 1379 713 1671 783; x_wconf 84' lang='lat' dir='ltr'><strong>matrem</strong></span> <span class='ocrx_word' id='word_1_20' title='bbox 1702 694 1995 785; x_wconf 82' lang='lat' dir='ltr'><strong>aluerim</strong></span> <span class='ocrx_word' id='word_1_21' title='bbox 2018 754 2038 789; x_wconf 93' lang='lat'><strong>,</strong></span> <span class='ocrx_word' id='word_1_22' title='bbox 2072 702 2263 798; x_wconf 88' lang='lat' dir='ltr'><strong>quod</strong></span> 
     </span>
     <span class='ocr_line' id='line_1_4' title="bbox 169 809 2267 910; baseline 0.002 -26"><span class='ocrx_word' id='word_1_23' title='bbox 169 812 384 885; x_wconf 86' lang='lat' dir='ltr'><strong>talem</strong></span> <span class='ocrx_word' id='word_1_24' title='bbox 409 870 428 903; x_wconf 91' lang='lat'><strong>,</strong></span> <span class='ocrx_word' id='word_1_25' title='bbox 473 810 660 910; x_wconf 89' lang='lat' dir='ltr'><strong>quod</strong></span> <span class='ocrx_word' id='word_1_26' title='bbox 713 830 901 909; x_wconf 87' lang='lat' dir='ltr'><strong>patre</strong></span> <span class='ocrx_word' id='word_1_27' title='bbox 948 810 1330 909; x_wconf 77' lang='lat' dir='ltr'><strong>ignorante.</strong></span> <span class='ocrx_word' id='word_1_28' title='bbox 1378 809 1592 900; x_wconf 87' lang='lat' dir='ltr'><strong>Quod</strong></span> <span class='ocrx_word' id='word_1_29' title='bbox 1637 809 1735 883; x_wconf 85' lang='lat' dir='ltr'><strong>sic</strong></span> <span class='ocrx_word' id='word_1_30' title='bbox 1781 833 2078 885; x_wconf 86' lang='lat' dir='ltr'><strong>matrem</strong></span> <span class='ocrx_word' id='word_1_31' title='bbox 2119 816 2267 888; x_wconf 87' lang='lat' dir='ltr'><strong>alui</strong></span> 
     </span>
     <span class='ocr_line' id='line_1_5' title="bbox 171 926 2268 1025; baseline 0.003 -26"><span class='ocrx_word' id='word_1_32' title='bbox 171 927 539 1025; x_wconf 83' lang='lat' dir='ltr'><strong>(blandior</strong></span> <span class='ocrx_word' id='word_1_33' title='bbox 565 927 738 1001; x_wconf 87' lang='lat' dir='ltr'><strong>mihi</strong></span> <span class='ocrx_word' id='word_1_34' title='bbox 763 926 994 998; x_wconf 87' lang='lat' dir='ltr'><strong>adhuc</strong></span> <span class='ocrx_word' id='word_1_35' title='bbox 1012 982 1033 1016; x_wconf 86' lang='lat'><strong>,</strong></span> <span class='ocrx_word' id='word_1_36' title='bbox 1063 928 1329 1025; x_wconf 83' lang='lat' dir='ltr'><strong>pater),</strong></span> <span class='ocrx_word' id='word_1_37' title='bbox 1363 946 1508 999; x_wconf 88' lang='lat' dir='ltr'><strong>erat</strong></span> <span class='ocrx_word' id='word_1_38' title='bbox 1536 928 1723 1024; x_wconf 90' lang='lat' dir='ltr'><strong>quod</strong></span> <span class='ocrx_word' id='word_1_39' title='bbox 1754 928 1829 999; x_wconf 91' lang='lat' dir='ltr'><strong>in</strong></span> <span class='ocrx_word' id='word_1_40' title='bbox 1858 954 1972 1000; x_wconf 90' lang='lat' dir='ltr'><strong>me</strong></span> <span class='ocrx_word' id='word_1_41' title='bbox 1996 930 2268 1005; x_wconf 85' lang='lat' dir='ltr'><strong>laudari</strong></span> 
     </span>
     <span class='ocr_line' id='line_1_6' title="bbox 171 1043 2269 1149; baseline 0.003 -32"><span class='ocrx_word' id='word_1_42' title='bbox 171 1066 436 1143; x_wconf 85' lang='lat' dir='ltr'><strong>posset,</strong></span> <span class='ocrx_word' id='word_1_43' title='bbox 467 1045 520 1117; x_wconf 87' lang='lat' dir='ltr'><strong>si</strong></span> <span class='ocrx_word' id='word_1_44' title='bbox 549 1043 813 1142; x_wconf 83' lang='lat' dir='ltr'><strong>aliquid</strong></span> <span class='ocrx_word' id='word_1_45' title='bbox 847 1046 1244 1146; x_wconf 88' lang='lat' dir='ltr'><strong>objiceres¹:</strong></span> <span class='ocrx_word' id='word_1_46' title='bbox 1281 1043 1515 1142; x_wconf 87' lang='lat' dir='ltr'><strong>itaque</strong></span> <span class='ocrx_word' id='word_1_47' title='bbox 1548 1044 2025 1119; x_wconf 84' lang='lat' dir='ltr'>defensionem</span> <span class='ocrx_word' id='word_1_48' title='bbox 2057 1047 2269 1149; x_wconf 84' lang='lat' dir='ltr'><strong>hujus</strong></span> 
     </span>
     <span class='ocr_line' id='line_1_7' title="bbox 172 1158 2271 1261; baseline 0.002 -30"><span class='ocrx_word' id='word_1_49' title='bbox 172 1161 382 1257; x_wconf 73' lang='lat' dir='ltr'><strong>partis</strong></span> <span class='ocrx_word' id='word_1_50' title='bbox 413 1158 806 1261; x_wconf 84' lang='lat' dir='ltr'><strong>jucundam</strong></span> <span class='ocrx_word' id='word_1_51' title='bbox 850 1159 1244 1258; x_wconf 76' lang='lat' dir='ltr'><strong>praeteribO,</strong></span> <span class='ocrx_word' id='word_1_52' title='bbox 1288 1182 1378 1231; x_wconf 84' lang='lat' dir='ltr'><strong>ne</strong></span> <span class='ocrx_word' id='word_1_53' title='bbox 1420 1186 1637 1259; x_wconf 84' lang='lat' dir='ltr'><strong>quam</strong></span> <span class='ocrx_word' id='word_1_54' title='bbox 1678 1162 1997 1259; x_wconf 75' lang='lat' dir='ltr'><strong>quaesisse</strong></span> <span class='ocrx_word' id='word_1_55' title='bbox 2035 1164 2271 1236; x_wconf 83' lang='lat' dir='ltr'><strong>videar</strong></span> 
     </span>
     <span class='ocr_line' id='line_1_8' title="bbox 171 1273 2271 1378; baseline 0.004 -34"><span class='ocrx_word' id='word_1_56' title='bbox 171 1275 649 1366; x_wconf 83' lang='lat' dir='ltr'><strong>occasionem,</strong></span> <span class='ocrx_word' id='word_1_57' title='bbox 685 1300 825 1371; x_wconf 86' lang='lat' dir='ltr'><strong>qua</strong></span> <span class='ocrx_word' id='word_1_58' title='bbox 853 1275 936 1345; x_wconf 89' lang='lat' dir='ltr'><strong>de</strong></span> <span class='ocrx_word' id='word_1_59' title='bbox 971 1276 1144 1347; x_wconf 90' lang='lat' dir='ltr'><strong>meis</strong></span> <span class='ocrx_word' id='word_1_60' title='bbox 1177 1273 1505 1349; x_wconf 79' lang='lat' dir='ltr'>laudibus</span> <span class='ocrx_word' id='word_1_61' title='bbox 1534 1276 1869 1375; x_wconf 80' lang='lat' dir='ltr'><strong>loquerer.</strong></span> <span class='ocrx_word' id='word_1_62' title='bbox 1905 1277 2038 1351; x_wconf 86' lang='lat' dir='ltr'><strong>Sed</strong></span> <span class='ocrx_word' id='word_1_63' title='bbox 2074 1306 2271 1378; x_wconf 88' lang='lat' dir='ltr'><strong>repu-</strong></span> 
     </span>
     <span class='ocr_line' id='line_1_9' title="bbox 173 1387 2267 1465; baseline 0.002 -4"><span class='ocrx_word' id='word_1_64' title='bbox 173 1390 439 1462; x_wconf 84' lang='lat' dir='ltr'><strong>diatam</strong></span> <span class='ocrx_word' id='word_1_65' title='bbox 491 1412 726 1462; x_wconf 86' lang='lat' dir='ltr'><strong>tamen</strong></span> <span class='ocrx_word' id='word_1_66' title='bbox 770 1389 1060 1461; x_wconf 85' lang='lat' dir='ltr'><strong>crimine</strong></span> <span class='ocrx_word' id='word_1_67' title='bbox 1105 1387 1424 1461; x_wconf 85' lang='lat' dir='ltr'><strong>adulterii</strong></span> <span class='ocrx_word' id='word_1_68' title='bbox 1466 1390 1651 1461; x_wconf 82' lang='lat' dir='ltr'><strong>alui:</strong></span> <span class='ocrx_word' id='word_1_69' title='bbox 1699 1391 1857 1465; x_wconf 82' lang='lat' dir='ltr'><strong>satis</strong></span> <span class='ocrx_word' id='word_1_70' title='bbox 1899 1414 2043 1464; x_wconf 85' lang='lat' dir='ltr'><strong>erat</strong></span> <span class='ocrx_word' id='word_1_71' title='bbox 2088 1394 2267 1465; x_wconf 85' lang='lat' dir='ltr'><strong>mihi</strong></span> 
     </span>
     <span class='ocr_line' id='line_1_10' title="bbox 173 1503 2270 1604; baseline 0.002 -29"><span class='ocrx_word' id='word_1_72' title='bbox 173 1504 626 1603; x_wconf 87' lang='lat' dir='ltr'><strong>respondere,</strong></span> <span class='ocrx_word' id='word_1_73' title='bbox 651 1504 958 1604; x_wconf 76' lang='lat' dir='ltr'><strong>judices;</strong></span> <span class='ocrx_word' id='word_1_74' title='bbox 991 1503 1186 1575; x_wconf 82' lang='lat' dir='ltr'><strong>Istud</strong></span> <span class='ocrx_word' id='word_1_75' title='bbox 1217 1504 1701 1603; x_wconf 85' lang='lat' dir='ltr'><strong>qualecunque</strong></span> <span class='ocrx_word' id='word_1_76' title='bbox 1737 1526 1876 1597; x_wconf 85' lang='lat' dir='ltr'><strong>est,</strong></span> <span class='ocrx_word' id='word_1_77' title='bbox 1913 1506 2002 1579; x_wconf 91' lang='lat' dir='ltr'><strong>ad</strong></span> <span class='ocrx_word' id='word_1_78' title='bbox 2040 1508 2270 1580; x_wconf 87' lang='lat' dir='ltr'><strong>filium</strong></span> 
     </span>
     <span class='ocr_line' id='line_1_11' title="bbox 173 1617 2277 1717; baseline 0.002 -26"><span class='ocrx_word' id='word_1_79' title='bbox 173 1644 318 1691; x_wconf 88' lang='lat' dir='ltr'><strong>non</strong></span> <span class='ocrx_word' id='word_1_80' title='bbox 355 1617 962 1717; x_wconf 58' lang='lat' dir='ltr'><strong>pertinen-mariti</strong></span> <span class='ocrx_word' id='word_1_81' title='bbox 1001 1642 1230 1689; x_wconf 86' lang='lat' dir='ltr'><strong>mores</strong></span> <span class='ocrx_word' id='word_1_82' title='bbox 1267 1617 1646 1709; x_wconf 82' lang='lat' dir='ltr'><strong>excutiant,</strong></span> <span class='ocrx_word' id='word_1_83' title='bbox 1678 1621 1907 1694; x_wconf 81' lang='lat' dir='ltr'><strong>mariti</strong></span> <span class='ocrx_word' id='word_1_84' title='bbox 1948 1624 2277 1695; x_wconf 80' lang='lat' dir='ltr'><strong>severita-</strong></span> 
     </span>
     <span class='ocr_line' id='line_1_12' title="bbox 173 1733 2275 1831; baseline 0.002 -24"><span class='ocrx_word' id='word_1_85' title='bbox 173 1757 318 1809; x_wconf 86' lang='lat' dir='ltr'><strong>tem</strong></span> <span class='ocrx_word' id='word_1_86' title='bbox 367 1735 800 1807; x_wconf 83' lang='lat' dir='ltr'><strong>desiderent:</strong></span> <span class='ocrx_word' id='word_1_87' title='bbox 852 1733 1090 1805; x_wconf 90' lang='lat' dir='ltr'><strong>liberis</strong></span> <span class='ocrx_word' id='word_1_88' title='bbox 1136 1733 1295 1805; x_wconf 83' lang='lat' dir='ltr'><strong>satis</strong></span> <span class='ocrx_word' id='word_1_89' title='bbox 1340 1756 1478 1824; x_wconf 86' lang='lat' dir='ltr'><strong>est,</strong></span> <span class='ocrx_word' id='word_1_90' title='bbox 1524 1736 1713 1831; x_wconf 88' lang='lat' dir='ltr'><strong>quod</strong></span> <span class='ocrx_word' id='word_1_91' title='bbox 1760 1737 1907 1809; x_wconf 85' lang='lat' dir='ltr'><strong>nati</strong></span> <span class='ocrx_word' id='word_1_92' title='bbox 1954 1759 2136 1812; x_wconf 83' lang='lat' dir='ltr'><strong>sunt.</strong></span> <span class='ocrx_word' id='word_1_93' title='bbox 2184 1743 2275 1812; x_wconf 90' lang='lat' dir='ltr'><strong>Et</strong></span> 
     </span>
     <span class='ocr_line' id='line_1_13' title="bbox 175 1849 2275 1951; baseline 0.002 -28"><span class='ocrx_word' id='word_1_94' title='bbox 175 1850 502 1923; x_wconf 87' lang='lat' dir='ltr'><strong>hercule²</strong></span> <span class='ocrx_word' id='word_1_95' title='bbox 540 1849 810 1923; x_wconf 86' lang='lat' dir='ltr'><strong>facilius</strong></span> <span class='ocrx_word' id='word_1_96' title='bbox 853 1849 1032 1921; x_wconf 84' lang='lat' dir='ltr'><strong>mihi</strong></span> <span class='ocrx_word' id='word_1_97' title='bbox 1065 1850 1471 1922; x_wconf 83' lang='lat' dir='ltr'><strong>vindicandi·</strong></span> <span class='ocrx_word' id='word_1_98' title='bbox 1509 1872 1803 1950; x_wconf 78' lang='lat' dir='ltr'><strong>potestas</strong></span> <span class='ocrx_word' id='word_1_99' title='bbox 1831 1852 1919 1924; x_wconf 88' lang='lat' dir='ltr'><strong>ab</strong></span> <span class='ocrx_word' id='word_1_100' title='bbox 1950 1854 2099 1951; x_wconf 88' lang='lat' dir='ltr'><strong>ipso</strong></span> <span class='ocrx_word' id='word_1_101' title='bbox 2134 1855 2275 1927; x_wconf 90' lang='lat' dir='ltr'><strong>cri-</strong></span> 
     </span>
     <span class='ocr_line' id='line_1_14' title="bbox 174 1966 2272 2067; baseline 0.001 -29"><span class='ocrx_word' id='word_1_102' title='bbox 174 1968 372 2039; x_wconf 87' lang='lat' dir='ltr'><strong>mine</strong></span> <span class='ocrx_word' id='word_1_103' title='bbox 405 1987 540 2057; x_wconf 87' lang='lat' dir='ltr'><strong>est,</strong></span> <span class='ocrx_word' id='word_1_104' title='bbox 576 1967 762 2065; x_wconf 90' lang='lat' dir='ltr'><strong>quod</strong></span> <span class='ocrx_word' id='word_1_105' title='bbox 799 1992 942 2037; x_wconf 89' lang='lat' dir='ltr'><strong>non</strong></span> <span class='ocrx_word' id='word_1_106' title='bbox 978 1986 1078 2038; x_wconf 87' lang='lat' dir='ltr'><strong>est</strong></span> <span class='ocrx_word' id='word_1_107' title='bbox 1118 1966 1501 2065; x_wconf 79' lang='lat' dir='ltr'><strong>litigatum,</strong></span> <span class='ocrx_word' id='word_1_108' title='bbox 1538 1994 1681 2038; x_wconf 89' lang='lat' dir='ltr'><strong>non</strong></span> <span class='ocrx_word' id='word_1_109' title='bbox 1725 1988 1823 2039; x_wconf 85' lang='lat' dir='ltr'><strong>est</strong></span> <span class='ocrx_word' id='word_1_110' title='bbox 1860 1969 2227 2067; x_wconf 82' lang='lat' dir='ltr'><strong>quaesitum</strong></span> <span class='ocrx_word' id='word_1_111' title='bbox 2252 2028 2272 2062; x_wconf 88' lang='lat'><strong>,</strong></span> 
     </span>
     <span class='ocr_line' id='line_1_15' title="bbox 175 2081 2273 2183; baseline 0 -29"><span class='ocrx_word' id='word_1_112' title='bbox 175 2109 320 2156; x_wconf 87' lang='lat' dir='ltr'><strong>non</strong></span> <span class='ocrx_word' id='word_1_113' title='bbox 352 2104 452 2155; x_wconf 89' lang='lat' dir='ltr'><strong>est</strong></span> <span class='ocrx_word' id='word_1_114' title='bbox 477 2084 1020 2183; x_wconf 82' lang='lat' dir='ltr'><strong>pronunciatum</strong></span> <span class='ocrx_word' id='word_1_115' title='bbox 1043 2140 1062 2174; x_wconf 88' lang='lat'><strong>,</strong></span> <span class='ocrx_word' id='word_1_116' title='bbox 1093 2081 1549 2155; x_wconf 86' lang='lat' dir='ltr'><strong>maledictum</strong></span> <span class='ocrx_word' id='word_1_117' title='bbox 1576 2082 1826 2174; x_wconf 85' lang='lat' dir='ltr'><strong>fuerit,</strong></span> <span class='ocrx_word' id='word_1_118' title='bbox 1856 2110 1945 2155; x_wconf 87' lang='lat' dir='ltr'><strong>an</strong></span> <span class='ocrx_word' id='word_1_119' title='bbox 1974 2083 2236 2155; x_wconf 85' lang='lat' dir='ltr'><strong>crimen</strong></span> <span class='ocrx_word' id='word_1_120' title='bbox 2253 2114 2273 2174; x_wconf 89' lang='lat'>;</span> 
     </span>
     <span class='ocr_line' id='line_1_16' title="bbox 177 2198 2275 2290; baseline 0.001 -21"><span class='ocrx_word' id='word_1_121' title='bbox 177 2198 562 2272; x_wconf 81' lang='lat' dir='ltr'><strong>constantia</strong></span> <span class='ocrx_word' id='word_1_122' title='bbox 596 2220 814 2270; x_wconf 87' lang='lat' dir='ltr'><strong>mater</strong></span> <span class='ocrx_word' id='word_1_123' title='bbox 840 2198 1252 2290; x_wconf 73' lang='lat' dir='ltr'><strong>discesserit,</strong></span> <span class='ocrx_word' id='word_1_124' title='bbox 1282 2221 1370 2269; x_wconf 90' lang='lat' dir='ltr'><strong>an</strong></span> <span class='ocrx_word' id='word_1_125' title='bbox 1399 2198 1846 2287; x_wconf 82' lang='lat' dir='ltr'><strong>verecundia3</strong></span> <span class='ocrx_word' id='word_1_126' title='bbox 1874 2226 2015 2271; x_wconf 90' lang='lat' dir='ltr'><strong>una</strong></span> <span class='ocrx_word' id='word_1_127' title='bbox 2040 2220 2103 2271; x_wconf 89' lang='lat' dir='ltr'><strong>te</strong></span> <span class='ocrx_word' id='word_1_128' title='bbox 2132 2226 2275 2271; x_wconf 80' lang='lat' dir='ltr'><strong>sus·</strong></span> 
     </span>
     <span class='ocr_line' id='line_1_17' title="bbox 175 2313 2277 2412; baseline 0.001 -27"><span class='ocrx_word' id='word_1_129' title='bbox 175 2314 394 2412; x_wconf 87' lang='lat' dir='ltr'><strong>picio‚</strong></span> <span class='ocrx_word' id='word_1_130' title='bbox 415 2340 507 2387; x_wconf 87' lang='lat' dir='ltr'><strong>an</strong></span> <span class='ocrx_word' id='word_1_131' title='bbox 527 2334 710 2385; x_wconf 87' lang='lat' dir='ltr'><strong>certa</strong></span> <span class='ocrx_word' id='word_1_132' title='bbox 729 2313 963 2411; x_wconf 86' lang='lat' dir='ltr'><strong>aliqua</strong></span> <span class='ocrx_word' id='word_1_133' title='bbox 982 2313 1296 2412; x_wconf 86' lang='lat' dir='ltr'><strong>probatio</strong></span> <span class='ocrx_word' id='word_1_134' title='bbox 1316 2314 1404 2385; x_wconf 86' lang='lat' dir='ltr'><strong>ad</strong></span> <span class='ocrx_word' id='word_1_135' title='bbox 1427 2314 1558 2386; x_wconf 82' lang='lat' dir='ltr'><strong>hoc</strong></span> <span class='ocrx_word' id='word_1_136' title='bbox 1580 2313 1877 2387; x_wconf 83' lang='lat' dir='ltr'><strong>duxerit:</strong></span> <span class='ocrx_word' id='word_1_137' title='bbox 1904 2315 1979 2386; x_wconf 88' lang='lat' dir='ltr'><strong>in</strong></span> <span class='ocrx_word' id='word_1_138' title='bbox 2001 2337 2277 2387; x_wconf 84' lang='lat' dir='ltr'><strong>utrum-</strong></span> 
     </span>
     <span class='ocr_line' id='line_1_18' title="bbox 179 2430 2275 2532; baseline 0.001 -30"><span class='ocrx_word' id='word_1_139' title='bbox 179 2457 314 2530; x_wconf 88' lang='lat' dir='ltr'><strong>que</strong></span> <span class='ocrx_word' id='word_1_140' title='bbox 361 2457 478 2503; x_wconf 85' lang='lat' dir='ltr'><strong>me</strong></span> <span class='ocrx_word' id='word_1_141' title='bbox 520 2430 694 2504; x_wconf 85' lang='lat' dir='ltr'><strong>ratio</strong></span> <span class='ocrx_word' id='word_1_142' title='bbox 742 2431 976 2504; x_wconf 89' lang='lat' dir='ltr'><strong>ducit:</strong></span> <span class='ocrx_word' id='word_1_143' title='bbox 1028 2430 1295 2531; x_wconf 84' lang='lat' dir='ltr'><strong>aliquid</strong></span> <span class='ocrx_word' id='word_1_144' title='bbox 1339 2430 1611 2504; x_wconf 86' lang='lat' dir='ltr'><strong>audisse</strong></span> <span class='ocrx_word' id='word_1_145' title='bbox 1653 2454 1721 2506; x_wconf 90' lang='lat' dir='ltr'><strong>te</strong></span> <span class='ocrx_word' id='word_1_146' title='bbox 1764 2431 2013 2506; x_wconf 87' lang='lat' dir='ltr'><strong>eredo:</strong></span> <span class='ocrx_word' id='word_1_147' title='bbox 2060 2459 2275 2532; x_wconf 85' lang='lat' dir='ltr'><strong>repu-</strong></span> 
     </span>
    </p>
   </div>
   <div class='ocr_carea' id='block_1_3' title="bbox 1263 2651 2277 2816">
    <p class='ocr_par' dir='ltr' id='par_1_3' title="bbox 1263 2651 2277 2816">
     <span class='ocr_line' id='line_1_19' title="bbox 1263 2651 2275 2734; baseline -0.002 -18"><span class='ocrx_word' id='word_1_148' title='bbox 1263 2651 1504 2728; x_wconf 58' lang='lat' dir='ltr'><strong>rct&#39;entia,</strong></span> <span class='ocrx_word' id='word_1_149' title='bbox 1532 2681 1697 2734; x_wconf 82' lang='lat' dir='ltr'><strong>quare</strong></span> <span class='ocrx_word' id='word_1_150' title='bbox 1722 2674 1771 2714; x_wconf 83' lang='lat' dir='ltr'><strong>et</strong></span> <span class='ocrx_word' id='word_1_151' title='bbox 1800 2661 2102 2714; x_wconf 70' lang='lat' dir='ltr'><strong>Obrecht-1³</strong></span> <span class='ocrx_word' id='word_1_152' title='bbox 2131 2681 2275 2714; x_wconf 84' lang='lat' dir='ltr'><strong>rece·-</strong></span> 
     </span>
     <span class='ocr_line' id='line_1_20' title="bbox 1265 2744 2277 2816; baseline -0.001 -20"><span class='ocrx_word' id='word_1_153' title='bbox 1265 2746 1360 2816; x_wconf 82' lang='lat' dir='ltr'><strong>pit.</strong></span> <span class='ocrx_word' id='word_1_154' title='bbox 1383 2745 1502 2795; x_wconf 87' lang='lat' dir='ltr'><strong>Vid.</strong></span> <span class='ocrx_word' id='word_1_155' title='bbox 1538 2744 1603 2796; x_wconf 91' lang='lat' dir='ltr'><strong>ad</strong></span> <span class='ocrx_word' id='word_1_156' title='bbox 1636 2744 1784 2795; x_wconf 86' lang='lat' dir='ltr'><strong>Decl.</strong></span> <span class='ocrx_word' id='word_1_157' title='bbox 1819 2747 1869 2808; x_wconf 83' lang='lat'><strong>1,</strong></span> <span class='ocrx_word' id='word_1_158' title='bbox 1904 2761 1952 2812; x_wconf 91' lang='lat'><strong>7.</strong></span> <span class='ocrx_word' id='word_1_159' title='bbox 1977 2773 2049 2784; x_wconf 92' lang='grc'><strong>--</strong></span> <span class='ocrx_word' id='word_1_160' title='bbox 2079 2744 2197 2795; x_wconf 82' lang='lat' dir='ltr'><strong>Una</strong></span> <span class='ocrx_word' id='word_1_161' title='bbox 2228 2755 2277 2795; x_wconf 78' lang='lat' dir='ltr'><strong>te</strong></span> 
     </span>
    </p>
   </div>
   <div class='ocr_carea' id='block_1_4' title="bbox 175 2662 1191 2818">
    <p class='ocr_par' dir='ltr' id='par_1_4' title="bbox 175 2662 1191 2818">
     <span class='ocr_line' id='line_1_21' title="bbox 251 2662 1188 2737; baseline 0.001 -22"><span class='ocrx_word' id='word_1_162' title='bbox 251 2679 298 2715; x_wconf 81' lang='lat'><strong>1.</strong></span> <span class='ocrx_word' id='word_1_163' title='bbox 333 2662 396 2714; x_wconf 74' lang='lat' dir='ltr'><strong>Si</strong></span> <span class='ocrx_word' id='word_1_164' title='bbox 430 2663 640 2735; x_wconf 72' lang='lat' dir='ltr'><strong>aliquid</strong></span> <span class='ocrx_word' id='word_1_165' title='bbox 675 2665 926 2737; x_wconf 74' lang='lat' dir='ltr'><strong>objiceres.</strong></span> <span class='ocrx_word' id='word_1_166' title='bbox 965 2665 1022 2717; x_wconf 73' lang='lat' dir='ltr'><strong>Si</strong></span> <span class='ocrx_word' id='word_1_167' title='bbox 1052 2663 1188 2716; x_wconf 77' lang='lat' dir='ltr'><strong>alius</strong></span> 
     </span>
     <span class='ocr_line' id='line_1_22' title="bbox 175 2743 1191 2818; baseline 0 -22"><span class='ocrx_word' id='word_1_168' title='bbox 175 2745 428 2816; x_wconf 78' lang='lat' dir='ltr'><strong>objiceret.</strong></span> <span class='ocrx_word' id='word_1_169' title='bbox 455 2747 673 2798; x_wconf 74' lang='lat' dir='ltr'><strong>Senum.</strong></span> <span class='ocrx_word' id='word_1_170' title='bbox 703 2747 781 2798; x_wconf 71' lang='lat' dir='ltr'><strong>Ni</strong></span> <span class='ocrx_word' id='word_1_171' title='bbox 805 2745 1012 2818; x_wconf 78' lang='lat' dir='ltr'><strong>aliquid</strong></span> <span class='ocrx_word' id='word_1_172' title='bbox 1039 2743 1191 2796; x_wconf 81' lang='lat' dir='ltr'><strong>aliud</strong></span> 
     </span>
    </p>
   </div>
   <div class='ocr_carea' id='block_1_5' title="bbox 173 2825 1200 4256">
    <p class='ocr_par' dir='ltr' id='par_1_5' title="bbox 176 2825 1187 2970">
     <span class='ocr_line' id='line_1_23' title="bbox 176 2825 1187 2898; baseline 0.001 -21"><span class='ocrx_word' id='word_1_173' title='bbox 176 2827 417 2898; x_wconf 59' lang='lat' dir='ltr'><strong>objiceres</strong></span> <span class='ocrx_word' id='word_1_174' title='bbox 431 2864 449 2891; x_wconf 93' lang='lat'><strong>,</strong></span> <span class='ocrx_word' id='word_1_175' title='bbox 493 2825 672 2892; x_wconf 75' lang='lat' dir='ltr'><strong>AErpd.</strong></span> <span class='ocrx_word' id='word_1_176' title='bbox 709 2858 780 2866; x_wconf 93' lang='lat'>—</span> <span class='ocrx_word' id='word_1_177' title='bbox 819 2829 992 2880; x_wconf 83' lang='lat' dir='ltr'><strong>Mores</strong></span> <span class='ocrx_word' id='word_1_178' title='bbox 1030 2845 1187 2878; x_wconf 79' lang='lat' dir='ltr'><strong>excu-</strong></span> 
     </span>
     <span class='ocr_line' id='line_1_24' title="bbox 177 2904 1186 2970; baseline 0.002 -16"><span class='ocrx_word' id='word_1_179' title='bbox 177 2904 336 2956; x_wconf 73' lang='lat' dir='ltr'><strong>tiant.</strong></span> <span class='ocrx_word' id='word_1_180' title='bbox 353 2907 525 2957; x_wconf 66' lang='lat' dir='ltr'><strong>Mons</strong></span> <span class='ocrx_word' id='word_1_181' title='bbox 539 2923 760 2958; x_wconf 71' lang='lat' dir='ltr'><strong>uxorum</strong></span> <span class='ocrx_word' id='word_1_182' title='bbox 773 2908 1066 2970; x_wconf 73' lang='lat' dir='ltr'><strong>excutiant,</strong></span> <span class='ocrx_word' id='word_1_183' title='bbox 1085 2907 1186 2957; x_wconf 64' lang='grc' dir='ltr'><strong>ΕΓ.</strong></span> 
     </span>
    </p>

    <p class='ocr_par' dir='ltr' id='par_1_6' title="bbox 173 2986 1200 4256">
     <span class='ocr_line' id='line_1_25' title="bbox 249 2986 1192 3058; baseline 0 -20"><span class='ocrx_word' id='word_1_184' title='bbox 249 3004 298 3038; x_wconf 81' lang='lat'><strong>2.</strong></span> <span class='ocrx_word' id='word_1_185' title='bbox 329 2988 405 3039; x_wconf 79' lang='lat' dir='ltr'><strong>Et</strong></span> <span class='ocrx_word' id='word_1_186' title='bbox 435 2987 657 3040; x_wconf 76' lang='lat' dir='ltr'><strong>hercule.</strong></span> <span class='ocrx_word' id='word_1_187' title='bbox 689 2987 760 3040; x_wconf 81' lang='lat' dir='ltr'><strong>At</strong></span> <span class='ocrx_word' id='word_1_188' title='bbox 790 2986 1026 3054; x_wconf 77' lang='lat' dir='ltr'><strong>hercule,</strong></span> <span class='ocrx_word' id='word_1_189' title='bbox 1045 2986 1192 3058; x_wconf 75' lang='lat' dir='ltr'><strong>faci-</strong></span> 
     </span>
     <span class='ocr_line' id='line_1_26' title="bbox 180 3065 1186 3140; baseline 0.003 -24"><span class='ocrx_word' id='word_1_190' title='bbox 180 3065 282 3117; x_wconf 78' lang='lat' dir='ltr'><strong>lior</strong></span> <span class='ocrx_word' id='word_1_191' title='bbox 314 3065 456 3118; x_wconf 72' lang='lat' dir='ltr'><strong>mihi</strong></span> <span class='ocrx_word' id='word_1_192' title='bbox 477 3067 796 3140; x_wconf 75' lang='lat' dir='ltr'><strong>judicandi,</strong></span> <span class='ocrx_word' id='word_1_193' title='bbox 832 3081 933 3118; x_wconf 88' lang='lat' dir='ltr'><strong>etc.</strong></span> <span class='ocrx_word' id='word_1_194' title='bbox 969 3065 1186 3119; x_wconf 70' lang='lat' dir='ltr'><strong>Senum.</strong></span> 
     </span>
     <span class='ocr_line' id='line_1_27' title="bbox 175 3147 1190 3216; baseline 0 -18"><span class='ocrx_word' id='word_1_195' title='bbox 175 3175 248 3184; x_wconf 89' lang='lat'>—</span> <span class='ocrx_word' id='word_1_196' title='bbox 267 3147 398 3198; x_wconf 83' lang='lat' dir='ltr'><strong>Non</strong></span> <span class='ocrx_word' id='word_1_197' title='bbox 427 3159 497 3198; x_wconf 76' lang='lat' dir='ltr'><strong>est</strong></span> <span class='ocrx_word' id='word_1_198' title='bbox 521 3147 947 3216; x_wconf 76' lang='lat' dir='ltr'><strong>pronunciatum.</strong></span> <span class='ocrx_word' id='word_1_199' title='bbox 973 3149 1055 3198; x_wconf 85' lang='lat' dir='ltr'><strong>An</strong></span> <span class='ocrx_word' id='word_1_200' title='bbox 1081 3165 1190 3198; x_wconf 79' lang='lat' dir='ltr'><strong>ma-</strong></span> 
     </span>
     <span class='ocr_line' id='line_1_28' title="bbox 175 3224 1190 3292; baseline 0.002 -18"><span class='ocrx_word' id='word_1_201' title='bbox 175 3237 258 3276; x_wconf 75' lang='lat' dir='ltr'><strong>ter</strong></span> <span class='ocrx_word' id='word_1_202' title='bbox 289 3243 412 3276; x_wconf 77' lang='lat' dir='ltr'><strong>mea</strong></span> <span class='ocrx_word' id='word_1_203' title='bbox 443 3224 686 3278; x_wconf 79' lang='lat' dir='ltr'><strong>adultera</strong></span> <span class='ocrx_word' id='word_1_204' title='bbox 719 3227 906 3292; x_wconf 79' lang='lat' dir='ltr'><strong>fuerit,</strong></span> <span class='ocrx_word' id='word_1_205' title='bbox 939 3225 1032 3278; x_wconf 80' lang='lat' dir='ltr'><strong>scd</strong></span> <span class='ocrx_word' id='word_1_206' title='bbox 1066 3227 1190 3278; x_wconf 86' lang='lat' dir='ltr'><strong>sim-</strong></span> 
     </span>
     <span class='ocr_line' id='line_1_29' title="bbox 173 3301 1188 3376; baseline 0.003 -23"><span class='ocrx_word' id='word_1_207' title='bbox 173 3301 410 3374; x_wconf 76' lang='lat' dir='ltr'><strong>pliciter..</strong></span> <span class='ocrx_word' id='word_1_208' title='bbox 431 3317 480 3356; x_wconf 86' lang='lat' dir='ltr'><strong>et</strong></span> <span class='ocrx_word' id='word_1_209' title='bbox 501 3307 650 3376; x_wconf 81' lang='lat' dir='ltr'><strong>quasi</strong></span> <span class='ocrx_word' id='word_1_210' title='bbox 672 3302 964 3357; x_wconf 83' lang='lat' dir='ltr'><strong>domestico</strong></span> <span class='ocrx_word' id='word_1_211' title='bbox 983 3303 1188 3376; x_wconf 85' lang='lat' dir='ltr'><strong>jndicio</strong></span> 
     </span>
     <span class='ocr_line' id='line_1_30' title="bbox 175 3384 1188 3458; baseline 0 -22"><span class='ocrx_word' id='word_1_212' title='bbox 175 3384 282 3436; x_wconf 84' lang='lat' dir='ltr'><strong>hoc</strong></span> <span class='ocrx_word' id='word_1_213' title='bbox 327 3386 542 3438; x_wconf 85' lang='lat' dir='ltr'><strong>nomine</strong></span> <span class='ocrx_word' id='word_1_214' title='bbox 583 3386 860 3458; x_wconf 79' lang='lat' dir='ltr'><strong>repudiata</strong></span> <span class='ocrx_word' id='word_1_215' title='bbox 904 3400 1016 3450; x_wconf 80' lang='lat' dir='ltr'><strong>est,</strong></span> <span class='ocrx_word' id='word_1_216' title='bbox 1059 3399 1188 3436; x_wconf 85' lang='lat' dir='ltr'><strong>tam·</strong></span> 
     </span>
     <span class='ocr_line' id='line_1_31' title="bbox 177 3462 1188 3536; baseline 0.001 -21"><span class='ocrx_word' id='word_1_217' title='bbox 177 3481 344 3535; x_wconf 72' lang='lat' dir='ltr'><strong>quam</strong></span> <span class='ocrx_word' id='word_1_218' title='bbox 386 3462 660 3529; x_wconf 71' lang='lat' dir='ltr'><strong>adultera,</strong></span> <span class='ocrx_word' id='word_1_219' title='bbox 693 3479 746 3516; x_wconf 80' lang='lat' dir='ltr'><strong>et</strong></span> <span class='ocrx_word' id='word_1_220' title='bbox 782 3481 945 3516; x_wconf 71' lang='lat' dir='ltr'><strong>causa</strong></span> <span class='ocrx_word' id='word_1_221' title='bbox 980 3463 1188 3536; x_wconf 79' lang='lat' dir='ltr'><strong>adjecta</strong></span> 
     </span>
     <span class='ocr_line' id='line_1_32' title="bbox 177 3542 1192 3616; baseline 0.001 -23"><span class='ocrx_word' id='word_1_222' title='bbox 177 3545 244 3594; x_wconf 74' lang='lat' dir='ltr'><strong>im</strong></span> <span class='ocrx_word' id='word_1_223' title='bbox 251 3542 522 3614; x_wconf 67' lang='lat' dir='ltr'><strong>pudicitie</strong></span> <span class='ocrx_word' id='word_1_224' title='bbox 538 3565 550 3594; x_wconf 88' lang='lat'>:</span> <span class='ocrx_word' id='word_1_225' title='bbox 574 3557 794 3616; x_wconf 81' lang='lat' dir='ltr'><strong>propter</strong></span> <span class='ocrx_word' id='word_1_226' title='bbox 807 3563 980 3597; x_wconf 74' lang='lat' dir='ltr'><strong>mores</strong></span> <span class='ocrx_word' id='word_1_227' title='bbox 993 3545 1192 3614; x_wconf 76' lang='lat' dir='ltr'><strong>gravio-</strong></span> 
     </span>
     <span class='ocr_line' id='line_1_33' title="bbox 177 3615 1190 3694; baseline 0 -20"><span class='ocrx_word' id='word_1_228' title='bbox 177 3641 292 3688; x_wconf 72' lang='lat' dir='ltr'><strong>res,</strong></span> <span class='ocrx_word' id='word_1_229' title='bbox 315 3624 574 3692; x_wconf 46' lang='lat' dir='ltr'><strong>intinquit</strong></span> <span class='ocrx_word' id='word_1_230' title='bbox 599 3615 856 3694; x_wconf 72' lang='lat' dir='ltr'><strong>Ulpianus</strong></span> <span class='ocrx_word' id='word_1_231' title='bbox 885 3625 964 3674; x_wconf 89' lang='lat' dir='ltr'><strong>tit.</strong></span> <span class='ocrx_word' id='word_1_232' title='bbox 995 3623 1062 3674; x_wconf 85' lang='lat' dir='ltr'><strong>de</strong></span> <span class='ocrx_word' id='word_1_233' title='bbox 1089 3621 1190 3674; x_wconf 90' lang='lat' dir='ltr'><strong>do-</strong></span> 
     </span>
     <span class='ocr_line' id='line_1_34' title="bbox 175 3701 1196 3754; baseline -0.002 0"><span class='ocrx_word' id='word_1_234' title='bbox 175 3701 342 3754; x_wconf 70' lang='lat' dir='ltr'><strong>tibtn.</strong></span> <span class='ocrx_word' id='word_1_235' title='bbox 378 3703 562 3754; x_wconf 70' lang='lat' dir='ltr'><strong>AEnoo.</strong></span> <span class='ocrx_word' id='word_1_236' title='bbox 593 3729 668 3741; x_wconf 89' lang='lat'><strong>-—</strong></span> <span class='ocrx_word' id='word_1_237' title='bbox 703 3703 999 3754; x_wconf 74' lang='lat' dir='ltr'><strong>constantia</strong></span> <span class='ocrx_word' id='word_1_238' title='bbox 1028 3713 1196 3752; x_wconf 70' lang='lat' dir='ltr'><strong>mater</strong></span> 
     </span>
     <span class='ocr_line' id='line_1_35' title="bbox 175 3779 1188 3845; baseline -0.001 -13"><span class='ocrx_word' id='word_1_239' title='bbox 175 3781 458 3833; x_wconf 56' lang='lat' dir='ltr'><strong>dinewr-ic</strong></span> <span class='ocrx_word' id='word_1_240' title='bbox 475 3819 490 3845; x_wconf 94' lang='lat'>‚</span> <span class='ocrx_word' id='word_1_241' title='bbox 519 3799 590 3832; x_wconf 77' lang='lat' dir='ltr'><strong>an</strong></span> <span class='ocrx_word' id='word_1_242' title='bbox 618 3780 942 3832; x_wconf 73' lang='lat' dir='ltr'><strong>verecundia.</strong></span> <span class='ocrx_word' id='word_1_243' title='bbox 978 3779 1188 3832; x_wconf 81' lang='lat' dir='ltr'><strong>Scribe:</strong></span> 
     </span>
     <span class='ocr_line' id='line_1_36' title="bbox 176 3861 1193 3931; baseline 0.001 -18"><span class='ocrx_word' id='word_1_244' title='bbox 176 3862 502 3914; x_wconf 68' lang='lat' dir='ltr'><strong>conscientia</strong></span> <span class='ocrx_word' id='word_1_245' title='bbox 529 3873 697 3914; x_wconf 78' lang='lat' dir='ltr'><strong>mater</strong></span> <span class='ocrx_word' id='word_1_246' title='bbox 720 3862 1004 3915; x_wconf 70' lang='lat' dir='ltr'><strong>discesserit.</strong></span> <span class='ocrx_word' id='word_1_247' title='bbox 1031 3861 1193 3931; x_wconf 89' lang='lat' dir='ltr'><strong>Quod</strong></span> 
     </span>
     <span class='ocr_line' id='line_1_37' title="bbox 175 3941 1192 4013; baseline 0.002 -21"><span class='ocrx_word' id='word_1_248' title='bbox 175 3941 356 4013; x_wconf 67' lang='lat' dir='ltr'><strong>culpe</strong></span> <span class='ocrx_word' id='word_1_249' title='bbox 405 3941 508 3994; x_wconf 73' lang='lat' dir='ltr'><strong>sibi</strong></span> <span class='ocrx_word' id='word_1_250' title='bbox 557 3944 772 3994; x_wconf 79' lang='lat' dir='ltr'><strong>conscia</strong></span> <span class='ocrx_word' id='word_1_251' title='bbox 825 3957 980 3995; x_wconf 75' lang='lat' dir='ltr'><strong>esset.</strong></span> <span class='ocrx_word' id='word_1_252' title='bbox 1027 3946 1192 3996; x_wconf 58' lang='grc' dir='ltr'><strong>(ἔκαε.</strong></span> 
     </span>
     <span class='ocr_line' id='line_1_38' title="bbox 175 4022 1199 4078; baseline 0.004 -4"><span class='ocrx_word' id='word_1_253' title='bbox 175 4025 560 4076; x_wconf 72' lang='lat' dir='ltr'><strong>Pei-mutantur</strong></span> <span class='ocrx_word' id='word_1_254' title='bbox 592 4039 732 4076; x_wconf 81' lang='lat' dir='ltr'><strong>certe</strong></span> <span class='ocrx_word' id='word_1_255' title='bbox 763 4022 876 4076; x_wconf 60' lang='lat' dir='ltr'><strong>haec</strong></span> <span class='ocrx_word' id='word_1_256' title='bbox 903 4023 1014 4076; x_wconf 83' lang='lat' dir='ltr'><strong>dno</strong></span> <span class='ocrx_word' id='word_1_257' title='bbox 1041 4043 1199 4078; x_wconf 77' lang='lat' dir='ltr'><strong>voca-</strong></span> 
     </span>
     <span class='ocr_line' id='line_1_39' title="bbox 177 4101 1198 4173; baseline 0.001 -19"><span class='ocrx_word' id='word_1_258' title='bbox 177 4101 314 4154; x_wconf 76' lang='lat' dir='ltr'><strong>bula</strong></span> <span class='ocrx_word' id='word_1_259' title='bbox 353 4105 512 4154; x_wconf 81' lang='lat' dir='ltr'><strong>etiam</strong></span> <span class='ocrx_word' id='word_1_260' title='bbox 549 4105 606 4153; x_wconf 87' lang='lat' dir='ltr'><strong>in</strong></span> <span class='ocrx_word' id='word_1_261' title='bbox 643 4102 877 4155; x_wconf 79' lang='lat' dir='ltr'><strong>Declam.</strong></span> <span class='ocrx_word' id='word_1_262' title='bbox 919 4105 1092 4166; x_wconf 80' lang='lat' dir='ltr'><strong>xvn‚</strong></span> <span class='ocrx_word' id='word_1_263' title='bbox 1131 4122 1198 4173; x_wconf 85' lang='lat'><strong>9,</strong></span> 
     </span>
     <span class='ocr_line' id='line_1_40' title="bbox 178 4183 1200 4256; baseline 0.004 -20"><span class='ocrx_word' id='word_1_264' title='bbox 178 4199 236 4238; x_wconf 81' lang='lat' dir='ltr'><strong>et</strong></span> <span class='ocrx_word' id='word_1_265' title='bbox 259 4183 354 4237; x_wconf 83' lang='lat' dir='ltr'><strong>hic</strong></span> <span class='ocrx_word' id='word_1_266' title='bbox 377 4185 640 4256; x_wconf 79' lang='lat' dir='ltr'><strong>optimum</strong></span> <span class='ocrx_word' id='word_1_267' title='bbox 663 4203 876 4238; x_wconf 71' lang='lat' dir='ltr'><strong>tensum</strong></span> <span class='ocrx_word' id='word_1_268' title='bbox 897 4185 1056 4238; x_wconf 75' lang='lat' dir='ltr'><strong>habet</strong></span> <span class='ocrx_word' id='word_1_269' title='bbox 1079 4203 1200 4240; x_wconf 62' lang='lat' dir='ltr'><strong>con»</strong></span> 
     </span>
    </p>
   </div>
   <div class='ocr_carea' id='block_1_6' title="bbox 1265 2823 2280 4254">
    <p class='ocr_par' dir='ltr' id='par_1_7' title="bbox 1265 2823 2280 4254">
     <span class='ocr_line' id='line_1_41' title="bbox 1265 2823 2280 2893; baseline -0.001 -19"><span class='ocrx_word' id='word_1_270' title='bbox 1265 2824 1499 2893; x_wconf 75' lang='lat' dir='ltr'><strong>suspicio.</strong></span> <span class='ocrx_word' id='word_1_271' title='bbox 1518 2823 1631 2872; x_wconf 79' lang='lat' dir='ltr'><strong>Vox</strong></span> <span class='ocrx_word' id='word_1_272' title='bbox 1652 2833 1789 2872; x_wconf 82' lang='lat' dir='ltr'><strong>certa</strong></span> <span class='ocrx_word' id='word_1_273' title='bbox 1811 2841 1924 2893; x_wconf 85' lang='lat' dir='ltr'><strong>quae</strong></span> <span class='ocrx_word' id='word_1_274' title='bbox 1944 2824 2183 2892; x_wconf 83' lang='lat' dir='ltr'><strong>sequitur</strong></span> <span class='ocrx_word' id='word_1_275' title='bbox 2204 2841 2280 2874; x_wconf 89' lang='lat' dir='ltr'><strong>re-</strong></span> 
     </span>
     <span class='ocr_line' id='line_1_42' title="bbox 1269 2905 2274 2976; baseline 0.002 -22"><span class='ocrx_word' id='word_1_276' title='bbox 1269 2906 1431 2974; x_wconf 83' lang='lat' dir='ltr'><strong>quirit</strong></span> <span class='ocrx_word' id='word_1_277' title='bbox 1462 2905 1816 2968; x_wconf 80' lang='lat' dir='ltr'><strong>contrariam,</strong></span> <span class='ocrx_word' id='word_1_278' title='bbox 1845 2921 1958 2976; x_wconf 65' lang='lat' dir='ltr'><strong>qna</strong></span> <span class='ocrx_word' id='word_1_279' title='bbox 1992 2918 2071 2956; x_wconf 84' lang='lat' dir='ltr'><strong>est</strong></span> <span class='ocrx_word' id='word_1_280' title='bbox 2105 2924 2274 2972; x_wconf 83' lang='lat' dir='ltr'><strong>vana,</strong></span> 
     </span>
     <span class='ocr_line' id='line_1_43' title="bbox 1267 2983 2277 3056; baseline 0.001 -20"><span class='ocrx_word' id='word_1_281' title='bbox 1267 2998 1326 3036; x_wconf 90' lang='lat' dir='ltr'><strong>ut</strong></span> <span class='ocrx_word' id='word_1_282' title='bbox 1365 2983 1647 3054; x_wconf 74' lang='lat' dir='ltr'><strong>legendum</strong></span> <span class='ocrx_word' id='word_1_283' title='bbox 1686 2997 1853 3056; x_wconf 86' lang='lat' dir='ltr'><strong>puto:</strong></span> <span class='ocrx_word' id='word_1_284' title='bbox 1896 3003 2019 3036; x_wconf 80' lang='lat' dir='ltr'><strong>nam</strong></span> <span class='ocrx_word' id='word_1_285' title='bbox 2058 3002 2187 3036; x_wconf 81' lang='lat' dir='ltr'><strong>unus</strong></span> <span class='ocrx_word' id='word_1_286' title='bbox 2223 2997 2277 3037; x_wconf 80' lang='lat' dir='ltr'><strong>et</strong></span> 
     </span>
     <span class='ocr_line' id='line_1_44' title="bbox 1269 3062 2277 3134; baseline 0.001 -19"><span class='ocrx_word' id='word_1_287' title='bbox 1269 3081 1435 3115; x_wconf 78' lang='lat' dir='ltr'><strong>vanus</strong></span> <span class='ocrx_word' id='word_1_288' title='bbox 1473 3062 1669 3134; x_wconf 81' lang='lat' dir='ltr'><strong>passim</strong></span> <span class='ocrx_word' id='word_1_289' title='bbox 1714 3077 2099 3134; x_wconf 82' lang='lat' dir='ltr'><strong>permutantur.</strong></span> <span class='ocrx_word' id='word_1_290' title='bbox 2144 3063 2277 3116; x_wconf 87' lang='lat' dir='ltr'><strong>Vide</strong></span> 
     </span>
     <span class='ocr_line' id='line_1_45' title="bbox 1267 3140 2275 3196; baseline 0 -1"><span class='ocrx_word' id='word_1_291' title='bbox 1267 3140 1765 3195; x_wconf 76' lang='lat' dir='ltr'><strong>Drakenborchium</strong></span> <span class='ocrx_word' id='word_1_292' title='bbox 1802 3157 2043 3196; x_wconf 78' lang='lat' dir='ltr'><strong>nostrum</strong></span> <span class='ocrx_word' id='word_1_293' title='bbox 2082 3143 2150 3195; x_wconf 82' lang='lat' dir='ltr'><strong>ad</strong></span> <span class='ocrx_word' id='word_1_294' title='bbox 2182 3142 2275 3195; x_wconf 89' lang='lat' dir='ltr'><strong>Sil.</strong></span> 
     </span>
     <span class='ocr_line' id='line_1_46' title="bbox 1267 3221 2274 3294; baseline 0.001 -21"><span class='ocrx_word' id='word_1_295' title='bbox 1267 3225 1332 3288; x_wconf 82' lang='lat' dir='ltr'><strong>V,</strong></span> <span class='ocrx_word' id='word_1_296' title='bbox 1360 3223 1487 3273; x_wconf 84' lang='lat'>126:</span> <span class='ocrx_word' id='word_1_297' title='bbox 1522 3224 1597 3273; x_wconf 87' lang='lat' dir='ltr'><strong>sic</strong></span> <span class='ocrx_word' id='word_1_298' title='bbox 1626 3236 1757 3294; x_wconf 81' lang='lat' dir='ltr'><strong>puto</strong></span> <span class='ocrx_word' id='word_1_299' title='bbox 1785 3237 1837 3274; x_wconf 85' lang='lat' dir='ltr'><strong>et</strong></span> <span class='ocrx_word' id='word_1_300' title='bbox 1865 3221 2011 3294; x_wconf 81' lang='lat' dir='ltr'><strong>apud</strong></span> <span class='ocrx_word' id='word_1_301' title='bbox 2037 3223 2274 3288; x_wconf 75' lang='lat' dir='ltr'><strong>Livium,</strong></span> 
     </span>
     <span class='ocr_line' id='line_1_47' title="bbox 1269 3299 2275 3372; baseline 0.001 -22"><span class='ocrx_word' id='word_1_302' title='bbox 1269 3299 1358 3352; x_wconf 85' lang='lat' dir='ltr'><strong>lib.</strong></span> <span class='ocrx_word' id='word_1_303' title='bbox 1405 3301 1575 3366; x_wconf 82' lang='lat' dir='ltr'><strong>XXII,</strong></span> <span class='ocrx_word' id='word_1_304' title='bbox 1617 3301 1714 3370; x_wconf 80' lang='lat'><strong>39,</strong></span> <span class='ocrx_word' id='word_1_305' title='bbox 1756 3301 2038 3372; x_wconf 78' lang='lat' dir='ltr'><strong>legendum</strong></span> <span class='ocrx_word' id='word_1_306' title='bbox 2064 3323 2074 3350; x_wconf 94' lang='lat'><strong>:</strong></span> <span class='ocrx_word' id='word_1_307' title='bbox 2119 3323 2141 3345; x_wconf 75' lang='grc' dir='ltr'><strong><em>α</em></strong></span> <span class='ocrx_word' id='word_1_308' title='bbox 2162 3301 2275 3351; x_wconf 77' lang='lat' dir='ltr'><strong>Nec</strong></span> 
     </span>
     <span class='ocr_line' id='line_1_48' title="bbox 1273 3378 2278 3450; baseline 0 -20"><span class='ocrx_word' id='word_1_309' title='bbox 1273 3401 1296 3425; x_wconf 74' lang='grc' dir='ltr'><strong>ιι</strong></span> <span class='ocrx_word' id='word_1_310' title='bbox 1315 3378 1580 3449; x_wconf 76' lang='lat' dir='ltr'><strong>gloriandi</strong></span> <span class='ocrx_word' id='word_1_311' title='bbox 1630 3393 1841 3450; x_wconf 86' lang='lat' dir='ltr'><strong>tempus</strong></span> <span class='ocrx_word' id='word_1_312' title='bbox 1894 3379 2141 3432; x_wconf 82' lang='lat' dir='ltr'><strong>adversus</strong></span> <span class='ocrx_word' id='word_1_313' title='bbox 2188 3398 2278 3431; x_wconf 83' lang='lat' dir='ltr'><strong>va-</strong></span> 
     </span>
     <span class='ocr_line' id='line_1_49' title="bbox 1274 3461 2278 3513; baseline 0.001 -2"><span class='ocrx_word' id='word_1_314' title='bbox 1274 3479 1449 3512; x_wconf 69' lang='lat' dir='ltr'><strong>enum</strong></span> <span class='ocrx_word' id='word_1_315' title='bbox 1483 3472 1579 3512; x_wconf 81' lang='lat' dir='ltr'><strong>est.</strong></span> <span class='ocrx_word' id='word_1_316' title='bbox 1603 3483 1625 3507; x_wconf 77' lang='grc' dir='ltr'><strong>ιι</strong></span> <span class='ocrx_word' id='word_1_317' title='bbox 1658 3461 1759 3512; x_wconf 87' lang='lat' dir='ltr'><strong>Ubi</strong></span> <span class='ocrx_word' id='word_1_318' title='bbox 1793 3479 1935 3512; x_wconf 86' lang='lat' dir='ltr'><strong>nunc</strong></span> <span class='ocrx_word' id='word_1_319' title='bbox 1974 3479 2137 3512; x_wconf 78' lang='lat' dir='ltr'><strong>unum</strong></span> <span class='ocrx_word' id='word_1_320' title='bbox 2178 3463 2278 3513; x_wconf 84' lang='lat' dir='ltr'><strong>cir-</strong></span> 
     </span>
     <span class='ocr_line' id='line_1_50' title="bbox 1269 3542 2278 3616; baseline 0 -22"><span class='ocrx_word' id='word_1_321' title='bbox 1269 3543 1589 3606; x_wconf 85' lang='lat' dir='ltr'><strong>cumfertur;</strong></span> <span class='ocrx_word' id='word_1_322' title='bbox 1614 3542 1757 3614; x_wconf 77' lang='lat' dir='ltr'><strong>ap‘ud</strong></span> <span class='ocrx_word' id='word_1_323' title='bbox 1776 3544 2013 3594; x_wconf 86' lang='lat' dir='ltr'><strong>Curtium</strong></span> <span class='ocrx_word' id='word_1_324' title='bbox 2036 3561 2278 3616; x_wconf 83' lang='lat' dir='ltr'><strong>quoque,</strong></span> 
     </span>
     <span class='ocr_line' id='line_1_51' title="bbox 1271 3621 2279 3688; baseline 0 -16"><span class='ocrx_word' id='word_1_325' title='bbox 1271 3621 1364 3672; x_wconf 86' lang='lat' dir='ltr'><strong>lib.</strong></span> <span class='ocrx_word' id='word_1_326' title='bbox 1391 3622 1481 3686; x_wconf 82' lang='lat' dir='ltr'><strong>1V,</strong></span> <span class='ocrx_word' id='word_1_327' title='bbox 1510 3621 1599 3688; x_wconf 72' lang='lat'><strong>14,</strong></span> <span class='ocrx_word' id='word_1_328' title='bbox 1622 3621 1826 3672; x_wconf 81' lang='lat' dir='ltr'><strong>scribo:</strong></span> <span class='ocrx_word' id='word_1_329' title='bbox 1858 3644 1881 3668; x_wconf 75' lang='grc' dir='ltr'><strong>α</strong></span> <span class='ocrx_word' id='word_1_330' title='bbox 1904 3623 2037 3673; x_wconf 78' lang='lat' dir='ltr'><strong>Nam</strong></span> <span class='ocrx_word' id='word_1_331' title='bbox 2057 3621 2279 3673; x_wconf 66' lang='lat' dir='ltr'><strong>Alexan·-</strong></span> 
     </span>
     <span class='ocr_line' id='line_1_52' title="bbox 1277 3703 2280 3774; baseline 0 -22"><span class='ocrx_word' id='word_1_332' title='bbox 1277 3725 1300 3748; x_wconf 69' lang='lat' dir='ltr'>a</span> <span class='ocrx_word' id='word_1_333' title='bbox 1319 3703 1431 3767; x_wconf 81' lang='lat' dir='ltr'><strong>der,</strong></span> <span class='ocrx_word' id='word_1_334' title='bbox 1452 3716 1897 3774; x_wconf 81' lang='lat' dir='ltr'><strong>quantuscunque</strong></span> <span class='ocrx_word' id='word_1_335' title='bbox 1914 3704 2114 3773; x_wconf 74' lang='lat' dir='ltr'><strong>ignavis</strong></span> <span class='ocrx_word' id='word_1_336' title='bbox 2140 3715 2193 3754; x_wconf 82' lang='lat' dir='ltr'><strong>et</strong></span> <span class='ocrx_word' id='word_1_337' title='bbox 2216 3704 2280 3752; x_wconf 80' lang='lat' dir='ltr'><strong>ti-</strong></span> 
     </span>
     <span class='ocr_line' id='line_1_53' title="bbox 1279 3783 2277 3856; baseline 0.001 -23"><span class='ocrx_word' id='word_1_338' title='bbox 1279 3783 1475 3835; x_wconf 77' lang='lat' dir='ltr'><strong>·midis</strong></span> <span class='ocrx_word' id='word_1_339' title='bbox 1509 3783 1673 3836; x_wconf 75' lang='lat' dir='ltr'><strong>videri</strong></span> <span class='ocrx_word' id='word_1_340' title='bbox 1705 3799 1911 3856; x_wconf 68' lang='lat' dir='ltr'><strong>potest,</strong></span> <span class='ocrx_word' id='word_1_341' title='bbox 1940 3803 2131 3835; x_wconf 80' lang='lat' dir='ltr'><strong>vanum</strong></span> <span class='ocrx_word' id='word_1_342' title='bbox 2167 3785 2277 3834; x_wconf 80' lang='lat' dir='ltr'><strong>ani·</strong></span> 
     </span>
     <span class='ocr_line' id='line_1_54' title="bbox 1280 3861 2279 3933; baseline 0.002 -23"><span class='ocrx_word' id='word_1_343' title='bbox 1280 3887 1301 3910; x_wconf 75' lang='grc' dir='ltr'>ι</span> <span class='ocrx_word' id='word_1_344' title='bbox 1321 3863 1423 3914; x_wconf 82' lang='lat' dir='ltr'><strong>mal</strong></span> <span class='ocrx_word' id='word_1_345' title='bbox 1442 3875 1603 3928; x_wconf 82' lang='lat' dir='ltr'><strong>est‚et</strong></span> <span class='ocrx_word' id='word_1_346' title='bbox 1618 3867 1661 3916; x_wconf 73' lang='lat' dir='ltr'><strong>si</strong></span> <span class='ocrx_word' id='word_1_347' title='bbox 1674 3862 1801 3933; x_wconf 88' lang='lat' dir='ltr'><strong>quid</strong></span> <span class='ocrx_word' id='word_1_348' title='bbox 1819 3862 1945 3914; x_wconf 81' lang='lat' dir='ltr'><strong>mihi</strong></span> <span class='ocrx_word' id='word_1_349' title='bbox 1962 3861 2193 3918; x_wconf 72' lang='lat' dir='ltr'><strong>creditis.</strong></span> <span class='ocrx_word' id='word_1_350' title='bbox 2206 3875 2279 3912; x_wconf 86' lang='lat' dir='ltr'><strong>te-</strong></span> 
     </span>
     <span class='ocr_line' id='line_1_55' title="bbox 1281 3955 2276 3992; baseline 0.003 -3"><span class='ocrx_word' id='word_1_351' title='bbox 1281 3965 1306 3988; x_wconf 79' lang='lat'>«</span> <span class='ocrx_word' id='word_1_352' title='bbox 1327 3959 1611 3992; x_wconf 69' lang='lat' dir='ltr'><strong>moranum</strong></span> <span class='ocrx_word' id='word_1_353' title='bbox 1631 3955 1682 3992; x_wconf 88' lang='lat' dir='ltr'><strong>et</strong></span> <span class='ocrx_word' id='word_1_354' title='bbox 1702 3959 1883 3992; x_wconf 71' lang='lat' dir='ltr'><strong>vecors</strong></span> <span class='ocrx_word' id='word_1_355' title='bbox 1903 3963 1913 3990; x_wconf 95' lang='lat'><strong>:</strong></span> <span class='ocrx_word' id='word_1_356' title='bbox 1936 3965 1959 3988; x_wconf 72' lang='lat' dir='ltr'>n</span> <span class='ocrx_word' id='word_1_357' title='bbox 1986 3959 2093 3990; x_wconf 88' lang='lat' dir='ltr'><strong>non</strong></span> <span class='ocrx_word' id='word_1_358' title='bbox 2114 3959 2276 3992; x_wconf 79' lang='lat' dir='ltr'><strong>unum</strong></span> 
     </span>
     <span class='ocr_line' id='line_1_56' title="bbox 1276 4021 2277 4091; baseline -0.003 -15"><span class='ocrx_word' id='word_1_359' title='bbox 1276 4023 1497 4076; x_wconf 76' lang='lat' dir='ltr'><strong>animal.</strong></span> <span class='ocrx_word' id='word_1_360' title='bbox 1525 4025 1717 4075; x_wconf 81' lang='lat' dir='ltr'><strong>Contra</strong></span> <span class='ocrx_word' id='word_1_361' title='bbox 1742 4025 1796 4073; x_wconf 90' lang='lat' dir='ltr'><strong>in</strong></span> <span class='ocrx_word' id='word_1_362' title='bbox 1820 4021 2051 4073; x_wconf 80' lang='lat' dir='ltr'><strong>Declam.</strong></span> <span class='ocrx_word' id='word_1_363' title='bbox 2078 4021 2157 4089; x_wconf 85' lang='lat' dir='ltr'><strong>X,</strong></span> <span class='ocrx_word' id='word_1_364' title='bbox 2190 4039 2207 4072; x_wconf 84' lang='grc' dir='ltr'>ι</span> <span class='ocrx_word' id='word_1_365' title='bbox 2224 4040 2242 4073; x_wconf 87' lang='lat'>1</span> <span class='ocrx_word' id='word_1_366' title='bbox 2261 4061 2277 4091; x_wconf 83' lang='lat'><strong>,</strong></span> 
     </span>
     <span class='ocr_line' id='line_1_57' title="bbox 1277 4103 2280 4174; baseline -0.002 -18"><span class='ocrx_word' id='word_1_367' title='bbox 1277 4103 1584 4156; x_wconf 77' lang='lat' dir='ltr'><strong>Obrechtus</strong></span> <span class='ocrx_word' id='word_1_368' title='bbox 1604 4121 1705 4173; x_wconf 85' lang='lat' dir='ltr'><strong>pro</strong></span> <span class='ocrx_word' id='word_1_369' title='bbox 1726 4120 1861 4154; x_wconf 76' lang='lat' dir='ltr'><strong>vana</strong></span> <span class='ocrx_word' id='word_1_370' title='bbox 1880 4103 2039 4167; x_wconf 75' lang='lat' dir='ltr'><strong>ratio,</strong></span> <span class='ocrx_word' id='word_1_371' title='bbox 2060 4103 2280 4174; x_wconf 65' lang='lat' dir='ltr'><strong>rescrip-</strong></span> 
     </span>
     <span class='ocr_line' id='line_1_58' title="bbox 1277 4187 1711 4254; baseline -0.009 -15"><span class='ocrx_word' id='word_1_372' title='bbox 1277 4188 1374 4254; x_wconf 76' lang='lat' dir='ltr'><strong>sit,</strong></span> <span class='ocrx_word' id='word_1_373' title='bbox 1397 4203 1518 4238; x_wconf 76' lang='lat' dir='ltr'><strong>una.</strong></span> <span class='ocrx_word' id='word_1_374' title='bbox 1543 4187 1711 4238; x_wconf 73' lang='lat' dir='ltr'><strong>Bum-</strong></span> 
     </span>
    </p>
   </div>
   <div class='ocr_carea' id='block_1_7' title="bbox 1947 4289 2027 4324">
    <p class='ocr_par' dir='ltr' id='par_1_8' title="bbox 1947 4289 2027 4324">
     <span class='ocr_line' id='line_1_59' title="bbox 1947 4289 2027 4324; baseline -0.025 0"><span class='ocrx_word' id='word_1_375' title='bbox 1947 4289 2027 4324; x_wconf 78' lang='lat'><strong>22.</strong></span> 
     </span>
    </p>
   </div>
  </div>
 </body>
</html>
