2855 4871
616 415 745 490 224
1116 413 1210 476 M.
1259 413 1512 477 FABu
1557 410 2190 494 QUINTILIANI

606 680 1157 701 mmm

1550 680 2576 701 mmmm-‚mmm
2579 680 2656 699 Ἢ

1452 880 1859 958 CCCVI.

885 1114 1285 1211 Expositus,
1318 1124 1584 1208 neqatae
1609 1114 1845 1181 matris
1877 1116 2148 1211 nuptias
2175 1125 2424 1209 petens.

608 1320 868 1381 Maritus
891 1338 1142 1400 peregre
1165 1314 1586 1399 proficiscenS,
1609 1318 1906 1398 praecepit
1927 1318 2138 1393 uxori,
2163 1330 2235 1377 ut
2257 1330 2497 1399 partum
2518 1336 2664 1397 expo-

688 1431 878 1479 neret.
917 1416 1237 1497 Expositus
1274 1429 1362 1474 est
1400 1435 1571 1496 puer.
1610 1414 1872 1474 Maritus
1910 1436 2194 1497 peregre,
2227 1437 2419 1476 uxore
2449 1414 2660 1487 herede,

684 1514 961 1573 decessit.
999 1512 1147 1570 Post
1181 1523 1421 1592 tempus
1456 1508 1714 1589 quidam
1752 1509 2138 1585 adolescens,
2171 1508 2347 1591 cujus
2380 1526 2517 1571 {etas
2549 1529 2664 1569 cum

687 1610 1085 1691 expositionis
1112 1618 1391 1688 tempore
1423 1604 1837 1687 congruebat,
1865 1608 2053 1690 coepit
2074 1606 2277 1667 dicere
2300 1628 2364 1668 se
2391 1606 2596 1681 fliium,
2615 1620 2665 1664 et

686 1708 858 1767 bona
887 1706 1000 1765 sibi
1026 1705 1361 1765 vindicare.
1390 1704 1558 1765 {nter
1582 1724 1788 1765 moras
1805 1698 2246 1786 judicii‚bello
2272 1706 2440 1767 idem
2465 1702 2666 1765 adoles·

686 1826 829 1866 cens
854 1806 1099 1865 fortiter
1124 1800 1283 1863 fecit.
1314 1803 1474 1861 Petit
1496 1802 1754 1883 praemio
1779 1803 2026 1885 nuptias
2051 1800 2209 1884 ejus,
2232 1824 2426 1885 quam
2445 1815 2664 1863 matrem

686 1902 955 1978 dicebat,
980 1916 1271 1961 manente
1293 1901 1504 1982 priore
1518 1896 1778 1981 judicio.
1805 1899 1874 1959 C.
1897 1900 1976 1961 D.

1308 2090 2008 2155 DECLAMATIO.

699 2254 860 2323 Non
888 2251 988 2322 ita
1015 2276 1131 2322 me
1160 2249 1391 2349 prima
1420 2249 1612 2321 frons
1632 2262 1649 2293 ¹
1687 2275 1910 2322 causae
1938 2248 2388 2322 callidissima
2409 2248 2670 2349 optionis

606 2367 1049 2441 simulatione
1078 2366 1371 2467 decipit,
1402 2387 1482 2440 ut
1507 2366 1766 2440 mulier
1798 2368 1924 2440 ista
1957 2366 2411 2441 matrimonio
2439 2365 2669 2456 credat,

608 2485 797 2582 quod
842 2483 1055 2556 hodie
1101 2511 1313 2556 nemo
1362 2503 1660 2583 peteret,
1705 2484 1761 2556 si
1809 2511 1954 2557 non
1997 2504 2426 2558 recusaretur
2465 2512 2478 2556 :
2523 2481 2671 2554 illud

606 2600 827 2699 magis
854 2626 1112 2690 vereor,
1149 2626 1239 2671 ne
1260 2598 1572 2698 juvenis,
1608 2600 1726 2697 qui
1759 2598 1944 2700 ejuS‚
1984 2626 2198 2698 quam
2231 2621 2518 2671 matrem
2552 2621 2670 2668 esse

605 2715 911 2806 dicebat,
946 2716 1223 2815 nuptias
1258 2735 1483 2815 optat,
1516 2713 1831 2785 videatur
1855 2713 2027 2786 velle
2061 2714 2148 2786 ad
2181 2740 2428 2785 verum
2462 2737 2672 2812 perve-

604 2831 755 2902 nire
777 2857 791 2902 :
820 2857 897 2902 ac
918 2858 1035 2903 vos
1056 2829 1422 2905 latentium
1444 2828 1782 2900 natalium
1809 2827 2094 2900 credatis
2117 2829 2670 2927 experimentum,

606 2944 793 3040 quod
830 2944 1108 3032 mulier,
1146 2971 1298 3040 quae
1344 2963 1496 3041 post
1528 2943 1869 3014 amissum
1914 2941 2244 3012 maritum
2292 2968 2418 3040 per
2451 2962 2543 3013 tot
2569 2966 2672 3011 an-

604 3083 768 3146 noe,
803 3058 927 3156 qui
958 3061 1176 3128 facere
1208 3077 1527 3156 poterant
1553 3055 1644 3128 ab
1681 3055 1980 3128 infantia
2008 3059 2235 3127 virum
2275 3058 2522 3128 fortem
2543 3114 2560 3146 ‚
2593 3055 2672 3126 sic

603 3170 963 3272 complexa
1005 3193 1106 3244 est
1143 3173 1558 3244 viduitatem
1583 3230 1602 3259 ‚
1645 3193 2010 3269 tamquam
2049 3199 2270 3270 genus
2308 3171 2670 3272 pudicitiae3

604 3291 794 3362 hunc
808 3291 1109 3392 jungere
1134 3289 1263 3361 sibi
1283 3315 1531 3362 venere
1555 3316 1704 3362 sera
1725 3303 1776 3382 ²,
1805 3310 1869 3361 et
1890 3289 2198 3389 polluere
2223 3287 2671 3389 complexibus

680 3511 725 3546 1.
768 3493 949 3546 Prima
975 3495 1130 3566 frons
1164 3492 1373 3566 decipit.
1408 3490 1606 3545 Phaedr.
1691 3497 2082 3548 matrimonium
2099 3514 2208 3547 non
2223 3507 2450 3565 peteret.
2469 3496 2594 3563 Fsgo
2606 3509 2674 3542 ca·

600 3575 690 3638 IV,
707 3573 961 3644 prologo:
992 3595 1013 3618 α
1027 3573 1238 3644 Decipit
1254 3573 1422 3624 Frons
1441 3573 1610 3644 prima
1689 3573 1892 3626 villatio
1918 3574 2184 3644 quaeritur,
2210 3589 2261 3625 et
2285 3577 2340 3625 in
2365 3573 2508 3625 illam
2531 3569 2602 3624 vel
2623 3569 2672 3619 il·

607 3679 629 3703 a
649 3653 865 3708 multos.
892 3678 913 3701 ι
946 3685 1017 3694 -
1044 3653 1389 3706 Matrimonia
1420 3653 1606 3704 credat.
1689 3655 1797 3706 lam
1831 3669 2072 3727 partem,
2111 3673 2283 3708 causae
2320 3653 2672 3726 praejudicium.

605 3734 763 3788 Cedat
776 3771 793 3798 ,
814 3731 946 3784 Obr.
976 3733 1027 3784 U
1026 3745 1045 3783 t
1062 3729 1254 3784 mulier
1269 3733 1413 3784 istam
1433 3731 1613 3782 matri-
1691 3739 1869 3788 AEnon.
1890 3737 1948 3789 Si
1967 3736 2121 3789 modo
2141 3749 2479 3803 recusaretur,
2497 3732 2671 3789 Schult.

601 3816 769 3868 monii
786 3814 984 3879 credat,
1009 3811 1207 3866 Schult.
1228 3842 1301 3851 —
1323 3813 1380 3864 Si
1404 3831 1510 3864 non
1535 3831 1610 3863 re·
1765 3831 1812 3865 2.
1861 3815 2060 3868 Venere
2097 3833 2226 3867 sera.
2269 3818 2342 3868 Ut
2383 3817 2589 3867 Tacitus
2619 3809 2673 3861 de

601 3908 879 3950 cusat-etur.
900 3897 1035 3948 Nam
1056 3898 1099 3948 si
1121 3896 1211 3966 qui
1228 3895 1438 3946 fortiter
1456 3895 1607 3959 fecit,
1689 3895 1964 3948 Germanis
1981 3933 1998 3958 ‚
2035 3913 2102 3946 an
2135 3913 2262 3946 vero
2294 3894 2466 3967 effe-m
2481 3934 2498 3960 ,
2527 3891 2671 3964 qualis

604 3993 856 4050 speraret,
870 3981 1143 4052 optionem
1158 3976 1368 4028 mulieri
1377 3976 1608 4048 placere,
1691 3987 1768 4026 est
1787 3976 1842 4026 in
1855 3976 2092 4027 incerto?
2106 3993 2173 4026 an
2182 3974 2391 4046 ferali?
2408 3977 2674 4047 anjmiqere

604 4077 775 4130 neque
800 4062 941 4126 fore,
976 4074 1033 4112 ut
1056 4079 1122 4113 ne
1144 4079 1240 4132 per
1260 4071 1470 4111 aetatem
1494 4059 1612 4130 qui-
1688 4053 1783 4106 sibi
1807 4055 1975 4106 vinam
1990 4090 2009 4117 ,
2037 4065 2090 4104 et
2113 4071 2276 4106 seram
2300 4052 2564 4125 polluere,
2589 4062 2671 4101 ete.

606 4132 725 4188 dem
766 4157 799 4190 a
839 4139 1039 4211 nuptiis
1080 4137 1387 4192 abhorreret
1405 4175 1424 4206 ,
1467 4151 1612 4190 certe
1690 4139 1928 4188 oetatem?
1949 4136 2167 4188 Senum.
