2855 4871
606 472 1449 541 DECLAMATIONES.
1500 474 1836 541 CCXCV.
2147 474 2263 539 185

159 596 375 669 etiam
408 596 690 669 invitus.
723 597 1007 669 Tradita
1042 618 1144 669 est
1172 597 1435 670 curatio
1464 597 1641 669 mihi
1672 626 1686 670 ε
1726 625 1938 697 quam
1976 595 2271 696 diligen-

157 732 263 784 ter
313 712 444 784 hoc
490 714 799 811 egerim,
847 713 1225 790 aestimate:
1272 713 1546 786 videtur
1596 713 1712 785 hic
1756 740 1899 785 esse
1945 734 2266 785 sanatus:

160 856 292 901 nec
317 830 498 901 illud
521 851 1019 929 argumentum
1047 830 1355 903 sanitatis
1381 850 1513 921 est,
1536 830 1727 931 quod
1750 829 1935 930 rupit
1952 828 2265 901 vincula:

159 970 340 1043 saepe
367 944 672 1017 faciebat
705 945 837 1017 hoc
867 946 1098 1044 ipsum
1130 972 1145 1017 :
1185 936 1374 1042 quod
1411 946 1483 1016 in
1521 945 1747 1017 hostes
1780 945 2129 1045 impetum
2162 944 2272 1016 fe-

164 1059 290 1149 cit,
338 1059 534 1157 quod
582 1059 951 1159 praemium
997 1060 1207 1158 petit,
1252 1087 1383 1159 ago
1427 1061 1679 1159 gratias
1711 1062 2050 1132 fortunae:
2091 1059 2273 1132 visus

166 1196 264 1247 est
293 1200 535 1246 sanus.
567 1174 762 1265 Quid
799 1174 1090 1276 objicis?
1115 1175 1306 1273 egisti
1328 1233 1346 1265 ,
1382 1176 1651 1274 inquit,
1680 1202 1963 1247 mecum
1993 1175 2275 1247 demen-

167 1288 296 1361 tiae.
332 1290 409 1361 Si
444 1314 593 1361 non
625 1290 1040 1381 tenuissem,
1087 1310 1323 1362 tamen
1359 1290 1648 1363 licuerat
1678 1319 1691 1361 :
1728 1291 1969 1363 datum
2005 1308 2103 1362 est
2140 1288 2275 1361 hoc

160 1401 272 1504 jus
296 1422 542 1476 contra
561 1425 827 1503 patrem
849 1432 864 1476 :
893 1404 1132 1503 legum
1160 1404 1332 1479 lator
1351 1404 1697 1507 prospexit
1714 1404 2046 1479 senectuti
2070 1432 2085 1475 ε
2116 1404 2275 1477 ideo

169 1520 604 1593 medicinam
653 1520 855 1595 filiis¹
903 1520 1317 1621 imperavit:
1365 1549 1591 1620 quum
1637 1549 1797 1593 vero
1844 1519 2273 1611 sanaverim‚

171 1658 488 1734 poteram
517 1634 734 1709 videri
766 1636 1065 1737 impius,
1102 1637 1236 1710 nisi
1261 1636 1690 1710 detulissem.
1726 1640 1887 1710 Non
1918 1655 2019 1707 est
2046 1633 2280 1707 indul-

173 1750 444 1848 gentia²
493 1750 892 1851 permittere
934 1751 1067 1823 sibi
1115 1754 1448 1824 furorem.
1498 1753 1631 1825 Sed
1676 1751 1949 1852 alligavi
1986 1779 2001 1822 :
2047 1750 2179 1822 hoc
2222 1749 2277 1821 si

173 1862 504 1965 iniquum
541 1887 754 1956 esset,
785 1891 928 1938 non
959 1866 1214 1939 liceret.
1248 1866 1525 1939 Deinde
1556 1867 1880 1969 objicies,
1915 1867 2105 1966 quod
2133 1892 2277 1937 non

177 1982 550 2053 custodivi:
598 2001 810 2054 testor
851 1981 1055 2072 deor„
1101 2008 1245 2055 non
1289 1982 1533 2055 recessi
1576 2009 1616 2054 a
1658 1981 2009 2069 custodia,
2058 1980 2281 2053 donec

179 2122 288 2168 me
333 2097 610 2168 bellum
660 2098 984 2171 avocavit.
1029 2102 1120 2169 At
1165 2098 1551 2171 contradixi
1596 2098 1884 2197 praemio
1933 2118 2095 2169 tuo:
2144 2095 2279 2167 hoc

181 2212 398 2283 simile
439 2234 542 2284 est
573 2211 675 2303 ei,
722 2212 913 2311 quod
948 2214 1303 2286 defendis:
1343 2235 1412 2287 et
1443 2240 1588 2286 non
1624 2214 1857 2286 dicam
1888 2212 1937 2284 3:
1982 2210 2281 2284 recentia

183 2347 296 2397 tua
326 2329 648 2399 fecerunt
675 2328 960 2418 merita,
985 2350 1069 2413 ,ut
1090 2329 1476 2402 obtineres:
1511 2356 1599 2402 an
1632 2328 1999 2401 debuerim
2018 2384 2037 2419 ,
2067 2354 2282 2427 appa-

184 2445 374 2516 rebit.
409 2447 572 2517 Non
607 2445 926 2520 desinam
961 2469 1232 2548 optare,
1260 2469 1337 2520 ut
1357 2447 1539 2521 hanc
1564 2475 1787 2521 causae
1817 2475 1985 2520 meae
2015 2467 2282 2545 partem

183 2560 438 2632 malam
469 2562 722 2636 faciam
737 2565 790 2635 4.
827 2567 1048 2638 Duret
1071 2565 1196 2638 ista
1221 2566 1443 2637 animi
1473 2566 1575 2638 tui
1606 2565 1843 2666 quies:
1880 2563 2085 2652 scias,
2120 2562 2285 2661 qui-

183 2673 320 2746 bus
353 2675 688 2770 irascaris,
723 2679 896 2752 scias
916 2737 936 2769 ,
973 2707 1146 2779 quos
1178 2707 1392 2752 ames.

269 2881 310 2915 1.
339 2863 652 2918 Medicinam
666 2865 842 2939 filius.
869 2867 1190 2920 Medicinam
1270 2897 1340 2906 —-
1359 2866 1483 2918 Non
1508 2866 1761 2918 desinam.
1788 2867 1900 2931 An,
1924 2883 2030 2916 non
2051 2865 2283 2916 desinam

171 2943 324 3018 filius
345 2947 630 3017 imperavi,
659 2947 834 3001 AErod.
861 2949 1012 3002 Filiis
1033 2950 1193 3021 impe-
1270 2945 1391 2997 deos
1417 2962 1631 3016 rogare,
1662 2961 1713 2996 u.
1746 2941 1796 2994 h.
1828 2963 1871 2995 c.
1904 2962 1975 2994 m.
2002 2962 2058 3016 p.
2087 2940 2283 2994 malam

191 3027 342 3090 ravit,
364 3043 534 3096 marg.
557 3041 608 3078 et
629 3025 752 3078 edit.
775 3029 886 3100 Rip.
908 3030 996 3079 cui
1021 3045 1194 3080 assen-
1262 3026 1493 3099 faciant.
1514 3026 1591 3078 Te
1612 3043 1796 3078 sanum
1824 3023 2069 3076 faciendo
2092 3020 2169 3075 vel
2190 3042 2284 3096 per

187 3109 372 3172 timor-3
407 3121 468 3158 ut
493 3121 546 3158 et
577 3127 734 3179 supra
761 3109 962 3161 videtur
989 3109 1073 3162 hic
1095 3128 1194 3163 esse
1273 3127 1385 3173 me,
1406 3103 1491 3158 vel
1516 3125 1613 3179 per
1638 3105 1800 3172 alios,
1820 3124 1982 3178 quum
2004 3105 2154 3158 furor
2172 3125 2283 3156 rur·

186 3199 413 3253 sanatus,
457 3187 711 3242 adversus
741 3192 916 3243 Burm.
947 3203 1000 3244 et
1027 3189 1190 3244 nack.

188 3271 272 3342 qui
299 3269 505 3320 videtur
521 3267 618 3320 hoc
637 3288 680 3320 e.
703 3288 812 3321 san.
834 3272 926 3322 En.
955 3281 964 3292 ·

256 3366 304 3398 2.
326 3349 451 3398 Non
476 3357 548 3398 es!
571 3345 909 3420 indulqentia.
932 3349 1054 3400 Non
1079 3361 1192 3400 erat

191 3427 434 3499 indulqen
442 3429 512 3479 tia
523 3448 580 3500 p.
599 3429 639 3478 ti
642 3429 692 3479 bi
695 3427 953 3500 furorem.
969 3429 1187 3482 Senum.

189 3507 304 3560 Non
330 3508 454 3573 tibi,
481 3525 648 3578 marg.
675 3506 854 3560 AErod.

255 3589 304 3640 3.
341 3591 418 3641 Et
455 3607 560 3641 non
594 3589 781 3642 dicam.
817 3589 949 3643 Dele
985 3601 1066 3655 et,
1101 3604 1192 3642 aut

191 3665 324 3736 lege,
347 3668 443 3720 etsi
467 3685 574 3720 non
596 3667 648 3719 d.
675 3668 890 3720 Scnmtr.
913 3699 985 3708 -·
1002 3668 1088 3720 An
1113 3669 1194 3720 de-

193 3747 392 3801 buerim.
423 3753 609 3816 forte,
633 3769 704 3801 an
728 3748 1026 3817 debuerint,
1050 3749 1194 3803 scili-

1276 3206 1364 3240 sus
1389 3199 1533 3238 totus
1558 3189 1674 3239 erit.
1701 3187 1917 3240 Senum.

1341 3267 1392 3335 4.
1442 3269 1509 3320 Ut
1547 3268 1683 3321 hanc
1718 3285 1885 3320 causa·
1921 3284 2048 3319 mere
2078 3277 2283 3339 partem

1271 3346 1471 3399 malam
1481 3346 1708 3419 faciam.
1734 3349 1901 3398 Immo
1914 3345 2106 3418 facias.
2134 3347 2285 3396 Pium

1274 3440 1353 3480 est
1375 3441 1578 3478 votum.
1607 3429 1675 3478 Ut
1701 3428 1867 3498 magis
1892 3427 1943 3478 iu
1971 3426 2082 3478 dics
2109 3438 2285 3478 osten-

1272 3505 1398 3572 das,
1423 3520 1475 3558 te
1502 3504 1801 3557 dementem
1824 3523 1932 3556 non
1954 3523 2087 3558 esse.
2113 3505 2282 3557 (ἐμοῦ.

1271 3617 1340 3629 —-
1372 3587 1556 3638 Ducet.
1596 3585 1817 3655 Doceat,
1851 3587 1931 3639 vel
1966 3587 2189 3648 docebit,
2228 3599 2284 3637 tu

1271 3665 1412 3718 scias.
1445 3665 1665 3717 sonum.
1692 3665 1857 3718 Dur-et
1875 3667 2016 3718 inest
2034 3667 2144 3737 Bip.
2172 3681 2284 3716 rne-

1273 3747 1392 3798 liori
1421 3745 1608 3818 procul
1632 3746 1795 3800 dubio
1832 3765 1987 3800 sensu
2006 3769 2024 3808 ,-
2059 3747 2145 3797 cui
2178 3743 2286 3796 lec-

195 3841 274 3878 cet
297 3830 436 3881 rives
463 3827 545 3879 vel
575 3829 907 3899 magistratus
939 3829 1033 3880 tibi
1064 3849 1198 3900 prae-
1277 3827 1408 3877 tioni
1430 3825 1685 3878 favemus.
1720 3855 1776 3866 -·-
1811 3827 1947 3896 Quos
1968 3842 2124 3877 ames.
2152 3823 2285 3891 Quos

195 3907 364 3958 mium.
401 3907 490 3958 An
522 3907 783 3975 debueris,
813 3907 991 3960 AErod.
1023 3911 1192 3961 Bmm.

1279 3925 1384 3959 non
1409 3923 1563 3958 ames.
1591 3907 1814 3959 Senum.

1099 4137 1379 4162 *-
