2855 4871
658 431 1508 501 DECLAMATIONES.
1554 434 1820 501 GCCV.

2159 438 2286 504 223

178 558 585 633 infelicibus
608 580 751 631 erat
767 617 785 649 ,
814 562 1033 631 facere
1058 559 1248 658 quod
1266 560 1508 632 velles:
1539 588 1752 660 quam
1774 565 2288 636 contumaciam

172 674 433 747 vicisti!
472 674 850 774 Proponite
867 676 1065 774 ignes
1088 689 1135 765 ¹,
1158 695 1225 748 et
1244 675 1642 748 constituite
1663 698 1826 749 ante
1845 678 2087 750 oculos
2113 679 2293 751 illud

176 790 473 861 crudele
512 789 1035 887 spectaculum3
1078 787 1444 861 sedentem
1484 789 1678 861 hunc
1717 790 1960 883 altius,
1995 814 2292 867 armatos

178 906 367 979 circa
388 931 653 976 servos:
680 930 913 1003 neque
936 904 1127 977 enim
1153 904 1466 1003 profecto
1489 905 1641 976 sine
1665 907 1986 1004 praesidio
2010 933 2292 1007 magno,

178 1022 339 1093 siue
392 1042 583 1092 certa
634 1018 999 1091 securitate
1052 1021 1313 1093 ferrum
1362 1019 1720 1092 commisit
1768 1020 2096 1094 inimicis.
2146 1023 2294 1113 Qui

182 1135 391 1217 dolor
438 1135 903 1224 miserorum,
950 1134 1143 1233 quod
1194 1162 1628 1234 quemquam
1674 1136 2119 1211 vulnerarent
2168 1138 2295 1212 isto

182 1248 569 1352 presente?
598 1252 887 1323 Certum
921 1249 1182 1337 habeo,
1233 1271 1302 1322 et
1342 1250 1654 1321 hortatus
1687 1271 1826 1340 est,
1875 1272 1942 1321 et
1987 1252 2299 1326 laudavit

182 1366 441 1461 illum,
477 1368 597 1465 qui
632 1366 823 1467 prior
854 1365 1229 1465 percussit:
1266 1367 1511 1440 omnia
1545 1365 1712 1438 licet
1738 1366 2019 1457 feceris,
2051 1390 2302 1441 neuter

182 1504 431 1555 tamen
470 1481 780 1553 amicum
819 1508 1029 1553 suum
1067 1480 1461 1571 occidisset,
1503 1481 1638 1553 nisi
1679 1482 1912 1555 scisset
1938 1483 2260 1581 expedire
2277 1520 2310 1576 ,·
2362 1499 2375 1509 '

186 1620 271 1671 ut
300 1620 599 1695 uterque
634 1617 1039 1671 moreretur.
1068 1598 1141 1669 Si
1172 1598 1353 1671 bene
1378 1596 1790 1673 miserorum
1823 1600 2302 1675 innocentiam

188 1716 357 1789 novi
396 1742 411 1786 ε
459 1738 607 1785 non
648 1733 923 1787 tantum
959 1712 1125 1803 tibi,
1158 1733 1508 1809 quantum
1543 1734 1932 1812 optaveras,
1967 1714 2299 1813 contigit:

188 1851 701 1905 concurrerunt
726 1830 1067 1903 lateribus
1094 1830 1341 1902 nudis:
1372 1830 1612 1901 omnia
1643 1850 1718 1902 tu
1753 1830 1910 1901 licet
1937 1831 2304 1903 crudeliter

192 1948 689 2048 excogitaveris
707 2005 726 2038 ,
759 1950 1082 2020 fecerunt
1108 1968 1342 2019 tamen
1370 1946 1646 2018 bonum
1675 1945 2096 2045 exemplum.

190 2136 563 2207 satisfacerent.
600 2137 874 2206 Proprium
902 2134 1125 2187 verbum
1156 2135 1211 2185 in

188 2216 597 2289 gladiatoribus.
618 2216 755 2268 Vide
787 2214 1009 2269 ObserV.
1046 2217 1119 2277 11,
1160 2234 1210 2268 2.

190 2303 363 2355 Gan..
380 2329 451 2339 --
471 2297 657 2351 Gloria
674 2296 975 2369 infelicibus
990 2306 1105 2350 eut
1118 2296 1215 2369 Ja-

192 2404 332 2450 eaeoe,
359 2381 503 2456 quod
526 2380 703 2433 venes.
728 2382 853 2433 Non
877 2379 1115 2452 loquitur
1146 2378 1213 2431 de

194 2479 337 2520 statu
352 2463 673 2527 infelicium,
689 2463 743 2512 in
761 2480 868 2532 quo
883 2473 1013 2512 tunc
1027 2473 1180 2512 erant
1195 2483 1206 2511 :

194 2543 295 2598 sed
322 2546 379 2596 in
405 2559 513 2613 quo
544 2542 757 2592 Fuerant
784 2551 909 2592 ante
940 2539 1179 2592 exsilium
1195 2577 1213 2606 ,

194 2641 371 2696 quum
396 2621 603 2674 fortiter
626 2632 681 2672 ct
710 2620 1093 2672 contumaciter
1120 2617 1217 2672 atl-

200 2717 391 2752 versus
424 2697 634 2750 divitem
675 2697 969 2750 simultates
1008 2712 1217 2749 exerce-

198 2793 345 2835 rent.
370 2781 529 2852 Igitur
544 2777 917 2831 scribendum:
944 2779 1085 2850 quod
1105 2775 1217 2829 nol-

200 2863 297 2918 les.
320 2864 459 2916 Τιιι
478 2864 617 2914 enim
642 2858 893 2914 omnibus
918 2858 1099 2912 divitis
1124 2877 1217 2910 vo-

197 2941 497 2995 luntatibus
552 2937 999 3002 adversabantur,
1056 2951 1217 3008 atque

200 3043 325 3077 eum
364 3039 681 3094 oppugnare
714 3019 816 3072 sibi
848 3019 1023 3091 gloriae
1058 3017 1217 3070 duce-

198 3106 353 3158 bant.
400 3105 555 3156 Hanc
596 3103 987 3154 contumaciam
1032 3118 1222 3152 eorum

198 3187 327 3237 vicit
349 3183 517 3246 dives,
540 3181 906 3246 subactorum,
930 3193 990 3232 ut
1008 3179 1219 3232 tandem

201 3263 407 3338 aliquid
428 3261 657 3327 vellent,
684 3258 831 3331 quod
858 3260 973 3330 ipse
1002 3276 1219 3330 quoque

1290 2130 1457 2184 voluit
1473 2154 1488 2183 ι
1514 2147 1708 2204 nempe
1730 2145 1790 2184 ut
1813 2131 1946 2183 alter
1969 2130 2194 2183 alterurn
2219 2151 2308 2185 oc-

1293 2210 1546 2263 ciderent.
1573 2214 1759 2282 ltaque
1783 2230 1906 2263 cum
1929 2223 2056 2261 nota
2079 2209 2304 2263 admira-

1293 2294 1454 2346 tionis
1503 2293 1873 2365 accipiendun
1922 2291 2092 2343 inach
2142 2310 2302 2363 quam

1292 2377 1672 2429 contumaciam
1722 2374 1886 2429 vicisti
1905 2379 1923 2427 Ι
1969 2373 2134 2427 θιοικ.
2179 2375 2304 2429 Non

1279 2458 1462 2530 facere
1489 2456 1632 2531 quod
1657 2455 1843 2522 velles,
1868 2454 2000 2509 Obr.
2026 2485 2096 2494 —
2121 2455 2310 2508 Facere

1292 2539 1434 2612 quod
1479 2538 1637 2594 velles
1657 2561 1675 2589 .-
1721 2558 1878 2611 qtmm
1924 2539 2306 2590 contumaciam

1295 2619 1614 2672 vicisti-Nam
1625 2616 1860 2682 volebat,
1873 2635 1968 2678 eoq
1979 2618 2140 2669 mori:
2157 2613 2308 2686 quod
2357 2679 2366 2690 ·

1296 2720 1462 2772 quum
1509 2697 1898 2752 contumaciter
1943 2715 2053 2748 non
2100 2715 2308 2752 recusa-

1294 2794 1413 2832 rent
1435 2817 1452 2846 ,
1481 2780 1609 2830 vicit
1651 2795 1834 2829 eorum
1876 2776 2264 2827 contumaciam
2291 2797 2304 2826 ι

1294 2859 1425 2912 dum
1443 2857 1552 2912 huc
1573 2875 1666 2911 eos
1687 2855 1894 2926 adegit,
1912 2867 1982 2908 ut
1990 2868 2164 2908 ensem
2184 2856 2309 2927 ipsi.

1296 2949 1405 2988 met
1427 2936 1798 2986 interfectores
1823 2933 1922 3006 gui.
1949 2933 2132 2986 AEnon.

1376 3031 1419 3064 1.
1447 3011 1736 3082 Proponite
1757 3010 1914 3084 iqnes.
1941 3013 2105 3084 Lege,
2125 3031 2312 3086 propo·

1298 3097 1407 3147 nito
1439 3095 1624 3168 igitur:
1661 3111 1772 3148 non
1805 3095 1948 3146 enim
1983 3093 2104 3159 hic,
2136 3109 2196 3148 ut
2227 3113 2310 3148 en·

1296 3195 1434 3248 pra,
1481 3176 1658 3248 agitur
1700 3174 1768 3226 de
1811 3193 2037 3228 carcere.
2087 3175 2307 3234 Senum.

1298 3255 1484 3324 Forte,
1505 3247 1810 3328 proponite,
1820 3257 2050 3329 judices,
2071 3270 2173 3309 etc.
