2855 4871
612 451 1457 519 DECLAMATIONES.
1503 454 1878 519 CCXCIX.
2164 478 2281 521 201

196 578 533 681 lexjussit
560 577 860 665 obduci,
908 602 995 647 ne
1028 574 1219 647 hunc
1254 574 1657 675 jucundum
1702 576 1849 648 caeli
1883 577 2288 677 adspectum

200 695 594 793 polluerent
622 689 777 763 tetri
802 690 988 762 oculi
1014 719 1032 777 ;
1060 688 1173 760 cui
1201 688 1434 760 lucem
1457 689 1646 777 vivo,
1675 690 2039 764 fluctuanti
2065 699 2291 782 mare',

202 810 534 908 naufrago
556 827 837 906 portum
854 862 873 894 ,
896 804 1219 875 morienti
1240 823 1491 875 terram
1508 860 1526 893 ‚
1549 804 1883 877 defuncto
1899 806 2291 905 sepulcrum

198 923 441 1024 negat?
466 950 685 1021 quem
710 921 783 994 in
808 947 1011 1021 poena
1030 934 1047 963 ¹
1079 945 1204 990 sua
1221 917 1429 1020 jubet
1452 920 1670 992 vivere
1689 977 1708 1009 ‚
1736 920 1903 993 huic
1933 923 2292 993 tumulum

200 1064 261 1113 et
284 1039 649 1138 exsequias
674 1035 967 1135 persolvi
1000 1034 1101 1134 fas
1124 1032 1303 1105 fuit?
1331 1034 1618 1107 Adeone
1644 1037 1879 1108 omnia
1906 1037 2294 1136 perierunt,

200 1177 271 1229 ut
320 1182 407 1227 ex
455 1154 732 1226 duobus
784 1152 1069 1223 meliore
1121 1149 1273 1221 loco
1323 1150 1692 1223 habendus
1741 1152 1826 1224 sit
1869 1154 2299 1227 manifestior

200 1269 591 1371 parricida?
621 1272 734 1340 Tu
764 1295 956 1358 vero,
990 1265 1228 1367 puella
1262 1287 1405 1337 tam
1441 1266 1710 1339 honesti
1742 1268 2061 1359 affectuS‚
2093 1268 2302 1368 quid-

202 1386 373 1483 quid
398 1386 608 1457 tacita
636 1384 929 1483 pietate²
962 1381 1307 1479 suggeriS,
1331 1381 1441 1453 vel
1475 1381 1584 1453 his
1613 1383 2054 1455 audientibus
2083 1385 2295 1455 refer:

201 1501 379 1573 mihi
413 1499 649 1589 crede,
686 1497 894 1569 modo
929 1497 1353 1596 approbasti,
1392 1495 1572 1568 nihil
1608 1518 1670 1569 te
1702 1496 1786 1568 de
1810 1498 2132 1569 fratribus
2161 1499 2299 1570 tuis

200 1617 419 1690 solere
452 1614 759 1688 mentiri.
796 1614 1000 1703 Dice,
1034 1612 1304 1711 inquit,
1340 1634 1711 1713 noctesque
1747 1614 2144 1687 miseranda
2177 1643 2300 1715 pa·
2389 1670 2404 1692 s

202 1734 319 1806 tris
354 1732 615 1805 umbra
634 1731 1123 1819 circumvolat,
1152 1729 1374 1828 qualis
1404 1752 1592 1821 erat,
1622 1758 1848 1831 quum
1884 1734 2298 1805 mandatum
2411 1815 2418 1826 ¹

202 1844 431 1940 daret',
480 1848 695 1921 modo
744 1847 983 1918 minax
1022 1865 1231 1944 atque
1274 1846 1524 1935 effera,
1571 1866 1852 1944 repente
1890 1848 2299 1936 summissa,

202 1964 305 2037 his
338 1992 457 2037 me
486 1964 799 2051 vocibus,
838 1981 915 2034 ut
948 1961 1211 2051 sciatiS,
1244 1961 1582 2060 appellat:
1609 1964 1722 2032 Tu
1753 1962 2042 2059 quidem
2063 2019 2082 2053 ,
2118 1962 2298 2053 filia,

204 2078 621 2181 parricidam
668 2075 1067 2177 postulasti;
1116 2074 1365 2147 eodem
1414 2075 1746 2163 crimine,
1794 2074 2042 2147 iisdem
2069 2068 2302 2175 ‘argu-

201 2197 489 2287 mentis‚
528 2193 1030 2267 communibus
1063 2192 1341 2291 utrique
1378 2190 1650 2291 legibus
1676 2190 2102 2291 judiciisque
2124 2249 2143 2282 ,
2179 2191 2300 2291 qui

202 2331 589 2410 supererat,
634 2309 1005 2380 damnatus
1057 2328 1202 2379 est:
1252 2333 1444 2378 nunc
1492 2334 1677 2381 unus
1723 2327 2031 2407 superest
2072 2306 2298 2399 dolor,

201 2428 387 2528 quod
417 2426 768 2529 parricida
802 2424 1113 2526 sepultus
1137 2448 1274 2498 est:
1313 2424 1504 2526 quod
1529 2424 1824 2498 aeterna³
1847 2424 2074 2526 quiete
2109 2453 2302 2498 com·
2339 2479 2348 2488 2
2435 2413 2443 2421 ¹

202 2546 463 2644 positus
492 2543 864 2644 sepulchro
896 2569 1053 2615 meo
1084 2542 1456 2641 parricida,
1487 2564 1755 2642 patrem
1790 2543 2068 2641 premit.
2098 2541 2299 2613 Aude

205 2687 397 2732 nunc
438 2660 711 2758 aliquid
748 2659 985 2759 puella
1016 2659 1298 2751 fortiuS,
1335 2680 1402 2730 et
1441 2660 1527 2730 ab
1563 2659 1696 2732 hoc
1730 2659 1970 2755 utique
2005 2684 2120 2728 me
2146 2657 2303 2731 vin·
2411 2697 2418 2704 -

206 2776 395 2867 dica,
428 2803 633 2874 quem
664 2801 794 2875 ego
818 2773 1127 2848 occidi-4:
1160 2776 1486 2873 expulsus
1517 2774 1799 2848 sedibus
1823 2772 1998 2844 meis
2023 2793 2302 2844 contac-

202 2911 359 2963 tum
382 2891 567 2964 illius
596 2891 817 2991 fugio.
837 2890 1035 2982 Quid
1058 2891 1224 2988 agis,
1250 2890 1490 2962 infelix
1515 2889 1796 2989 puella?
1815 2887 2065 2987 ecquid
2086 2914 2302 2987 agno-

200 3008 323 3080 scis
338 3007 643 3080 alterum
666 3007 882 3106 patris
900 3003 1361 3078 mandatum?
1380 3005 1611 3104 itaque
1630 3025 1704 3076 ut
1719 3004 2028 3105 primum
2047 3004 2297 3076 accessi

202 3122 284 3194 ad
307 3120 673 3196 tumulum
690 3179 708 3210 .,
729 3142 973 3221 sponte
996 3121 1291 3204 resoluta
1310 3120 1632 3221 lapidum
1653 3147 1988 3221 compage
2004 3178 2021 3211 ‚
2043 3120 2300 3219 impios

202 3237 465 3310 cineres
488 3237 563 3309 in
594 3237 869 3310 editum
898 3259 1073 3310 terra
1105 3238 1478 3336 suggessit:
1507 3263 1794 3309 onerosa
1818 3236 2026 3308 etiam
2057 3235 2298 3307 inferis
2407 3333 2412 3338 ὑ

274 3391 319 3427 ι.
349 3375 519 3446 Quem
543 3375 599 3426 in
622 3393 795 3446 poena.
822 3378 931 3440 An,
956 3375 1093 3427 inter
1108 3392 1213 3447 poe-
1364 3376 1413 3427 3.
1449 3375 1601 3444 Quod
1627 3386 1833 3428 oetema.
1869 3373 2124 3426 Francius
2151 3370 2300 3424 vole—

200 3474 317 3522 πω,
340 3468 405 3508 ut
428 3467 555 3506 sunt
574 3454 776 3526 gallus,
799 3457 945 3508 simia
959 3495 975 3522 ,
998 3457 1177 3526 vipera
1194 3494 1210 3519 ,
1293 3454 1402 3521 bat,
1418 3453 1560 3527 quod
1573 3465 1761 3506 oeterna
1778 3453 1945 3525 quiete
1958 3450 2299 3526 compositum

200 3549 297 3588 etc,
318 3537 548 3589 Senum.
569 3537 635 3587 In
654 3555 863 3608 poenam
883 3553 1027 3589 suam
1048 3537 1213 3587 Fran·
1292 3536 1349 3584 in
1370 3531 1642 3604 sepulchro
1665 3549 1780 3584 meo
1802 3530 2066 3604 parricida
2093 3540 2298 3603 patrem

200 3617 309 3668 cius
347 3615 588 3668 volebat.
630 3617 891 3688 Superstes
923 3633 1113 3686 parens
1146 3616 1218 3668 ad
1290 3612 1500 3683 premit.

200 3711 403 3762 ρωπος,
427 3695 601 3746 instit.
622 3692 716 3744 lib.
734 3695 802 3744 vl
828 3711 1049 3764 prooem.
1074 3693 1215 3746 Besi—
1364 3695 1415 3761 4.
1443 3694 1604 3764 Quem
1629 3711 1724 3768 eqo
1746 3691 1927 3744 occidi.
1951 3689 2076 3743 Ideo
2097 3690 2221 3743 dicit
2243 3708 2299 3741 se

202 3773 329 3829 daus
354 3793 560 3850 poenoe,
592 3774 742 3826 Deci.
782 3775 883 3839 IX,
924 3774 1213 3825 affl—Ex·
1292 3773 1458 3825 filium
1489 3771 1775 3836 occidisse,
1806 3770 1947 3843 quod
1978 3769 2301 3822 conscientia

200 3857 399 3928 sequias
423 3857 657 3928 penolm‘
676 3856 785 3927 fas.
812 3855 1071 3928 Exequias
1094 3873 1215 3928 per-
1290 3855 1504 3909 sceleris
1528 3854 1664 3907 filius
1686 3855 1802 3925 ipse
1825 3853 1924 3906 sibi
1949 3871 2136 3904 manus
2161 3863 2299 3902 attu-

200 3934 403 3988 solves?
436 3935 510 3985 At
544 3933 773 4006 sepultus
796 3932 929 4005 fuit.
964 3932 1210 4000 Adeone,
1286 3935 1424 3989 'len-it.
1461 3937 1640 3986 AEnon.
1677 3935 1784 3985 Per
1809 3951 1964 4006 quem
1993 3949 2086 4006 eqo
2114 3929 2296 3982 occidi.

204 4015 386 4068 AErod.
1292 4013 1514 4066 Senum&-
1555 4041 1628 4052 —-
1663 4012 1804 4080 Quid
1837 4010 1965 4082 aqis-
2014 4008 2150 4077 Quid
2185 4010 2296 4075 ais,

274 4113 321 4147 2.
342 4095 529 4148 Tacita
547 4097 755 4167 pietate.
780 4095 981 4160 Pietas,
1006 4093 1210 4148 Schult.
1293 4093 1475 4146 AErod.
1499 4121 1572 4134 --
1595 4091 1812 4144 Accessi.
1842 4090 2092 4158 Accessit,
2117 4089 2295 4143 AErod.

204 4187 253 4226 et
276 4175 411 4230 obr.
440 4177 617 4230 Pietas
636 4179 882 4252 suqqerit,
902 4179 1173 4230 Francius.
1294 4187 1349 4228 et
1368 4176 1634 4228 Francius.
