2855 4871
662 372 1500 490 DECLAMATIONES.
1548 424 1786 489 cccl.
2139 406 2310 515 209'

174 572 331 645 quae
382 572 619 619 emere
670 572 797 617 nos
848 572 1183 645 pauperes
1238 573 1606 645 possumus
1643 574 1656 617 :
1713 548 1983 619 coenasti
2034 570 2273 622 tamen

172 662 447 753 hilaris,
483 684 585 753 et,
620 685 698 735 ut
718 662 821 733 vis
843 661 1097 751 videri,
1132 662 1341 733 etiam
1370 661 1718 734 liberalius
1751 662 2008 735 bibisti.
2035 666 2272 755 Quane

172 801 413 851 tamen
456 777 781 849 invitavi?
820 778 1161 877 quoniam
1206 778 1665 876 promerenda
1695 779 1900 849 nobis
1933 799 2032 850 est
2057 801 2277 851 vestra

172 896 523 994 potentia:
548 894 605 965 si
620 896 743 993 qui
768 921 882 967 me
900 893 1256 967 detulisset
1276 920 1474 967 reum
1489 952 1510 985 ,
1532 893 1963 967 defenderes:
1984 894 2040 966 si
2059 922 2276 993 quam

171 1010 515 1111 injuriam
543 1010 899 1100 timerem,
936 1036 1249 1109 rogarem
1280 1032 1345 1083 te
1376 1038 1500 1110 per
1516 1010 1635 1110 jus
1669 1038 1923 1083 mensae
1956 1038 2274 1085 commu·
2325 1000 2332 1007 ⁵

170 1126 323 1197 nis:
364 1153 513 1197 non
544 1147 646 1198 est
681 1126 889 1224 igitur
920 1126 995 1197 in
1027 1126 1159 1198 hoc
1186 1126 1770 1225 circumscriptio,
1807 1126 1996 1226 quod
2029 1126 2119 1197 ad
2150 1153 2277 1198 eoe-

170 1266 337 1313 nam
380 1241 661 1313 invitavi
695 1268 709 1309 :
748 1261 986 1312 caetera
1022 1239 1265 1337 utique
1300 1240 1387 1311 ad
1421 1241 1692 1313 crimen
1725 1240 2095 1339 legemque
2127 1268 2276 1313 non

170 1357 545 1457 pertinent.
570 1356 897 1452 Sequitur
917 1382 1077 1453 ergo
1092 1412 1113 1443 ,
1140 1376 1219 1425 ut
1235 1355 1322 1427 sit
1341 1358 1738 1454 proximum
1759 1356 2025 1429 crimen
2043 1414 2063 1447 ,
2086 1357 2278 1454 quod

172 1473 243 1543 in
274 1472 669 1544 ministerio
695 1472 904 1544 fuerit
932 1471 1079 1543 filia
1106 1498 1263 1543 mea
1292 1500 1306 1542 :
1350 1472 1606 1543 iterum
1633 1472 2070 1545 accusabitur
2097 1500 2277 1571 pau-

174 1607 425 1685 pertas.
460 1586 658 1677 Quid
688 1613 852 1684 ergo
887 1612 1014 1659 nos
1046 1588 1273 1659 facere
1299 1586 1553 1687 jubes?
1590 1613 1819 1660 emere
1856 1614 2001 1659 non
2031 1614 2275 1687 possu-

174 1728 335 1775 mus
360 1730 377 1773 :
408 1702 623 1775 etiam
642 1757 661 1790 ,
687 1702 743 1773 si
770 1702 944 1799 quid
970 1728 1048 1773 ex
1069 1702 1493 1802 quotidianis
1512 1724 1870 1800 supererat
1886 1701 2273 1797 laboribus,

172 1816 493 1889 educatio
512 1817 857 1889 exhausit:
882 1838 1289 1889 mutuemur
1312 1844 1498 1916 ergo,
1527 1837 1592 1888 et
1609 1816 1852 1889 alienis
1873 1818 2273 1891 ministeriis

172 1930 473 2005 lautitias
494 1952 747 2005 vestras
773 1932 1156 2023 imitemur,
1184 1953 1526 2032 quantum
1562 1953 1785 2032 potest
1811 1933 1963 2029 quis
1985 1948 2043 2004 ¹:
2081 1935 2272 2034 apud

172 2075 287 2121 vos
318 2048 425 2121 illi
454 2076 693 2149 greges
722 2049 1205 2123 ministrorum
1225 2107 1243 2140 ,
1270 2050 1462 2149 apud
1489 2076 1608 2122 vos
1641 2076 1895 2121 aurum
1924 2070 1992 2121 et
2021 2077 2272 2149 argen-

174 2186 321 2235 tum
351 2193 367 2234 :
404 2164 882 2236 ministerium
910 2190 1071 2261 ergo
1096 2164 1229 2236 fuit
1250 2192 1329 2236 ex
1354 2192 1535 2237 meo.
1564 2166 1722 2236 Non
1748 2163 1934 2235 istud
1959 2163 2269 2238 deforme

174 2280 635 2381 pauperibus:
672 2306 843 2354 nam
873 2303 942 2354 et
975 2281 1031 2351 si
1066 2280 1139 2353 in
1176 2281 1365 2353 aliud
1402 2281 1540 2353 diei
1569 2303 1843 2380 tempus
1876 2280 2270 2373 incidisses,

173 2415 320 2468 tum
340 2422 627 2496 quoque
646 2394 773 2468 tibi
797 2395 1142 2469 videretur
1157 2396 1411 2470 ancilla
1434 2424 1448 2468 :
1477 2396 1757 2470 vidisses
1779 2424 1994 2498 pensa
2015 2397 2272 2470 facien-

174 2535 347 2586 tem:
374 2513 521 2586 filia
541 2501 751 2611 igitur
769 2513 1208 2604 ministravit,
1234 2514 1413 2586 sicut
1433 2514 1610 2586 mihi
1631 2515 1834 2587 solet:
1859 2515 1990 2588 nisi
2015 2516 2268 2587 veritus
2329 2515 2334 2520 ’

175 2653 395 2700 essem
413 2685 433 2718 ,
460 2655 548 2699 ne
572 2627 699 2700 tibi
730 2628 1067 2700 invidiam
1096 2629 1243 2702 fieri
1272 2649 1552 2728 putares
1571 2687 1589 2719 ,
1616 2629 1750 2700 nisi
1779 2656 1892 2702 me
1916 2630 2270 2726 frequenti

175 2741 609 2814 humanitate
668 2742 739 2814 in
797 2744 1062 2816 honore
1122 2745 1463 2843 posuisses
1486 2801 1507 2832 ,
1559 2771 1686 2844 ego
1744 2743 2264 2816 ministrassem.

172 2857 363 2929 Hinc
392 2885 671 2956 quoque
701 2885 999 2948 remove,
1030 2858 1219 2956 quod
1249 2878 1325 2930 tu
1348 2857 1644 2930 fecisti²z
1669 2885 1812 2929 non
1841 2879 1938 2930 est
1963 2859 2268 2932 circum-

174 2971 475 3070 scriptio,
493 2963 683 3070 quod
705 2973 1157 3072 interrogatus
1170 2971 1561 3046 verecunde
1584 2974 1935 3072 respondi:
1959 2995 2025 3047 et
2045 3003 2270 3074 quum

174 3087 341 3158 mihi
388 3109 626 3161 tecum
674 3089 982 3186 coepisset
1036 3115 1255 3162 novus
1298 3115 1466 3159 usus
1492 3146 1511 3177 ,
1565 3088 1816 3161 erubui
1857 3088 2076 3161 videri
2121 3091 2268 3164 sine

175 3201 443 3274 ancilla.
486 3203 637 3273 Hoc
673 3203 842 3274 mali
882 3202 1096 3274 habet
1128 3203 1470 3275 ambitus:
1513 3230 1821 3302 peccasse
1860 3232 1972 3275 me
2013 3207 2264 3278 fateor:

176 3317 559 3392 dicendum
590 3319 725 3391 fuit
751 3347 993 3394 verum
1026 3349 1039 3391 :
1069 3320 1191 3393 sed
1221 3321 1351 3393 hac
1380 3348 1584 3419 poena
1609 3343 1798 3421 potes
1823 3349 1964 3394 esse
1989 3344 2270 3395 conten-

176 3455 277 3508 tus
312 3465 326 3478 ·
374 3463 523 3508 non
562 3438 857 3536 impune
897 3437 1053 3510 feci.
1098 3441 1188 3508 Et
1228 3465 1379 3534 quae
1424 3466 1464 3510 a
1507 3466 1622 3510 me
1667 3440 1839 3510 facta
1881 3461 2076 3528 sunt,
2122 3439 2269 3511 haec

176 3573 367 3642 sunt;
403 3551 517 3624 hic
544 3579 660 3624 me
686 3551 1333 3652 circumscriptionis
1357 3581 1606 3626 accusa
1624 3610 1643 3642 ,
1668 3551 1845 3625 nihil
1872 3551 2062 3652 ipse³
2093 3555 2268 3627 fece-

178 3667 280 3740 ris.
309 3672 507 3742 Num
542 3669 773 3761 enim,
806 3670 860 3742 si
900 3692 972 3743 tu
1004 3671 1181 3742 nihil
1205 3672 1684 3771 concupisses,
1713 3699 1856 3743 non
1893 3673 2267 3772 rapuisseS,

246 3847 291 3881 Ι.
317 3831 593 3900 Quantum
610 3843 779 3905 potest
800 3834 927 3903 quis.
952 3833 1063 3896 An,
1083 3851 1183 3904 po-
1260 3850 1369 3886 non
1392 3831 1647 3903 deceptus
1667 3831 1872 3884 fuisses.
1889 3830 2270 3883 Sans—Novus

175 3919 263 3960 test
274 3909 510 3981 quidem,
521 3924 583 3962 ut
598 3928 737 3982 saepe
750 3910 895 3981 apud
911 3909 1183 3962 Plautum?
1262 3915 1468 3966 usus.Ut
1481 3931 1596 3982 sup.
1609 3909 1789 3963 AErod.
1805 3929 1964 3962 novus
1977 3909 2160 3960 culm.
2173 3908 2266 3960 En.

176 4007 241 4042 im
261 3993 481 4064 quisque
494 3994 518 4040 Ρ
536 3993 757 4046 Senum.
1263 4021 1335 4032 --
1354 3992 1577 4042 Erubui.
1607 3989 1756 4061 Quod
1779 3988 1982 4054 erubui,
2007 3986 2181 4042 AErod.

232 4071 437 4140 2.Quod
448 4071 700 4143 tufecisti.
712 4075 945 4124 Remove
954 4085 1187 4144 raptum,
1338 4074 1387 4126 3.
1413 4073 1572 4126 Nihil
1599 4075 1720 4144 ipse.
1749 4072 1808 4123 Si
1836 4069 1973 4121 nihil
2003 4071 2108 4142 ipse
2127 4068 2270 4138 fece·

174 4169 333 4224 quem
347 4166 408 4207 tu
424 4155 627 4219 fecist13
641 4157 689 4208 si
701 4167 763 4208 tu
776 4172 887 4208 non
901 4156 1189 4228 rapuisses,
1266 4154 1335 4205 ris
1350 4187 1367 4214 ,
1394 4151 1572 4204 AErod.
1857 4195 1864 4203 .

382 4240 435 4296 6.
1924 4237 1982 4302 14
