2855 4871
621 410 1463 479 DECLAMATIONES.
1511 415 1821 481 CCLVI.
2191 417 2271 483 53

185 537 528 610 malornm
567 564 893 611 meorum
921 537 1360 611 meminisse:
1407 566 1839 640 quamquam
1879 540 2063 614 inter
2108 568 2281 640 prae-

185 655 414 755 cipnn,
455 677 743 756 propter
778 682 932 756 quae
965 655 1288 729 abdicem
1313 714 1332 748 ,
1373 657 1509 729 hoc
1546 678 1681 747 est,
1712 654 1905 756 quod
1939 657 2117 729 mihi
2151 658 2281 729 ista

187 771 529 843 narranda
564 793 776 861 sunt;
817 771 1046 844 dicam
1075 792 1355 844 tamen:
1397 773 1671 871 imputo
1712 772 1854 844 filio
1892 799 2050 845 meo
2084 770 2280 843 orbi-

191 906 410 959 tatem.
453 886 972 986 Respondebit:
1011 912 1157 959 non
1187 913 1314 986 ego
1353 887 1595 960 occidi.
1643 878 1836 978 Scio,
1879 914 2039 961 mea
2060 915 2280 959 manu

191 1002 438 1073 factum
471 1023 610 1074 est:
659 1003 804 1102 ipse
837 1028 965 1102 ego
994 1023 1224 1104 pater,
1271 1002 1391 1101 qui
1421 1028 1835 1102 genueram,
1868 1001 1992 1101 qui
2032 1002 2285 1096 educa-

191 1144 409 1191 veram
439 1175 460 1208 ,
515 1146 642 1219 per
705 1119 960 1192 viscera
1022 1119 1406 1195 liberorum
1464 1121 1729 1192 ferrum
1786 1118 2026 1219 exegi:
2079 1118 2283 1190 credo

191 1234 374 1305 enim
416 1234 580 1326 tibi,
625 1255 693 1308 et
736 1235 1108 1309 orbitatem
1153 1256 1390 1308 tamen
1438 1235 1568 1321 tibi
1621 1236 1937 1336 imputo,
1979 1233 2107 1306 tibi
2155 1259 2283 1305 aes-

189 1348 350 1422 timo
398 1349 596 1422 illam
650 1378 732 1423 ex
787 1350 898 1422 die
954 1350 1096 1423 mei
1156 1349 1408 1423 doloris
1441 1365 1489 1421 ¹.
1554 1350 1899 1441 Quaedam
1969 1349 2285 1449 ignorare

193 1466 408 1539 simile
435 1494 584 1539 non
620 1469 800 1568 passi
829 1482 1004 1541 est2:
1035 1488 1204 1541 tunc
1235 1467 1487 1541 liberos
1515 1468 1826 1568 perdidi,
1870 1492 2094 1565 quum
2124 1492 2287 1565 per-

195 1580 434 1655 didisse
489 1610 603 1656 me
657 1584 862 1657 sensi.
916 1586 1116 1675 Esto,
1169 1610 1450 1685 gravem
1500 1584 1651 1657 sine
1700 1584 1914 1657 dubio
1956 1581 2289 1655 manibus

197 1699 358 1771 meis
399 1699 736 1801 injuriam
780 1702 1060 1773 fortuna
1094 1702 1378 1774 fecerat:
1426 1721 1752 1800 posuerat
1795 1720 2030 1773 tamen
2074 1698 2291 1799 hujus

199 1816 286 1887 rei
323 1816 398 1887 in
441 1818 596 1916 ipso
635 1818 876 1890 animo
917 1818 1314 1891 remedium
1349 1817 1473 1889 illo
1503 1839 1849 1919 tempore,
1892 1842 2033 1915 quo
2062 1815 2289 1886 furere

201 1952 260 2004 et
293 1932 404 2032 agi
433 1932 798 2006 dementia
833 1933 1150 2007 videbar:
1193 1932 1629 2032 frequentius
1664 1933 1741 2003 in
1775 1958 1856 2003 ea
1882 1929 2293 2029 cogitatione

205 2074 376 2119 eram
391 2104 410 2137 ,
443 2048 898 2149 utscrederem
923 2074 1070 2122 esse
1094 2075 1259 2120 curn
1285 2046 1525 2121 liberis
1548 2046 1901 2119 omnibus.
1932 2044 2296 2117 Abstulisti

205 2164 364 2235 mihi
411 2165 880 2265 ignorantiam
926 2165 1300 2238 malorum.
1349 2165 1641 2255 Quanto
1689 2161 2147 2236 miserabilior
2188 2159 2296 2232 fui

207 2304 278 2349 ex
299 2280 408 2351 die
443 2300 582 2353 tuae
615 2278 971 2352 sanitatis?
1010 2280 1356 2352 furiosum
1400 2300 1516 2352 me
1550 2306 1695 2352 non
1724 2278 1821 2351 sic
1854 2276 2110 2349 cecidi:
2142 2297 2295 2347 tum

209 2393 494 2470 lacerare
515 2416 767 2486 vestes,
787 2416 940 2468 tum
960 2396 1320 2469 verberare
1341 2394 1575 2469 vultus
1593 2422 1787 2468 meos
1807 2394 2005 2494 coepi.
2027 2390 2299 2466 Omnia

209 2511 398 2610 igitur
439 2513 590 2586 haec
635 2539 782 2584 non
827 2512 902 2583 in
944 2511 1158 2584 aliam
1195 2512 1336 2583 vim
1371 2512 1592 2610 accipi
1638 2513 1933 2599 debent,
1976 2535 2192 2607 quam
2239 2507 2296 2578 si

215 2628 380 2701 filios
423 2655 622 2701 meos
663 2627 810 2727 ipse
851 2625 1210 2698 occidisses
1242 2685 1262 2714 ,
1317 2651 1537 2724 quam
1585 2625 1641 2697 si
1687 2625 1832 2723 ipse
1873 2621 2294 2695 abstulisses.

211 2744 410 2816 Unde
439 2765 714 2816 tantum
755 2741 998 2834 honi³,
1031 2763 1114 2814 ut
1147 2741 1437 2815 reddere
1480 2741 1697 2841 possis
1731 2738 1925 2810 illam
1958 2735 2298 2809 valetudi-

217 2885 366 2933 nem
394 2919 414 2954 ‚
467 2859 674 2933 illum
721 2857 1082 2933 furorem?
1111 2857 1328 2950 Quod
1377 2884 1609 2930 unum
1652 2881 1938 2955 possum
1982 2873 2297 2954 praestare

285 3135 326 3170 1.
349 3117 510 3172 mam
532 3137 600 3172 ex
621 3117 708 3170 die
727 3115 834 3168 mei
855 3113 1060 3167 doloris.
1083 3113 1200 3166 Vet.
1285 3108 1542 3165 Obrecht.
1576 3107 1701 3160 Non
1731 3105 1870 3178 passi
1899 3114 2001 3170 est,
2040 3101 2299 3155 editiones

217 3219 272 3252 ex
279 3220 398 3254 mee
411 3200 669 3255 unitatis.
691 3201 840 3252 Prrn.
857 3199 1006 3250 Hanc
1021 3205 1206 3248 notam
1285 3192 1397 3245 aliae
1409 3214 1426 3243 ι
1442 3203 1495 3244 et
1510 3203 1669 3244 recte.
1686 3187 1793 3258 Qui
1806 3189 2019 3260 ignorat
2030 3183 2269 3236 dolorem
2280 3219 2298 3248 ‚

217 3283 464 3350 pertinere
494 3293 626 3352 puto
661 3277 730 3330 ad
761 3296 871 3350 seq.
904 3295 967 3329 ex
994 3275 1078 3327 die
1105 3284 1207 3326 tuae
1288 3272 1469 3327 similis
1490 3285 1569 3324 est
1588 3271 1689 3335 ini,
1711 3271 1803 3340 qui
1826 3285 1937 3321 non
1960 3268 2179 3339 patitur.
2198 3263 2303 3316 Ad-

217 3363 458 3429 sanitatis,
475 3361 566 3414 hie
581 3379 709 3413 vero
725 3361 864 3412 forte
877 3397 892 3424 ‚
908 3357 1000 3411 tibi
1011 3349 1210 3410 testimo
1291 3353 1577 3423 scripserat
1594 3350 1820 3420 margini
1840 3345 2198 3416 Schultingius
2213 3343 2299 3396 se-

219 3459 290 3492 me
309 3441 457 3493 illam
481 3437 656 3494 debere
677 3459 741 3492 ex
759 3437 848 3490 die
863 3437 969 3489 mei
985 3435 1210 3499 doloris,
1290 3451 1408 3487 nee.
1448 3433 1600 3486 Herc.
1638 3433 1762 3484 Fur.
1806 3445 1970 3500 1097:
2016 3449 2037 3472 ι
2059 3427 2213 3480 Solus
2245 3439 2299 3478 te

221 3519 280 3572 ab
303 3540 368 3573 eo
392 3534 632 3594 tempore
648 3557 666 3585 ‚
689 3536 798 3592 quo
824 3536 852 3568 a
873 3531 926 3568 te
946 3528 1160 3569 sanatus
1180 3533 1212 3566 a
1297 3537 1318 3560 ι
1333 3516 1447 3586 jam
1465 3525 1716 3584 prestare
1736 3521 1913 3581 potest
1936 3509 2106 3558 Furor
2123 3507 2304 3558 inson-

223 3601 388 3652 ἥκοι-ο
404 3637 422 3665 ‚
449 3601 588 3670 coepi
611 3598 748 3651 scire
772 3609 824 3648 et
847 3595 1042 3649 sentire
1065 3592 1214 3645 orbi·
1300 3616 1323 3639 ι
1341 3607 1467 3647 tem.
1490 3616 1512 3640 κ
1538 3591 1706 3662 Mai-g.
1732 3585 1931 3641 AErodii
1953 3585 2021 3638 al.
2052 3584 2303 3656 Quoedam

227 3693 370 3732 tatem
389 3717 408 3744 ‚
449 3681 648 3731 aestimo
693 3695 776 3728 me
823 3674 968 3727 iilam
1015 3671 1214 3726 debere
1293 3674 1568 3746 ignorare,
1604 3669 1751 3722 haud
1770 3668 1963 3740 fecisse
1996 3667 2165 3718 simile
2194 3681 2303 3716 non

229 3757 338 3808 tibi:
365 3757 446 3808 vel
481 3758 570 3808 tibi
599 3758 838 3828 imputo,
869 3753 993 3826 quio
1018 3752 1214 3804 oestimo
1289 3752 1429 3822 passi
1452 3750 1580 3802 estis.
2234 3799 2241 3804 ,

228 3832 360 3888 illam
389 3855 454 3888 ex
477 3837 562 3889 die
586 3835 692 3886 mei
720 3831 929 3886 doloris.
963 3833 1046 3884 An
1079 3831 1214 3884 oesti·
1366 3831 1418 3883 3.
1444 3830 1592 3883 Unde
1612 3837 1814 3882 tantum
1839 3825 1975 3878 boni.
1993 3825 2120 3876 lust.
2142 3819 2234 3872 lib.
2252 3821 2303 3884 1,

227 3933 354 3968 mare
373 3915 463 3968 hie
477 3929 658 3988 posset
681 3918 820 3966 sumi
843 3925 902 3963 nt
925 3912 980 3964 in
998 3913 1215 3964 Lucano
1295 3911 1400 3974 26,
1413 3908 1463 3982 §-
1478 3907 1768 3977 54:2Unde
1780 3908 1917 3959 enim
1934 3915 2139 3955 tantum
2156 3900 2305 3964 boni,

228 3994 748 4066 explieatGronovius
769 3990 1067 4046 Observatt.
1087 3992 1136 4057 1,
1160 3991 1214 4042 6.
1303 4013 1326 4036 ι
1346 4003 1406 4042 ut
1426 3987 1673 4062 pluribus
1686 4025 1703 4052 ‚
1722 4005 1837 4058 quae
1862 3995 2007 4035 recta
2032 3991 2177 4045 sunt,
2198 3977 2308 4050 pln-

233 4077 386 4129 ΒὈΙΙ-
1305 4093 1328 4118 ι
1341 4081 1548 4124 ceant.»
1562 4067 1781 4121 Senum.
1802 4063 1947 4114 Unde
1962 4071 2166 4113 tantum
2185 4057 2307 4109 boni

297 4175 342 4210 α.
360 4159 480 4212 Non
495 4159 632 4232 passi
649 4157 780 4211 estis.
801 4157 924 4211 Non
943 4154 1102 4228 passis
1119 4163 1218 4220 est,
1301 4151 1507 4208 reddere
1530 4145 1715 4220 possis,
1738 4139 1915 4197 AErod.
