2855 4871
589 407 708 473 188
1097 406 1191 471 M.
1237 356 1489 494 rann
1536 400 2169 486 QUINTILIANI

583 556 717 601 nea
746 548 882 600 est:
911 526 1125 601 habes
1157 529 1531 627 parasitum
1552 584 1571 617 ,
1600 548 1665 599 et
1692 552 1899 597 causa
1928 522 2287 597 occidendi
2314 521 2654 595 manifesta

587 666 718 735 est;
761 642 1037 717 coheres
1068 672 1135 717 es
1169 644 1431 733 fratris3
1469 642 1727 714 occasio
1760 642 2027 743 adjuvit
2058 640 2469 730 consilium,
2502 639 2657 709 intra

588 760 760 831 fines
786 758 1008 831 occidi
1035 781 1293 859 potest:
1323 758 1637 829 minister
1656 785 1799 829 non
1826 756 2076 845 defuit,
2103 756 2442 855 parasitus
2468 755 2539 826 in
2560 775 2661 825 tua

587 898 914 975 potestate
946 898 1064 949 est.
1099 878 1358 948 Caetera
1373 902 1533 947 vero
1564 875 1675 945 cui
1706 900 1850 945 non
1877 872 2092 945 etiam
2120 873 2487 945 manifesta
2512 869 2659 943 sint?

587 994 924 1092 parasitus
943 992 1094 1064 sine
1122 1012 1238 1063 tua
1257 993 1609 1063 voluntate
1628 988 1994 1061 conviciari
2014 988 2207 1059 fratri
2228 1008 2349 1059 tuo
2370 982 2661 1059 auderet?

588 1109 806 1181 homo
841 1110 912 1180 in
943 1108 1412 1181 adulationem
1448 1128 1687 1196 natuS,
1718 1106 1971 1196 homo,
2002 1105 2203 1206 cujus
2230 1107 2497 1177 famem
2528 1124 2661 1175 tan-

587 1246 741 1297 tum
771 1246 848 1318 ,tu
885 1223 1225 1323 propitius
1257 1222 1695 1313 differebas¹‚
1740 1248 1884 1293 non
1922 1222 2197 1294 fecisset
2230 1222 2509 1319 utique,
2544 1246 2660 1316 quo

590 1360 654 1412 te
682 1361 958 1439 putaret
986 1338 1273 1410 offendi.
1300 1338 1577 1409 Dormis
1604 1364 1618 1407 ε
1648 1337 1779 1408 hoc
1806 1337 1933 1409 tibi
1966 1338 2037 1407 in
2072 1337 2437 1436 praesentia
2461 1334 2659 1407 creda·

590 1454 742 1527 tur?
769 1482 914 1526 non
945 1456 1234 1553 putabat
1261 1453 1386 1525 tibi
1417 1480 1615 1553 posse
1647 1452 2009 1525 nunciari?
2038 1475 2103 1525 et
2129 1474 2370 1525 tamen
2401 1444 2661 1523 incredi-

589 1568 731 1640 bile
757 1589 886 1658 est‚
916 1590 982 1639 te
1013 1567 1342 1639 dormisse
1374 1568 1505 1639 hoc
1532 1589 1878 1667 tempore,
1912 1566 2044 1639 hoc
2073 1566 2260 1639 loco:
2295 1566 2661 1638 convivium

592 1704 773 1773 erat,
810 1704 875 1754 et
907 1683 1111 1782 quale
1142 1680 1582 1755 convivium?
1613 1684 1819 1755 frater
1846 1678 2173 1753 invitatus
2202 1709 2217 1753 :
2262 1681 2359 1753 ita
2386 1680 2502 1753 ille
2529 1706 2665 1751 con-

589 1797 825 1869 viciari
845 1825 1051 1870 ausus
1069 1798 1334 1889 fuisset,
1359 1798 1415 1869 si
1438 1819 1502 1869 te
1524 1818 1879 1869 amantem
1900 1798 2123 1869 fratris
2136 1795 2456 1869 vidisset?
2470 1794 2661 1869 Credo

593 1916 981 2015 parasitum
1005 1916 1216 1987 etiam
1236 1914 1602 1987 insultasse
1621 1916 1915 1986 fortunae
1938 1913 2062 1985 filii
2084 1914 2224 1986 mei
2246 1942 2261 1985 ε
2286 1934 2470 2004 tace,
2495 1912 2663 2002 dixit,

595 2032 782 2103 exsul
813 2060 827 2104 ε
876 2032 1214 2132 parasitus
1233 2088 1252 2121 ,
1297 2032 1547 2123 home,
1591 2052 1760 2130 puto
1779 2089 1798 2123 ,
1842 2030 1963 2128 qui
2008 2030 2508 2103 contumeliam
2546 2033 2665 2103 no'n

501 2229 507 2235 ,
593 2150 892 2237 ferebat,
923 2170 1107 2240 tace,
1137 2147 1329 2221 exsul
1358 2176 1372 2218 :
1406 2175 1656 2248 parum
1690 2148 1882 2220 enim
1914 2174 2079 2220 eum
2104 2148 2403 2248 graviter
2430 2169 2665 2245 torque·

595 2264 717 2337 bat
767 2263 915 2335 sola
965 2265 1248 2335 fortuna
1268 2278 1330 2353 ²,
1388 2291 1640 2363 parum
1694 2263 1885 2335 enim
1934 2264 2231 2363 graviter
2278 2263 2668 2336 irascebatur

598 2377 846 2471 errori,
883 2376 1018 2451 nisi
1051 2379 1258 2452 etiam
1289 2380 1628 2480 parasitus
1662 2378 2060 2480 objecisset:
2097 2404 2240 2451 non
2275 2378 2543 2452 fecisset
2564 2376 2669 2448 hoc

599 2523 762 2596 ergo
792 2519 858 2568 te
887 2496 1127 2569 invito.
1157 2499 1332 2571 Puta
1366 2519 1601 2570 tamen
1632 2496 1872 2568 cadere
1905 2495 2089 2568 hanc
2126 2496 2197 2566 in
2231 2495 2550 2568 animum
2576 2520 2669 2593 pa·

600 2613 785 2686 rasiti
831 2613 1431 2712 indignationem:
1470 2611 1646 2685 illud
1691 2633 1868 2684 certe
1902 2613 1977 2684 in
2018 2639 2256 2684 casum
2300 2639 2449 2683 non
2486 2609 2668 2697 cadit,

600 2729 789 2829 quod
821 2729 1094 2828 gladius
1126 2730 1198 2800 in
1230 2727 1527 2801 triclinio
1554 2727 1783 2799 fuerit.
1811 2725 2039 2802 Multa
2062 2752 2213 2826 quae
2240 2723 2515 2824 singula
2534 2721 2671 2795 acci·

602 2843 762 2944 dere
786 2866 1108 2943 possunt²
1139 2844 1468 2917 universa
1494 2863 1677 2916 extra
1705 2868 1947 2914 casum
1973 2862 2135 2913 sunt
2149 2839 2203 2932 3,
2231 2863 2309 2912 ut
2332 2834 2667 2913 conviciari

601 2956 927 3055 incipiat,
950 2959 1149 3061 cujus
1178 2959 1545 3033 occidendi
1562 2958 1679 3059 jus
1703 2956 2064 3031 habuerit:
2098 2955 2319 3057 adjice
2336 2955 2488 3043 his,
2521 2973 2672 3026 uttu

683 3179 728 3216 ι.
755 3163 963 3214 Famem
993 3177 1027 3216 t.
1054 3175 1088 3215 t.
1115 3167 1372 3237 propitius
1395 3165 1619 3238 αἰξί-βενε·
1767 3163 1817 3216 3.
1860 3163 2107 3216 Universa
2142 3171 2286 3214 extra
2324 3177 2527 3212 causam
2562 3166 2670 3210 sunt-

607 3242 708 3294 bat.
734 3243 830 3293 vix
853 3241 962 3294 haec
987 3245 1173 3314 capio:
1207 3262 1273 3295 an
1297 3243 1580 3315 legendum
1598 3281 1615 3310 ‚
1695 3244 1991 3298 Thaddaeus
2009 3284 2025 3311 ,
2060 3245 2299 3296 universa
2331 3253 2551 3295 extracta
2581 3237 2673 3291 sub-

607 3323 754 3392 cujus
783 3319 991 3390 famem
1035 3331 1241 3374 tantum
1281 3333 1336 3374 tu
1372 3322 1619 3396 prodiqus
1694 3339 1833 3380 sunt.
1855 3325 2008 3378 Unde
2034 3339 2213 3390 acute,
2236 3323 2387 3397 quod
2412 3323 2475 3375 ad
2500 3335 2676 3375 senten·

607 3401 899 3472 differebas.
938 3405 1053 3454 Hoc
1092 3421 1249 3455 sensu
1268 3441 1285 3470 ‚
1329 3421 1487 3475 quem
1526 3417 1617 3454 tua
1698 3408 1823 3458 tiam
1840 3443 1857 3470 ‚
1891 3404 2227 3456 doctissimus
2268 3403 2535 3456 AErodius:
2577 3397 2672 3450 uui-

605 3479 988 3552 profundendo
1012 3480 1219 3548 alebas,
1240 3496 1290 3535 et
1311 3483 1383 3534 ita
1405 3481 1618 3534 differe·
1698 3503 1837 3536 versa
1864 3485 1910 3536 si
1934 3493 2130 3535 exstent
2144 3523 2162 3550 ‚
2191 3493 2420 3553 suspecta
2446 3490 2567 3534 sunt.
2592 3472 2672 3526 Sed

608 3557 704 3609 bas
723 3561 834 3630 ejus
851 3559 1059 3626 famem,
1079 3578 1192 3631 quae
1207 3561 1354 3612 illum
1371 3580 1621 3633 pressura
1700 3561 1803 3612 levi
1840 3564 2145 3630 conjectura
2181 3559 2417 3630 juvanda
2454 3553 2675 3611 Pithoeani

609 3643 742 3704 erit,
772 3659 938 3712 quum
975 3655 1034 3692 tu
1068 3643 1246 3694 omnia
1277 3642 1586 3714 prodegeris
1604 3681 1619 3710 ,
1702 3641 1903 3695 codicis
1928 3634 2114 3694 lectio:
2144 3641 2351 3709 Multa,
2373 3658 2486 3714 quae
2500 3633 2675 3712 singula

611 3739 709 3772 nec
731 3718 956 3790 amplius
977 3719 1108 3792 quid
1128 3719 1325 3773 habeas
1339 3761 1355 3786 .,
1371 3741 1480 3793 quo
1501 3739 1619 3774 eum
1700 3722 1923 3773 accidere
1942 3733 2180 3794 possunt,
2202 3723 2437 3772 universa
2460 3729 2589 3770 extra
2609 3732 2674 3765 ca·

611 3815 820 3870 pascas.
845 3799 1017 3849 Butm.
1702 3819 1815 3852 sum
1839 3811 1973 3851 sunt.
2003 3800 2061 3852 Id
2087 3814 2165 3852 est
2181 3838 2197 3864 ‚
2223 3813 2283 3850 ut
2307 3803 2543 3852 universa
2566 3813 2675 3848 con-

687 3895 734 3930 ιι.
756 3876 879 3930 Sola
892 3877 1137 3950 fortuna.
1158 3878 1296 3944 Quia
1317 3878 1626 3949 imprudens
1704 3896 1895 3952 gruunt
1910 3895 1970 3933 ‘et
1993 3895 2315 3934 concurrant
2339 3883 2393 3933 in
2418 3879 2547 3932 idem
2567 3891 2675 3928 tem·

612 3957 786 4008 fuerat
820 3956 1160 4009 homicidium
1177 3994 1194 4024 ,
1229 3953 1310 4007 nai
1327 3953 1395 4022 pul
1421 3957 1475 4006 ιἰε
1499 3979 1625 4028 εει-μ-
1704 3961 1838 4036 pus'‚
1863 3981 1973 4015 non
1996 3981 2151 4015 casus
2167 4002 2183 4029 ‚
2212 3961 2305 4014 sed
2335 3961 2532 4012 consilii
2551 3953 2675 4009 vide·

616 4039 752 4094 κίεις·
783 4039 927 4112 quod
955 4041 1114 4093 etiam
1145 4055 1362 4114 postea,
1395 4059 1625 4093 errorem
1706 4058 1808 4096 tur.
1830 4045 1995 4098 θεοῦ.
2022 4045 2171 4096 Intra
2196 4063 2403 4098 causam
2424 4053 2547 4094 sunt.
2570 4040 2671 4091 Sc!-

617 4119 868 4190 appellat.
897 4124 1074 4176 AEnon.
1706 4155 1776 4166 —-·
1805 4127 2052 4198 Incipiat.
2079 4125 2285 4179 Sclmlt.
2310 4126 2361 4178 ei
2380 4122 2597 4196 incipiat.
