2855 4871
495 422 1326 491 DECLAMATIONES.
1375 423 1892 489 CCLXXXIX.
2113 424 2232 513 173

195 548 302 619 sui.
337 550 416 620 At
445 549 630 621 enim
670 550 872 649 petiit
899 578 914 619 z
957 548 1176 648 adjice
1207 562 1533 659 praeterea
1560 549 1959 639 sanitatem,
1992 570 2059 621 et
2090 576 2235 621 non
2334 640 2341 647 ³

192 686 540 761 acceperat:
577 665 692 737 sed
725 691 814 736 ne
844 684 1142 764 peteret,
1173 664 1604 763 deposuerat.
1636 666 1803 737 Haec
1834 665 1991 737 satis
2023 665 2237 765 plena

193 777 464 853 defensio
495 802 696 871 esset,
732 782 790 852 si
826 808 966 879 qua
994 808 1122 879 ego
1150 780 1578 853 divinatione
1608 781 1929 881 colligere
1963 782 2237 880 potuis-

193 917 346 982 sem,
386 895 618 992 utique
660 895 1092 995 periturum,
1137 895 1194 965 si
1236 922 1379 966 non
1421 894 1873 967 reddidissem
1911 922 1925 967 ε
1964 894 2241 996 decepit

192 1033 315 1097 me,
349 1009 526 1108 quod
560 1031 720 1082 ante
751 1010 998 1082 fortius
1037 1008 1326 1081 tulerat:
1365 1036 1597 1109 neque
1639 1010 1827 1083 enim
1870 1010 2001 1083 hoc
2044 1011 2237 1101 dico,

193 1121 584 1196 redditurum
629 1151 746 1197 me
784 1126 992 1197 fuisse
1013 1182 1032 1214 ‚
1071 1126 1126 1196 si
1171 1125 1561 1223 periturum
1605 1146 1869 1224 patrem
1911 1126 2186 1199 scissem
2218 1154 2235 1198 z

191 1234 416 1333 optime
441 1258 658 1335 partes
681 1239 889 1311 amici
915 1240 1363 1313 custodissem
1379 1296 1400 1331 ,
1435 1240 1493 1310 si
1520 1267 1667 1312 non
1696 1240 2173 1314 reddidissem.

189 1492 722 1519 ‘mmmm
727 1490 1108 1521 mm
1115 1498 1721 1523 mmm
1733 1500 2248 1525 mmmm

938 1736 946 1745 ·
1019 1684 1375 1765 CCXC.

587 1913 938 1989 Abdicans
969 1917 1322 1989 reductum
1354 1915 1443 1991 ob
1455 1919 1799 2017 furorem.

191 2112 524 2179 Luxuriosus
540 2118 864 2180 abdicatus
875 2166 894 2198 ‚
908 2118 1112 2180 furere
1125 2122 1329 2204 coepit.
1346 2120 1654 2181 Reductus
1668 2142 1705 2181 a
1718 2132 1892 2203 patre
1904 2166 1922 2197 ‚
1946 2132 2245 2195 mustus,

1026 2218 1367 2279 abdicatur.

854 2406 1545 2475 DECLAMATIO.

266 2562 329 2633 Si
344 2567 660 2638 conscius
681 2564 888 2660 mihi,
899 2565 1200 2668 judices·‚
1224 2567 1437 2642 ullius
1458 2567 1677 2668 culpae
1697 2594 1919 2639 essem
1934 2624 1952 2658 ,
1974 2586 2255 2666 propter

189 2699 370 2772 quam
396 2681 652 2754 iterum
673 2682 1052 2774 abdicarer,
1075 2683 1260 2756 scitis
1279 2684 1461 2756 mihi
1491 2710 1637 2755 non
1661 2683 1958 2755 defuisse
1980 2681 2253 2754 tacendi

189 2796 650 2869 verecundiam
677 2825 692 2868 ε
721 2798 841 2870 sed
870 2798 1069 2871 facile
1097 2799 1230 2871 fuit
1250 2800 1445 2899 prius
1474 2797 1875 2887 silentium3
1904 2797 2253 2898 primum,

189 2911 346 3004 quod
374 2914 742 3013 sperabam
773 2917 922 2988 fore
946 2916 1363 2988 exorabilem
1394 2935 1665 3014 patrem
1694 2945 1713 3006 ;
1749 2915 2034 3006 deinde,
2064 2915 2255 3014 quod

189 3047 422 3100 certum
443 3051 589 3103 erat
607 3087 626 3119 ‚
647 3051 927 3132 propter
950 3033 1141 3130 quod
1165 3031 1561 3104 abdicarer:
1588 3057 1780 3104 nunc
1804 3031 2118 3131 intelligo
2135 3087 2156 3120 ,
2181 3031 2253 3102 in

189 3141 414 3216 multas
445 3173 564 3218 me
609 3146 790 3218 mitti
827 3173 1022 3247 posse
1057 3147 1519 3248 suspiciones,
1566 3175 1791 3246 quum
1834 3147 2135 3248 expellar
2167 3148 2256 3218 ab

187 3257 420 3354 optimo
453 3283 648 3362 patre
681 3290 695 3333 :
733 3289 862 3334 nec
896 3264 1070 3336 mihi
1111 3264 1254 3336 ullo
1289 3264 1501 3335 modo
1537 3281 1807 3363 poterat
1834 3263 2169 3362 ignosci2,
2204 3263 2261 3336 si

189 3369 616 3448 offendissem
655 3376 924 3448 statim:
963 3397 1102 3448 tota
1139 3377 1354 3476 igitur
1385 3377 1657 3450 actione
1696 3376 1827 3448 hoc
1862 3376 2041 3448 mihi
2077 3375 2261 3478 obji-

187 3484 490 3563 ciendum
526 3489 694 3581 est-²³,
743 3492 922 3563 nihil
963 3519 1078 3564 me
1119 3493 1376 3564 fecisse.
1413 3495 1557 3564 Nec
1594 3491 1807 3582 mihi·,
1834 3490 2138 3592 judices,
2184 3492 2257 3563 in

189 3601 402 3677 animo
445 3625 550 3678 est
594 3633 914 3680 excusare
945 3608 1156 3681 vitam
1190 3609 1532 3708 priorem,
1583 3634 1710 3680 nec
1758 3628 1835 3681 ut
1876 3634 1990 3680 me
2033 3608 2259 3680 dicam

186 3737 566 3817 numquam
585 3721 884 3820 dignum
905 3723 1116 3796 fuisse
1139 3723 1611 3813 abdicatione3
1642 3725 1762 3796 sed
1788 3733 1865 3795 tit
1882 3749 1997 3795 me
2015 3744 2259 3822 putem

188 3895 232 3933 et
247 3903 336 3940 nos
353 3908 478 3942 eum
500 3890 738 3946 editione
757 3895 1058 3966 Bipontina.
1079 3897 1173 3948 En.
1329 3913 1375 3946 2.
1405 3894 1619 3946 Poterat
1646 3893 1855 3967 ignosci.
1893 3891 2092 3944 Poterit
2120 3891 2263 3964 iquo-

254 3982 292 4017 Ι.
329 3971 574 4026 δοκοίης.
612 3975 684 4028 Et
716 3987 956 4042 sanatus,
989 3977 1174 4030 iterum
1254 3975 1352 4039 sci,
1367 3973 1411 4026 si
1425 3972 1637 4044 offendi
1654 3971 1809 4022 illum
1829 3973 2020 4023 statim.
2040 3970 2258 4022 Senum-r.

185 4045 286 4096 «ὁδ-
309 4051 487 4103 AErod.
505 4081 581 4092 —-
601 4052 770 4108 Ullius
786 4054 970 4124 σαίρω.
995 4054 1174 4108 AErod.
1329 4055 1382 4106 3.
1420 4054 1539 4106 Hoc
1574 4051 1709 4104 mihi
1741 4051 2105 4124 objiciendum.
2142 4055 2223 4104 An
2244 4088 2261 4117 .,

189 4117 312 4178 illius
325 4127 514 4200 σαίρω.
1261 4135 1629 4187 obtinendum?
1654 4133 1821 4184 Βυυι.
