2855 4871
649 388 1482 461 DECLAMATmuES.
1530 392 1855 460 cchV.
2248 414 2301 480 -7

903 605 1609 673 DECLAMATIO.

297 760 760 861 Depositum,
795 788 936 860 quo
969 782 1280 862 tempore
1311 762 1547 862 'petisti
1578 762 1965 837 luxuriosus
2004 762 2259 837 ¹‘adhuc
2281 822 2301 855 ,

207 876 264 947 si
287 876 678 950 noluisses²
712 876 1062 967 confiteri,
1096 876 1384 950 haberes
1406 878 1819 977 pecuniam:
1858 879 2177 951 nondum
2203 898 2307 952 ta-

211 1018 374 1063 men
408 993 829 1066 debebatur.
867 994 1025 1066 Non
1057 1014 1159 1066 est
1185 993 1258 1065 in
1293 994 1621 1094 depositis
1647 993 1941 1094 simplex
1964 995 2303 1069 conditio:

212 1106 590 1207 deponitur
613 1108 877 1210 aliquid
892 1168 911 1200 ,
941 1109 1134 1209 quod
1154 1110 1747 1211 quandocumque
1770 1111 2101 1209 repetitur
2115 1167 2134 1199 ,
2157 1109 2309 1183 red-

211 1222 531 1297 dendum
555 1246 686 1299 est:
707 1224 1084 1325 deponitur
1101 1225 1368 1327 aliquid
1391 1225 1464 1297 in
1480 1245 1777 1325 tempus.
1792 1226 1945 1298 Hoc
1956 1225 2309 1327 quomodo

213 1336 616 1439 depositum
651 1336 832 1412 erat?
869 1360 950 1413 ut
978 1340 1352 1443 acciperes,
1386 1367 1611 1442 quum
1640 1338 1973 1415 luxuriari
2005 1340 2309 1415 desisses.

215 1454 380 1545 Quo
410 1477 730 1555 tempore
759 1458 1145 1557 repetebas,
1173 1457 1404 1533 adhuc
1423 1455 1917 1533 luxuriabaris:
1940 1482 2087 1533 non
2110 1454 2313 1529 debe-

217 1572 419 1645 batur
429 1600 626 1672 ergo,
643 1600 774 1645 nec
790 1594 1010 1672 potest
1024 1573 1245 1647 videri
1268 1573 1685 1663 inficiatum,
1702 1573 1893 1672 quod
1908 1600 1989 1646 eo
2005 1592 2313 1673 tempore

219 1688 528 1786 negavit,
573 1714 718 1787 quo
759 1687 861 1759 illi
895 1690 1280 1787 extorqueri
1327 1714 1473 1761 non
1512 1710 1739 1789 posset
1781 1688 1889 1760 vel
1933 1685 2313 1759 confitenti.

219 1804 458 1895 Quare
487 1824 729 1876 tamen
761 1830 1010 1904 negare
1047 1804 1332 1894 maluit,
1375 1832 1588 1903 quam
1615 1805 1747 1881 hoe
1770 1803 1934 1909 jure
1961 1802 2113 1877 uti?
2144 1828 2323 1904 quo-

225 1918 407 1989 niam
429 1939 500 1991 te
519 1918 954 1991 luxuriosum
974 1947 1127 2020 spes
1147 1920 1380 1992 adhuc
1396 1919 1711 2019 pecunia?
1728 1917 2041 1993 faciebat.
2060 1920 2317 1991 Annon

226 2034 349 2109 hoc
363 2058 506 2127 est,
527 2037 723 2139 quod
739 2059 803 2111 te
817 2039 1058 2119 fecerit
1072 2037 1292 2143 frugi?
1315 2036 1626 2145 Didicisti
1647 2036 1777 2111 tibi
1794 2033 2317 2140 pecuniam3....

225 2176 286 2224 et
299 2151 542 2225 labore
563 2154 996 2233 servandam.
1023 2159 1112 2231 At
1134 2153 1536 2257 mehercule
1564 2178 1829 2245 vereor,
1848 2179 1941 2227 ne
1968 2152 2102 2227 cito
2122 2150 2327 2223 obtu-

223 2266 394 2339 lerit.
452 2268 624 2341 Sine
667 2269 883 2343 dubio
933 2290 1005 2343 tu
1054 2269 1442 2375 discussam
1484 2268 1833 2345 lux-uriam
1888 2266 1989 2341 vis
2036 2265 2325 2369 probare

225 2381 540 2475 avaritia,
589 2404 655 2456 et
699 2383 844 2458 haec
893 2383 1042 2488 ipsa
1085 2383 1506 2492 accipiendae
1546 2382 1860 2488 pecuniae
1896 2382 2120 2458 fames
2162 2378 2328 2452 alias

227 2499 572 2574 videretur
609 2500 900 2604 prodere
933 2501 1370 2606 cupiditates.
1412 2502 1587 2578 Satis
1622 2521 1767 2576 eras.
1794 2499 2071 2579 homini
2105 2495 2327 2596 frugi,

231 2614 416 2712 quod
451 2615 798 2717 accepisti.
835 2619 1081 2722 ltaque
1112 2639 1180 2688 et
1209 2617 1375 2743 alifis
1399 2643 1688 2718 ⁴quoque
1718 2614 2149 2691 conditiones
2177 2612 2331 2682 fru-

239 2725 496 2824 galitati
521 2749 658 2801 tuae
683 2729 882 2832 ponit
903 2730 1173 2833 amieus
1199 2751 1569 2834 patmum,
1596 2726 1652 2800 si
1673 2727 1947 2816 vixeris,
1976 2724 2337 2834 quomodo

237 2839 484 2913 videris
502 2843 777 2934 fecisse,
803 2843 858 2916 si
878 2843 1162 2917 tenendi
1175 2843 1420 2951 ¹potius
1445 2840 1881 2946 patrimonii,
1913 2867 2129 2938 quam
2149 2839 2336 2912 aufe·

237 2955 432 3030 rendi
469 2957 799 3030 habueris
835 2987 1110 3046 curam,
1155 2981 1253 3032 est
1291 2958 1525 3032 adhuc
1558 2958 1749 3060 quod
1794 2957 1918 3030 tibi
1960 2953 2173 3060 possit
2210 2955 2339 3027 tri·
2451 3019 2459 3026 .

235 3069 445 3143 buere
461 3073 972 3172 patrimonium
988 3094 1357 3176 paternum
1383 3099 1398 3144 ε
1423 3071 1551 3146 sed
1572 3071 1802 3146 adhuc
1819 3068 1851 3125 4
1878 3070 2087 3146 habet
2101 3095 2335 3142 suum.

309 3273 352 3309 r.
409 3253 736 3312 [undosas
793 3259 986 3314 adhue.
1051 3261 1240 3328 Forte,
1322 3258 1573 3312 vandum.
1616 3259 1786 3311 Βυκι.
1818 3287 1887 3297 —-
1916 3255 2000 3309 Tu
2040 3255 2335 3310 discussam.

242 3335 406 3390 abac
424 3355 556 3392 erus.
581 3339 800 3394 Scantr.
1325 3336 1489 3408 Quod
1506 3337 1687 3412 recepi
1708 3355 1771 3392 ex
1787 3336 1902 3409 Rip.
1914 3353 2017 3408 pro
2036 3346 2089 3387 te
2102 3335 2223 3388 disc.
2240 3337 2335 3388 En.

311 3434 358 3467 2.
386 3417 449 3470 Si
481 3415 744 3470 noluisses.
777 3419 942 3488 Lege,
977 3417 1024 3470 si
1058 3416 1246 3472 voluis·
1398 3415 2075 3490 4.Habeuuum.Suspecta
2091 3416 2201 3468 haee
2217 3429 2341 3467 sunt

243 3511 342 3546 m
369 3493 612 3568 confiteri
643 3495 826 3550 haben
847 3515 932 3548 me
947 3497 1246 3569 pecuniam.
1329 3495 1677 3568 Schuitingio.
1702 3497 1864 3549 Forte
1883 3494 2033 3548 habes
2060 3505 2203 3547 tuum
2218 3531 2236 3558 ‚
2262 3493 2347 3545 ni-

249 3575 456 3632 Scnuvr.
1327 3577 1555 3644 mirum,
1585 3574 1749 3646 ‘qnod
1787 3573 1973 3630 labore
2028 3573 2311 3645 quaesivisti
2325 3609 2342 3636 ‚

315 3659 362 3711 3.
381 3659 498 3711 Tibi
516 3662 821 3731 pecuniam.
839 3662 1025 3726 Forte,
1046 3660 1140 3711 tibi
1157 3679 1248 3733 pe-
1327 3675 1451 3709 nam
1480 3670 1533 3708 et
1564 3655 1671 3708 hoc
1698 3656 2077 3730 patrimonium
2105 3652 2211 3706 dici
2243 3652 2343 3704 do-

253 3737 453 3790 cunt'am
487 3739 826 3812 querendam
857 3737 1028 3791 labore
1066 3749 1119 3790 et
1146 3755 1250 3790 seru
1329 3740 1437 3790 cuit
1462 3736 1645 3790 Munk.
1668 3735 1737 3790 ud
1760 3737 1947 3806 Hygia.
1974 3734 2093 3787 fab.
2116 3732 2235 3803 ¹94·
