2855 4871
566 349 672 486 '³4
1088 403 1179 466 M.
1228 401 1479 466 men
1524 395 2162 484 QmN‘rlmAm

550 575 555 581 -
584 550 909 602 mentum
930 528 1410 600 tantummodo
1426 554 1640 600 causae
1665 525 1875 627 hujus
1890 526 1977 601 de
1997 527 2249 628 injuria
2263 526 2542 640 parasiti
2561 525 2651 601 lo-

584 672 780 743 quor.
822 646 935 715 Tu
978 664 1211 715 autem
1256 642 1436 714 mihi
1481 669 1625 714 non
1654 641 1866 715 'debes
1909 643 2185 715 recitare
2217 641 2475 741 legem,
2509 669 2653 742 quae

583 780 817 832 contra
855 759 1231 858 parasitum
1274 757 1525 855 scripta
1573 777 1707 847 est,
1753 784 1914 830 cum
1957 784 2098 856 quo
2146 785 2290 830 non
2327 785 2494 859 ago,
2541 758 2656 830 sed

582 893 817 947 contra
852 894 954 964 te,
987 874 1111 971 qui
1154 871 1467 971 inscripti
1511 872 1837 945 maleficii
1887 899 2042 946 reus
2081 899 2154 946 es
2195 872 2368 973 lege.
2415 877 2655 973 Neque

582 989 771 1062 enim
793 1003 810 1032 ¹
846 989 1012 1080 hoc,
1039 987 1262 1086 quod,
1299 986 1555 1059 dicitur
1578 1008 1922 1088 raptorem
1949 1009 2000 1060 x
2032 988 2258 1061 millia
2286 1015 2323 1060 e
2347 989 2498 1088 lege
2527 989 2656 1062 sol-

574 1130 733 1176 vere
767 1123 1112 1201 oportere,
1142 1101 1205 1174 ei
1232 1101 1480 1174 solvis²
1513 1103 1634 1201 qui
1661 1103 1879 1194 dicat,
1915 1103 2233 1202 Rapuisti
2254 1135 2273 1194 ;
2298 1104 2420 1203 qui
2448 1103 2652 1195 dicat,

580 1221 952 1318 Raptorem
988 1216 1440 1306 summisisti3
1475 1217 1591 1290 sed
1627 1217 1729 1308 ei,
1771 1218 1894 1318 qui
1925 1219 2148 1308 dicat,
2183 1219 2486 1291 Comitia
2515 1239 2658 1291 tur-

572 1334 795 1422 basti3
844 1334 962 1405 sed
996 1333 1060 1406 ei
1081 1389 1100 1422 ,
1140 1333 1262 1432 qui
1308 1332 1528 1425 dicat,
1572 1334 2044 1407 Sacerdotium
2087 1334 2447 1407 abstulisti.
2497 1336 2657 1408 Haec

566 1449 876 1522 crimina
901 1504 920 1541 ,
968 1448 1023 1520 si
1064 1475 1277 1548 quam
1319 1448 1534 1521 aiiam
1575 1450 1804 1548 legem
1845 1450 2106 1523 habent
2133 1508 2152 1542 ,
2197 1451 2456 1522 tranfer
2499 1477 2656 1522 sane

565 1564 925 1638 *actionem
950 1589 1220 1654 meam3
1252 1564 1309 1636 si
1334 1564 1603 1636 nullam
1633 1591 1786 1638 eam
1817 1565 2107 1656 habent,
2133 1592 2257 1637 cur
2283 1565 2660 1665 praescribis

577 1679 897 1752 adversus
952 1679 1307 1781 majorum
1358 1679 1797 1779 diligentiam
1843 1701 1914 1753 et
1959 1680 2289 1779 exquisita
2331 1680 2616 1778 ingenia
2640 1738 2658 1770 ,

574 1818 729 1893 quae
750 1791 1203 1891 scripserunt3
1219 1792 1247 1864 ?
1265 1795 1389 1865 Est
1412 1793 1622 1891 igitur
1641 1793 2078 1892 inscriptum.
2095 1795 2206 1864 An
2231 1793 2662 1867 maleficium

576 1908 701 1998 sit,
730 1908 788 1980 si
813 1908 1024 1981 modo
1060 1908 1222 2000 ista,
1255 1932 1413 2008 quae
1448 1907 1714 2009 objeci,
1741 1935 1897 1980 vera
1924 1929 2120 1999 sunt,
2147 1908 2506 1980 neminem
2535 1908 2662 1980 du·

574 2022 959 2094 bitaturum
984 2024 1290 2096 arbitror.
1314 2022 1502 2095 Illud
1522 2043 1758 2094 tamen
1783 2043 1850 2095 et
1861 2021 2130 2124 judicio
2151 2048 2296 2094 non
2315 2021 2660 2114 alienum,

574 2160 641 2212 et
684 2140 1051 2212 affectibus
1096 2141 1275 2214 meis
1324 2139 1790 2212 necessarium
1833 2159 1932 2212 est
1986 2140 2261 2231 dicere,
2319 2159 2660 2238 quantum

574 2253 998 2328 maleficium
1040 2253 1145 2326 sit.
1193 2253 1738 2354 Diligentissime
1783 2254 2076 2356 majores
2117 2253 2299 2327 hanc
2337 2254 2664 2327 videntur

574 2369 979 2469 excogitasse
1008 2364 1271 2469 legem,
1296 2370 1520 2469 quod,
1556 2397 1781 2470 quum
1813 2371 2066 2444 scirent
2097 2369 2366 2443 nullam
2401 2391 2664 2443 tantam

562 2512 719 2559 ‘esse
747 2485 1231 2585 prudentiam,
1267 2486 1594 2557 nullam
1574 2512 1796 2559 immo
1825 2505 1984 2559 tam
1998 2508 2255 2559 certam
2291 2487 2666 2559 divinatio-

574 2626 741 2672 nem
762 2655 781 2689 ,
816 2620 897 2672 ut
924 2599 1167 2671 omnia
1198 2621 1660 2696 quaecumque
1695 2598 1995 2697 ingeniis
2023 2598 2371 2671 malorum
2401 2601 2668 2699 excogi-

573 2713 698 2786 tari
758 2739 1076 2814 unquam
1118 2710 1538 2813 potuissent,
1571 2712 2000 2811 providentia
2031 2714 2430 2785 caventium
2469 2715 2664 2786 vide-

575 2848 703 2901 ret:
724 2827 855 2901 hac
872 2831 1023 2927 lege
1037 2817 1337 2901 ‘omnem
1358 2824 1726 2915 malitiam,
1747 2825 1961 2899 veluti
1979 2825 2283 2925 quadam
2307 2827 2664 2927 indagine,

574 2943 938 3016 cinxerunt
957 2999 977 3033 ,
1010 2966 1091 3016 ut
1116 2942 1465 3043 quidquid
1497 2942 1792 3015 aliarum
1823 2941 2062 3041 legum
2095 2943 2453 3040 effugisset
2479 2945 2670 3016 auxi·

572 3047 755 3127 lium
785 3112 804 3149 ,
856 3055 1053 3153 quasi
1100 3056 1514 3129 extrinsecus
1561 3055 2122 3128 circumdaretur.
2177 3058 2324 3154 Ego
2372 3078 2614 3130 autem
2645 3116 2665 3148 ,

568 3171 877 3272 judica,
920 3198 1065 3244 non
1100 3171 1187 3243 de
1228 3172 1374 3263 his,
1427 3173 1550 3272 qui
1585 3172 1762 3244 hanc
1802 3171 2030 3268 legem
2065 3174 2668 3271 conscripserunt,

576 3288 697 3361 sed
740 3288 825 3361 de
870 3290 1019 3387 ipsa
1061 3315 1297 3363 rerum
1337 3288 1636 3361 natural*
1677 3289 1969 3385 queror?
2015 3290 2088 3361 in
2139 3291 2305 3390 ipsis
2353 3286 2668 3391 inscripti

654 3502 698 3535 ι.
730 3486 917 3559 Neque
940 3486 1097 3538 enim.
1120 3488 1287 3557 Lege:
1329 3508 1351 3533 α
1371 3486 1578 3538 Etenim
1727 3482 1778 3537 3.
1809 3488 1932 3555 Quoe
1961 3488 2286 3559 scripserunt.
2318 3488 2507 3554 Forte,
2551 3506 2671 3561 quoe

584 3584 607 3611 α
625 3562 731 3616 hoc
777 3562 925 3635 quod
958 3564 1083 3617 dicit
1112 3568 1234 3637 jus,
1279 3578 1576 3637 raptorem,
1641 3568 1738 3637 jus
1757 3566 2082 3635 scripserunt.
2109 3566 2326 3618 Senum.

583 3667 606 3690 κ
626 3657 727 3697 etc.
758 3646 807 3696 ei
838 3644 995 3697 solvis
1028 3647 1123 3717 qui
1153 3646 1296 3698 dicat
1324 3649 1578 3717 rapuisti,
1729 3646 1777 3711 4.
1809 3646 2000 3696 Rerum
2025 3658 2231 3699 natura.
2273 3648 2396 3699 Non
2426 3644 2516 3697 hie
2543 3648 2670 3718 capi

583 3750 605 3774 ι
626 3745 735 3778 non
763 3728 812 3778 ei
837 3728 928 3798 qui
952 3726 1117 3793 dicat,
1146 3740 1411 3799 raptorem
1441 3747 1579 3781 sum-
1657 3739 1863 3797 potest,
1883 3742 1942 3778 ut
1964 3728 2123 3797 vulgo
2145 3728 2305 3794 solet,
2332 3726 2425 3780 sed
2445 3726 2514 3779 de
2537 3746 2674 3780 con·

584 3827 606 3850 α
626 3807 839 3872 misisti,
858 3824 957 3859 nec
980 3808 1029 3858 ei
1053 3810 1146 3880 qui
1166 3806 1339 3873 dicat,
1366 3808 1582 3860 comitia
1660 3806 1859 3860 ditione
1895 3823 1947 3861 et
1985 3824 2172 3861 natura
2202 3810 2479 3861 criminum
2492 3848 2510 3875 ,
2551 3828 2674 3881 quae

585 3908 607 3929 u
626 3884 881 3950 turbasti,
907 3904 1010 3938 nec
1039 3889 1085 3939 ei
1110 3890 1199 3958 qui
1216 3886 1384 3953 dicat,
1408 3904 1580 3939 sacer-
1657 3888 1772 3959 lege
1803 3889 1870 3941 de
1905 3892 2166 3981 inscriptis
2191 3888 2674 3961 comprehendun-

584 3984 607 4008 α
627 3963 831 4017 dotium
856 3964 1177 4019 abstulisti.-
1208 3964 1423 4018 Senum-r.
1656 3980 1747 4020 tur
1757 3967 1964 4041 ,quod
1951 3989 2004 4021 in
2025 3971 2258 4022 omnium
2282 3972 2672 4040 inscriptorum

654 4044 788 4095 2ss1·
804 4044 957 4103 solvis
972 4046 1066 4121 qui
1088 4046 1239 4100 dicat.
1260 4042 1450 4101 Solver-
1475 4042 1581 4098 edi·
1659 4047 2035 4101 maleficiorum
2050 4067 2167 4101 reos
2180 4046 2364 4100 eadem
2381 4048 2492 4101 fere
2503 4066 2672 4121 poena

582 4120 751 4175 tiones
770 4121 896 4175 aliie.
1194 4176 1215 4189 „
1660 4125 1726 4175 sit
1769 4130 2071 4181 constituta.
2113 4128 2195 4179 An
2235 4126 2520 4199 legendum
2536 4165 2553 4195 ,
2605 4128 2676 4181 de
