2855 4871
612 418 740 501 548
1191 415 1721 479 CALPURMI
1768 415 2114 482 FLAcm

608 540 823 641 cepit:
851 536 1143 638 perinde
1166 550 1185 582 ¹
1212 538 1636 610 beneficium
1675 538 2077 611 hereditatis
2121 538 2266 611 filio
2307 540 2548 630 datur,
2593 567 2704 639 pa·

605 679 808 731 trono
850 656 1180 728 redditur.
1220 655 1558 727 Addictus
1602 681 1969 754 nunquam
2011 678 2237 757 sperat
2268 656 2700 730 libertatem:

606 772 1042 872 negligenter
1088 770 1280 842 enim
1332 790 1400 842 et
1447 772 1948 843 contumaciter
1993 772 2198 843 servit
2217 830 2236 864 ‚
2289 774 2412 872 qui
2457 772 2702 845 servire

607 915 750 960 non
776 888 986 959 novit.
1010 885 1207 977 Quid
1238 885 1412 958 mihi
1435 884 1916 958 abdicatorum
1947 886 2229 988 objicies
2255 886 2533 986 legem?
2556 915 2698 987 ego,

602 1003 657 1075 si
686 1002 881 1100 quasi
919 1001 1102 1075 filius
1132 1000 1496 1101 experirer,
1527 1001 1777 1073 merito
1808 1022 1884 1073 ut
1913 1001 2270 1074 abdicatus
2299 1001 2697 1101 expellerer.

603 1120 779 1189 Utor
803 1116 1073 1215 patroni
1104 1114 1402 1204 actione,
1436 1140 1579 1185 non
1610 1113 1770 1186 filii:
1801 1114 1974 1213 quid
2003 1114 2241 1186 enim?
2265 1116 2323 1186 si
2354 1142 2500 1187 non
2537 1138 2699 1189 esset

600 1230 1113 1316 manumissus,
1156 1228 1519 1328 peculium
1565 1228 1737 1299 servi
1781 1230 1924 1299 mei
1969 1228 2272 1328 peteres?
2303 1231 2558 1329 Specta
2596 1230 2694 1302 de-

594 1344 817 1416 functi
848 1342 1358 1431 conditionem,
1382 1366 1535 1436 quae
1573 1339 1711 1412 fuit
1734 1341 1974 1412 mortis
2003 1362 2346 1441 tempore,
2376 1370 2530 1414 non
2559 1370 2696 1442 quae

604 1456 986 1557 aliquando
1012 1456 1360 1557 praecessit.
1390 1454 1662 1527 Sistitur
1678 1456 1935 1528 venalis
1956 1477 2170 1555 pater,
2203 1484 2347 1529 non
2374 1472 2403 1503 ²
2436 1460 2698 1530 festinat

600 1574 724 1647 hic
758 1575 987 1645 bonus
1030 1570 1257 1645 filius?
1298 1598 1441 1643 non
1484 1571 1790 1669 denique
1829 1573 2114 1663 metuit,
2149 1599 2238 1645 ne
2275 1574 2490 1646 illum
2529 1576 2694 1647 redi-

603 1711 753 1762 mat
780 1688 1178 1763 abdicatus?
1212 1686 1399 1759 filius
1431 1686 1768 1758 incolumi
1797 1686 2124 1785 dignitate
2159 1715 2302 1760 non
2335 1690 2566 1788 potuit
2595 1716 2694 1761 ex-

604 1801 862 1903 plicare
884 1800 938 1893 ³,
970 1821 1318 1900 quantum
1343 1798 1697 1871 abdicatus
1722 1800 2071 1899 explicuit.
2101 1801 2396 1891 Quoties
2419 1829 2492 1874 se
2515 1825 2696 1903 pater

685 2008 728 2042 1.
762 1989 1002 2043 Perinde.
1043 1986 1275 2042 Proinde
1310 1986 1617 2060 beneficium

609 2067 904 2121 hereditatis
913 2064 1040 2140 filio
1064 2068 1237 2131 datur,
1259 2077 1482 2137 patrono
1509 2064 1617 2116 red-

607 2147 764 2200 ditur.
790 2148 935 2197 Ριτιι.
958 2146 1129 2214 Lego,
1149 2143 1366 2216 perinde
1390 2156 1451 2195 ut
1471 2142 1616 2195 bene-

592 2226 785 2301 ficium
806 2250 821 2277 .·
853 2240 943 2279 aut
972 2226 1195 2297 proinde
1221 2244 1321 2297 pro
1350 2226 1516 2297 igitur
1536 2222 1618 2275 le-

606 2304 873 2375 gendum:
922 2320 1029 2373 quo
1078 2321 1179 2355 usu
1225 2304 1472 2374 frequens
1520 2314 1613 2355 est.

608 2388 827 2440 Senum
858 2382 1087 2437 Proinde
1110 2382 1275 2435 edidit
1298 2382 1552 2437 Obrecht.

680 2483 730 2518 2.
758 2464 885 2517 Non
906 2462 1147 2535 festinat.
1170 2461 1270 2512 Vel
1302 2460 1617 2532 legendum,

610 2564 773 2610 num,
805 2543 887 2596 vel
920 2540 1156 2594 delendae
1189 2541 1617 2641 interrogationis

611 2638 770 2678 notae.
795 2623 1032 2675 Gnouov.

682 2707 733 2759 3.
760 2701 923 2756 Filius
949 2701 1208 2755 incolumi
1232 2701 1485 2774 dtqnitate
1511 2719 1618 2752 non

608 2786 789 2860 potuit
821 2781 1112 2854 explicam,
1151 2794 1250 2833 ete.
1294 2778 1619 2831 incolumem

611 2865 921 2934 dignitatern
934 2859 1059 2936 liic'
1046 2861 1132 2912 isti
1150 2858 1257 2911 filio
1274 2859 1590 2948 pronunciat
1601 2893 1620 2924 ‚

616 2942 762 3013 quod
804 2937 1151 2992 abdicationis
1185 2938 1471 3010 ignominia
1511 2954 1619 2987 non

614 3034 695 3072 est
720 3031 969 3070 notatus:
1000 3014 1357 3083 Quintilianus
1386 3013 1616 3066 Declam.

614 3098 791 3150 CCL-X
814 3095 881 3146 de
906 3092 1194 3145 abdicatis:
1228 3117 1249 3140 ιι
1270 3093 1407 3146 Illud
1433 3111 1620 3164 parum

616 3203 643 3242 ,α
662 3190 743 3230 est
777 3176 949 3226 notari
984 3173 1239 3226 infamia?
1266 3173 1397 3226 illud
1433 3191 1623 3245 parum

621 3283 645 3306 a
664 3269 770 3322 est,
794 3251 1023 3307 exsulem
1048 3270 1163 3305 esse
1182 3252 1371 3305 domus
1392 3272 1525 3318 suae,
1544 3253 1622 3304 la-

620 3361 644 3384 en
664 3340 801 3390 rium
834 3333 1088 3386 suorum?
1107 3356 1129 3378 ιι
1167 3333 1348 3402 Nepos
1380 3330 1449 3382 de
1479 3331 1622 3384 The·

618 3414 855 3468 mistocle
886 3412 1025 3464 illius
1056 3413 1111 3461 in
1142 3411 1251 3461 vita
1278 3409 1347 3460 ad
1373 3411 1617 3461 initium:

621 3521 646 3545 ι
666 3499 844 3564 Quum
872 3495 1045 3545 minus
1072 3491 1329 3564 probatus
1358 3504 1495 3543 esset
1527 3510 1622 3564 pa-

626 3599 649 3623 a
668 3573 939 3637 rentibus,
971 3571 1117 3642 quod
1148 3571 1361 3624 liberius
1385 3571 1624 3638 vit-ebat,

596 3690 606 3701 .
623 3681 647 3703 a
668 3668 721 3708 et
748 3670 858 3704 rem
888 3649 1198 3702 familiarem
1230 3649 1560 3721 negligebat,
1591 3669 1623 3704 a

622 3755 647 3780 a
667 3743 815 3804 patre
848 3726 1193 3781 exheredatus
1226 3743 1323 3780 est.
1344 3753 1368 3776 ιι
1399 3730 1501 3781 Ubi
1535 3749 1622 3781 ex·

616 3811 925 3867 heredatum
970 3827 1069 3881 pro
1114 3807 1358 3861 abdicato
1402 3813 1582 3880 posuit
1607 3833 1618 3861 ι

620 3911 727 3962 quo
763 3887 1003 3959 exemplo
1036 3890 1192 3940 etiam
1225 3887 1444 3955 Quintil.
1476 3887 1618 3940 Decl.

616 3969 1041 4024 CCCXXXVssI:
1078 3991 1101 4014 οι
1120 3971 1231 4020 Nec
1258 3969 1490 4019 invenire
1517 3987 1622 4040 po-

624 4069 648 4094 ·
670 4061 805 4099 terat
834 4045 1001 4099 ullum
1032 4048 1231 4099 crimen
1260 4047 1317 4098 in
1346 4047 1484 4114 vita,
1513 4065 1618 4118 quo

1698 1978 2100 2041 «exheredandi
2139 2007 2372 2059 θροῦς..
2349 1989 2568 2043 nAdde
2597 1994 2692 2044 De-

1696 2065 2403 2133 clam.CGCLXX1V‚unde
2425 2088 2587 2121 causa
2609 2090 2694 2142 pa-

1699 2158 1799 2211 tet,
1817 2165 1978 2218 quare
1991 2146 2104 2200 baec
2119 2148 2480 2202 confuderint.
2489 2154 2692 2223 Dionys.

1696 2224 1864 2277 Halic.
1886 2226 1932 2276 11
1943 2244 2070 2296 ‚27‚
2089 2226 2158 2279 de
2175 2222 2482 2281 Graecorum
2505 2230 2692 2301 legibus

1699 2318 1752 2357 et
1785 2305 2243 2375 legumlatoribus:
2283 2312 2518 2362 :Poenas
2551 2314 2691 2363 etiam

1702 2388 1800 2438 cin
1845 2399 2186 2442 contumaces
2231 2388 2371 2442 filios
2413 2404 2692 2445 statuerunt

1704 2484 1852 2517 «non
1867 2483 2051 2537 graves
2063 2503 2079 2532 ‚
2091 2470 2460 2538 permittentes
2475 2471 2690 2542 patribus

1703 2542 1907 2594 -domo
1935 2563 2025 2596 eos
2049 2545 2278 2616 pellere,
2307 2561 2472 2620 atque
2495 2548 2692 2602 exhere-

1705 2619 1902 2674 «dan-e·
1890 2636 2162 2694 p3raeterea
2179 2625 2330 2680 nihil.
2353 2629 2590 2680 ..Totum
2603 2629 2691 2680 boc

1699 2714 1858 2771 caput
1876 2703 2114 2774 Dionysii
2133 2705 2178 2754 si
2197 2705 2316 2774 quis
2335 2705 2535 2772 videat,
2559 2705 2694 2758 intel-

1698 2777 1823 2849 liget
1843 2815 1860 2844 ‚
1905 2779 2172 2849 quomodo
2214 2795 2268 2833 et
2305 2796 2540 2854 paterna
2577 2802 2691 2856 opes

1697 2859 1967 2928 potuerint
1983 2877 2096 2911 esse
2112 2875 2441 2932 consumptae
2453 2863 2601 2932 (vide
2613 2863 2692 2912 fin.

1700 2931 1845 2988 Deel.
1859 2935 1880 3006 )
1913 2949 1965 2987 et
1997 2938 2198 2989 ratione
2233 2951 2414 2991 tamen
2445 2941 2568 2992 hnic
2595 2939 2692 2991 filio

1703 3015 1934 3086 objicere
1949 3017 2251 3084 abdicatus,
2269 3021 2417 3092 quod
2429 3041 2530 3073 non
2547 3020 2694 3073 rede-

1699 3097 1854 3147 merit
1865 3110 2086 3166 patrem.
2105 3099 2313 3170 Nempe
2327 3119 2435 3153 non
2449 3115 2503 3152 ut
2515 3101 2694 3152 Roma-

1701 3195 1892 3228 norum
1906 3215 1922 3244 ‚
1942 3179 2013 3228 ita
2035 3191 2087 3229 et
2100 3179 2408 3231 Graecorum
2425 3194 2697 3232 eonsuetu-

1701 3253 1823 3306 dine
1835 3293 1852 3322 ‚
1869 3274 2094 3326 quorum
2109 3257 2177 3308 ad
2193 3258 2510 3331 respublicas
2527 3273 2696 3312 retor-

1702 3334 1942 3404 quendus
1983 3335 2070 3388 hic
2113 3350 2193 3388 est
2232 3341 2437 3390 animus
2453 3377 2472 3404 ,
2507 3339 2606 3391 nbi
2637 3338 2698 3392 de

1703 3414 2034 3466 abdicatione
2055 3418 2246 3487 agitur,
2267 3417 2498 3470 filiorum
2515 3417 2697 3471 haben-

1701 3498 1771 3547 tia
1793 3495 2180 3568 intelligebatur
2195 3499 2372 3564 nulla,
2395 3503 2526 3571 quin
2547 3515 2598 3553 et
2615 3519 2698 3572 pa-

1703 3588 1908 3626 rentum
1943 3588 2106 3628 esset:
2143 3595 2241 3630 nec
2275 3579 2530 3630 continuo
2559 3581 2603 3629 si
2635 3576 2700 3630 ad

1700 3665 2070 3723 paupertatem
2111 3653 2472 3727 redigerentur
2509 3674 2700 3728 paren·

1703 3741 1780 3782 tes
1799 3768 1816 3792 ,
1857 3730 2047 3783 eodem
2085 3731 2401 3786 decidebant
2438 3733 2552 3785 filii.
2593 3735 2700 3788 Alia

1699 3811 1858 3882 plane
1880 3812 2070 3866 Graecis
2103 3831 2230 3866 suos
2261 3817 2321 3868 in
2351 3815 2584 3884 liberos,
2615 3837 2698 3870 eo·

1699 3907 1925 3960 rumque
1975 3893 2026 3942 in
2072 3891 2213 3945 bona
2233 3931 2251 3959 ,
2297 3908 2538 3966 potestas
2587 3897 2694 3948 fuit.

1699 3972 2034 4042 Quamquam
2044 3973 2434 4027 inconsiderate
2443 3977 2570 4028 satis
2585 3995 2698 4028 con·

1699 4051 1914 4100 trarium
1925 4049 2289 4104 Gothofredus
2303 4065 2506 4105 statuat
2517 4053 2588 4105 ad
2602 4052 2634 4104 l.
2649 4055 2694 4111 3,

626 4149 647 4170 ι-
669 4123 1025 4176 abdicaretur:
1042 4125 1311 4178 inventum
1328 4137 1405 4178 est
1422 4131 1618 4178 novum
1698 4127 1763 4178 D.
1784 4126 1849 4180 de
1861 4129 1954 4180 His
1965 4129 2054 4200 qui
2067 4129 2242 4184 suivel
2257 4128 2418 4184 alien.
2427 4134 2540 4203 jur.
2557 4145 2690 4196 sunt,
