2855 4871
576 436 699 517 248
1074 427 1167 495 Μ.
1214 428 1468 494 FABn
1513 428 2156 513 QUINTILIANI

574 574 641 626 et
680 552 863 625 male
896 572 1129 624 tecum
1171 550 1432 649 agitur3
1469 551 1728 651 nuptiae
1760 574 1961 640 sunt,
1999 551 2086 624 de
2119 550 2376 649 quibus
2403 550 2638 651 litigas.

570 672 912 741 Fecerunt
952 666 1270 768 judices,
1317 667 1506 765 quod
1556 688 1869 765 parentes
1917 668 2128 740 nostri
2177 668 2534 740 fecissent:
2571 668 2642 739 id

570 783 1243 884 pronunciaverunt,
1282 781 1353 853 in
1385 808 1527 881 quo
1559 782 1780 854 victus
1813 784 2057 881 gratias
2087 803 2333 882 ageret.
2371 783 2504 856 Sed
2533 808 2642 882 spe

568 900 995 999 suspendit¹‚
1042 920 1111 971 et
1142 897 1287 969 vult
1314 897 1528 970 videri
1573 924 1766 971 nunc
1805 924 2084 998 quoque
2127 900 2428 990 factura,
2471 898 2644 998 quod

564 1015 767 1087 fecit:
806 1015 860 1086 si
893 1014 1315 1086 beneficium
1338 1014 1492 1085 vitoe
1521 1034 1823 1112 repetere
1849 1014 1946 1085 vis
1965 1072 1985 1103 ‚
2011 1013 2298 1099 dedisti:
2335 1040 2482 1085 non
2511 1038 2644 1112 pos-

566 1156 723 1201 sum
749 1129 908 1228 plus
936 1128 1187 1200 debere
1204 1185 1223 1215 ‚
1248 1128 1305 1199 si
1332 1128 1604 1227 repetis.
1627 1128 1866 1218 Quam
1887 1149 2120 1199 autem
2147 1154 2430 1200 causam
2451 1126 2646 1197 habes

568 1244 977 1317 renovandae
1002 1242 1337 1341 optionis,
1368 1246 1423 1314 si
1453 1264 1780 1344 optatura
1804 1244 2087 1342 nuptias
2111 1244 2221 1315 es?
2247 1243 2303 1315 si
2327 1241 2644 1315 vindicari

564 1361 663 1432 vis
698 1386 741 1431 a
782 1386 895 1431 me
925 1378 1158 1449 metu,
1188 1358 1435 1430 timui:
1476 1360 1531 1430 si
1573 1360 1794 1458 rogari
1821 1359 1958 1449 viS,
1997 1384 2201 1457 rogo:
2241 1380 2308 1431 et
2335 1385 2504 1458 rogo
2541 1384 2648 1457 per

566 1477 755 1547 illam
792 1475 1235 1547 clementiam
1274 1496 1471 1548 tuam
1499 1504 1516 1548 :
1551 1504 1716 1576 rogo
1749 1477 1894 1578 jam
1927 1498 2294 1576 tamquam
2329 1476 2644 1547 maritus:

564 1612 635 1663 et
658 1591 1005 1690 intelligo,
1031 1612 1173 1663 tota
1194 1590 1371 1663 mihi
1388 1592 1528 1666 vita
1555 1592 1686 1666 hoc
1712 1592 2064 1693 agendum
2081 1648 2100 1681 ,
2129 1613 2206 1664 ut
2223 1591 2647 1663 satisfaciam.

564 1852 618 1873 νδ

1398 1850 2650 1874 wmmmmmmm

1433 2035 1794 2113 CCCX.

1055 2267 1278 2338 Fortis
1308 2263 1405 2337 bis
1435 2264 1759 2339 adulterii
1783 2265 2165 2339 damnatus.

560 2471 665 2530 B1s
704 2490 1032 2531 Anum-nnn
1070 2490 1343 2534 non-rus
1380 2490 1820 2532 muommosus
1867 2492 1976 2531 srr.
2018 2472 2282 2532 Notatus
2333 2471 2657 2546 adulterii,

642 2567 885 2629 fortiter
912 2569 1087 2644 fecit,
1121 2569 1272 2652 petit
1305 2570 1544 2650 praemii
1581 2570 1870 2642 nomine,
1905 2583 1974 2627 ut
2003 2570 2224 2628 iterum
2255 2583 2658 2630 accusaretur.

641 2669 1025 2750 Impetravit:
1053 2683 1368 2729 accusatus
1386 2682 1476 2728 est
1495 2669 1749 2741 iterum,
1771 2681 1834 2728 et
1851 2667 2198 2729 damnatus.
2223 2669 2466 2730 Dicitur
2489 2671 2660 2749 igno-

644 2767 966 2828 miniosus.
993 2768 1060 2828 C.
1090 2767 1165 2826 D.

1259 2936 1960 3004 DECLAMATIO.

664 3093 951 3182 Quanta
990 3092 1249 3190 gratia²
1281 3115 1636 3193 prematur
1671 3092 1746 3165 in
1785 3095 1968 3183 foro,
2018 3120 2235 3193 quam
2267 3092 2664 3192 impudenti

561 3205 915 3279 calumnia
956 3207 1407 3281 inimicorum
1450 3237 1736 3283 snorum
1782 3230 2092 3298 vexetur,
2142 3230 2209 3282 et
2245 3207 2380 3281 hoc
2423 3209 2662 3310 ipsum

546 3322 907 3423 judicium
936 3345 1349 3422 argumento
1380 3346 1520 3398 est:
1549 3325 1908 3416 videlicet,
1939 3345 2402 3398 contemnunt
2421 3323 2665 3398 homi·

561 3463 724 3508 nem
772 3437 1188 3530 militarem,
1224 3439 1405 3511 nihil
1449 3439 1684 3513 minus
1730 3467 1942 3539 quam
1987 3439 2229 3512 litibus
2270 3439 2662 3511 idoneum:

555 3609 675 3661 gas,
704 3589 799 3642 sed
826 3593 1021 3661 nuptia
1044 3590 1343 3663 displicent.
1374 3595 1556 3646 AEnon.
1719 3611 1766 3646 a.
1794 3595 2006 3664 Quanta
2021 3593 2210 3669 qratia.
2237 3594 2504 3664 Quantum
2521 3629 2540 3656 ,
2566 3593 2666 3646 La-

632 3686 675 3720 ¹.
708 3667 811 3720 Sed
837 3685 925 3739 spe
956 3669 1232 3740 suspendit.
1267 3674 1446 3724 Potest
1479 3674 1561 3724 in-
1641 3675 2124 3744 tinius.—Qmmta
2143 3674 2261 3746 quic
2273 3675 2472 3748 qratia,
2491 3673 2667 3726 Fran-

554 3747 715 3818 telligi
729 3785 745 3812 ‚
764 3765 861 3798 me.
884 3745 989 3798 Sed
1008 3746 1176 3813 malo,
1198 3767 1339 3820 spem
1358 3767 1562 3821 suspen-
1640 3755 1752 3806 cius
1767 3775 1781 3816 ;
1797 3753 1958 3804 male:
1975 3771 2096 3804 uam
2113 3751 2225 3804 hec
2240 3751 2310 3803 ad
2323 3753 2522 3803 fortem
2537 3767 2666 3824 ape·

552 3829 661 3892 dit,
686 3839 741 3878 et
763 3823 1053 3896 intelligere
1076 3845 1263 3878 meam.
1292 3829 1463 3880 Gnou.
1489 3858 1562 3868 —
1641 3845 1802 3884 etant.
1815 3831 2562 3884 Buff-fomutoeinimicieiae.
2577 3835 2668 3886 δίο

555 3909 609 3962 V
608 3909 649 3962 is
668 3928 701 3960 a
725 3925 808 3960 nne
831 3917 987 3959 metu.
1022 3908 1074 3960 V
1072 3908 1112 3959 is
1136 3931 1170 3960 α
1198 3929 1279 3960 me
1292 3951 1309 3977 ,
1340 3923 1558 3964 mortem
1641 3911 2053 3977 Demosthenes,
2077 3914 2186 3964 Nu
2218 3910 2376 3978 qoam
2400 3909 2480 3963 ui
2500 3913 2666 3982 ypatus*

554 3987 705 4042 timui
724 4025 741 4051 ‚
774 3985 956 4038 AErod.
991 4017 1063 4028 —
1100 3988 1245 4061 Royo
1270 3991 1391 4060 jam
1431 4001 1562 4041 tam-
1643 3989 1722 4042 a«)
1762 3989 1818 4042 in
1845 3993 2112 4062 ωριονοίις
2146 3991 2430 4062 κατηγορεῖν.
2471 3995 2666 4047 AEnon.

550 4083 727 4136 quam.
750 4067 1045 4138 Roqojam,
1068 4067 1270 4139 inquit,
1294 4079 1560 4140 tamquam
1645 4071 1788 4140 Quin
1799 4071 2068 4142 ,βο-Μαῖα.
2092 4089 2190 4132 an,
2201 4071 2462 4143 formuloe
2483 4083 2536 4123 et
2557 4073 2669 4125 ini-

550 4163 621 4196 m.
648 4145 943 4216 Schulting.
972 4145 1041 4198 ad
1064 4149 1247 4200 Senee.
1272 4167 1326 4220 p.
1356 4149 1475 4220 ²59·
1637 4148 1884 4202 micitia?
1901 4167 1995 4218 an,
2007 4149 2262 4223 fomuloe
2283 4149 2666 4202 inimieorum?
