2855 4871
436 375 1279 448 DECLAMATIONES.
1326 375 1929 444 cccxxxvlll.
2106 381 2232 448 383

128 523 333 574 erunt
344 555 361 586 ,
384 523 503 570 aut
516 506 779 580 nostris,
794 522 913 570 aut
928 503 1454 570 adversariorum
1466 518 1509 583 ¹,
1530 522 1645 570 aut
1659 505 1954 593 ipsorum
1969 505 2238 572 interim

116 610 473 702 judicum:
508 611 781 690 nostriS,
810 608 893 675 ad
927 606 1415 675 conciliandum
1453 609 1790 675 favorem:
1827 608 2238 678 adversario-

130 741 319 798 rum,
354 717 443 784 ad
476 715 701 782 odium
730 715 943 807 judici
978 714 1355 782 faciendum
1391 736 1660 796 eorum,
1695 733 1922 782 contra
1945 741 2112 808 quos
2142 716 2240 782 di-

128 825 370 889 cimus.
394 825 433 888 J
442 821 709 888 udicum
736 844 1037 911 personae
1062 845 1210 887 raro
1235 820 1540 887 incidunt
1565 823 1634 886 in
1659 823 2078 891 scholasticas
2105 847 2240 890 ma-

130 931 373 1009 terias,
412 929 481 994 in
520 930 666 994 foro
704 929 1126 1018 frequenter:
1166 951 1648 1018 nonnunquam
1691 931 1885 994 etiam
1922 930 2006 996 de
2040 930 2240 996 rebus

128 1037 546 1126 permittitur
598 1033 820 1101 dicere
868 1035 1060 1100 nobis
1081 1083 1100 1114 ,
1142 1034 1255 1099 illa
1306 1035 1561 1099 ratione
1582 1084 1600 1113 ,
1646 1037 1802 1124 quia
1852 1036 2244 1102 scholastica

128 1145 587 1209 controversia
608 1143 1092 1231 complectitur,
1118 1140 1448 1232 quidquid
1474 1142 1542 1206 in
1567 1143 1714 1208 foro
1735 1143 1876 1207 fieri
1900 1162 2138 1232 potest.
2165 1146 2242 1210 In

128 1253 289 1317 foro
323 1253 723 1343 prooemium
756 1249 1115 1342 aliquando
1146 1249 1413 1316 ducitur
1441 1273 1519 1315 ex
1548 1250 1823 1332 rebus²;
1867 1252 1920 1316 si
1945 1252 2082 1344 jam
2115 1253 2248 1316 sin-

130 1358 311 1446 gulae
344 1357 637 1424 actiones
670 1357 1029 1446 propositae
1064 1357 1227 1433 sint,
1258 1356 1399 1446 jam
1427 1377 1693 1420 causam
1722 1355 1931 1448 judex
1963 1357 2244 1420 noverit.

128 1463 319 1548 Quid
349 1466 551 1554 ergo?
568 1467 721 1554 jure
747 1464 1024 1529 facimus
1054 1461 1266 1540 istud,
1294 1485 1431 1552 quo
1457 1461 1619 1526 illud
1652 1465 1850 1527 etiam
1871 1513 1887 1544 ,
1917 1479 1995 1527 ut
2020 1483 2247 1527 narre-

132 1595 289 1636 mus
314 1571 383 1636 in
406 1571 645 1638 iisdem
668 1569 1311 1647 Declamationibus,
1351 1585 1419 1635 et
1453 1567 2010 1635 contradictiones
2041 1591 2248 1657 pona-

130 1701 291 1742 mus
328 1675 571 1742 etiam3
602 1699 641 1742 a
667 1678 995 1766 petitore?
1020 1673 1218 1758 Quod
1248 1674 1387 1766 jam
1416 1673 1487 1739 in
1523 1676 1673 1740 foro
1708 1697 1843 1740 non
1879 1673 2250 1740 secundum

130 1805 371 1848 meum
406 1785 755 1850 consilium
793 1784 947 1850 fiet:
987 1784 1043 1850 is
1083 1784 1199 1874 qui
1235 1785 1455 1870 primo
1491 1783 1641 1848 loco
1679 1781 1888 1863 dicet,
1932 1799 1999 1847 et
2040 1797 2252 1870 ponet

130 1912 407 1956 causam
424 1939 443 1970 ,
474 1889 1065 1957 contradictionem
1094 1891 1236 1978 ipse
1260 1912 1397 1954 non
1422 1907 1676 1970 sumet,
1701 1889 1908 1955 nisisi
1939 1909 2090 1980 quae
2117 1905 2252 1954 tes-

129 1997 429 2062 tationes
466 1999 925 2088 praecesserint
962 1998 1167 2088 partis
1190 1995 1485 2062 adversae
1504 2045 1522 2078 ,
1551 2012 1626 2060 ut
1657 2013 1948 2083 exeeptae
1983 1995 2252 2060 fuerint.

134 2107 217 2170 In
242 2129 536 2186 summa,
566 2129 909 2198 nunquam
933 2106 1059 2171 erit
1075 2103 1620 2171 contradictionis
1641 2103 1792 2169 loco
1816 2099 2254 2182 sumendum,

132 2211 330 2302 quod
361 2211 775 2278 adversarius
804 2213 1105 2280 dicturus
1140 2211 1381 2292 fuerit,
1425 2209 1544 2275 sed
1585 2210 1770 2300 quod
1813 2209 2073 2275 dixerit.
2102 2211 2254 2274 Non

216 2355 263 2389 1.
278 2337 389 2390 Aut
402 2339 597 2392 advers.
608 2339 716 2411 Αιᾳ
731 2339 957 2405 omittit,
976 2340 1155 2390 Burm.
1239 2351 1442 2386 morem
1473 2351 1587 2386 esse
1611 2331 2074 2386 Declamatoribus
2097 2353 2110 2381 ε
2142 2353 2164 2378 α
2185 2333 2256 2383 Ut

212 2434 263 2469 a.
294 2417 615 2470 Prooemium
642 2417 931 2491 aliquando
955 2417 1165 2470 ducitur
1246 2442 1269 2465 ι
1290 2418 1466 2469 statim
1494 2430 1618 2489 post
1648 2415 1957 2481 exordium,
1991 2415 2254 2466 narratio-

134 2516 203 2549 ex
223 2498 389 2549 rebus.
416 2498 905 2564 -Benevoleutiam,
925 2500 1013 2565 lv,
1041 2516 1087 2563 ι,
1106 2497 1157 2559 6,
1248 2523 1271 2546 ι
1292 2516 1411 2550 nem
1446 2496 1787 2569 subjungant.
1822 2496 1954 2548 Inde
1979 2496 2064 2549 his
2094 2498 2254 2547 etiam

140 2604 165 2625 ι
188 2593 285 2631 aut
328 2597 359 2629 a
395 2580 639 2649 personis
674 2580 917 2633 ducimus
936 2618 953 2647 ,
992 2592 1083 2630 aut
1126 2596 1159 2629 a
1244 2605 1267 2631 α
1288 2580 1387 2633 alia
1415 2580 1664 2647 libertas,
1687 2592 1748 2631 ut
1775 2580 1829 2631 in
1859 2576 2046 2631 eadem
2075 2576 2256 2628 decla-

142 2682 165 2702 ιι
189 2658 371 2708 causis
405 2660 712 2729 accipimus.
736 2684 757 2707 κ
786 2660 849 2710 Et
874 2659 909 2710 l.
936 2677 983 2711 c.
1006 2658 1054 2727 S.
1083 2656 1115 2708 3
1141 2676 1153 2707 :
1245 2686 1267 2711 οι
1287 2663 1522 2713 motione
1563 2662 1794 2733 primum
1840 2677 1940 2711 suo
1960 2696 1976 2725 ,
2019 2656 2256 2709 secundo

140 2760 165 2781 κ
184 2737 507 2807 Vitioseque
552 2740 607 2789 in
654 2737 850 2792 scholis
890 2738 1116 2789 facimus
1139 2774 1157 2803 ‚
1244 2768 1267 2791 ι
1288 2746 1441 2816 quasi
1469 2746 1634 2815 partis
1665 2760 1770 2794 suae
1796 2740 1921 2793 loco
1942 2756 2156 2791 narrare
2181 2739 2256 2789 vi-

140 2838 165 2863 ·
188 2815 345 2885 q¹¹⁰d
371 2815 589 2867 0¹⁰¹·ffi0
614 2834 822 2888 Semper
845 2818 920 2871 8ἰο
944 2817 1161 2877 utimur,
1245 2847 1268 2873 ι
1286 2824 1530 2877 deantur.
1553 2826 1692 2877 Nam
1712 2838 1878 2895 quum
1901 2837 2002 2893 pro
2027 2821 2256 2893 petitore

141 2918 164 2939 a
188 2894 351 2963 quasi
373 2911 587 2945 causam
610 2893 774 2963 judex
796 2898 908 2963 jam
937 2894 1157 2944 noverit.

140 3000 163 3021 .-
184 2976 363 3046 Cujus
400 2976 480 3027 rei
524 2974 735 3026 licentia
782 2994 845 3027 ex
890 2974 997 3025 hoc
1044 2986 1121 3025 est
1143 3010 1161 3039 ,

142 3080 167 3103 ι
188 3054 351 3127 quod
372 3068 498 3107 ante
514 3054 955 3107 declamationem
972 3054 1064 3107 illa
1080 3072 1165 3106 ve-

142 3160 167 3183 c
188 3138 275 3189 lut
306 3138 486 3207 imago
511 3137 617 3189 litis
640 3140 941 3208 exponitur.
973 3136 1074 3190 Sed
1107 3138 1161 3188 in

136 3240 165 3293 g
188 3216 323 3267 foro
380 3232 597 3286 quoque
654 3218 965 3285 contingere
1020 3212 1163 3269 istud

140 3322 166 3345 a
188 3298 585 3370 principiorum
598 3316 795 3367 genus,
812 3296 1059 3351 secundis
1076 3314 1165 3349 ac-

142 3404 167 3427 ·
190 3378 439 3433 tionibus
474 3393 685 3452 potest:
731 3381 915 3452 primis
948 3378 1165 3451 quidem

142 3483 167 3507 ιι
188 3476 323 3511 raro
342 3494 361 3523 ‚
406 3472 499 3511 ant
541 3476 847 3530 nunquam,
883 3460 987 3511 nisi
1028 3461 1167 3511 forte

141 3564 167 3588 ι
190 3538 351 3611 apud
374 3558 531 3605 eum,
564 3540 653 3591 cui
684 3558 769 3593 res
810 3538 1025 3593 aliunde
1056 3543 1171 3611 jam

141 3644 167 3669 ι
190 3632 333 3671 nota
361 3620 457 3685 sit,
480 3616 772 3671 dicamus.»
792 3618 1169 3672 AEnom--Jam

132 3718 386 3753 causam.
400 3699 453 3751 E
458 3710 476 3750 t
475 3701 598 3770 jam
614 3716 877 3770 causam-1
896 3718 949 3751 n.
964 3696 1169 3751 Schult-

1246 2926 1268 2951 ο.
1290 2902 1503 2969 dicunt,
1520 2903 1676 2955 simul
1692 2916 1744 2954 et
1761 2902 2114 2973 expositione,
2129 2914 2262 2951 tam·

1248 3005 1271 3029 ι
1294 2998 1452 3052 quam
1471 2982 1619 3052 prius
1641 2994 1800 3051 agant
1819 2978 1979 3050 (nam
1998 2976 2260 3031 declama-

1248 3083 1270 3108 «
1294 3061 1365 3112 tio
1378 3096 1399 3127 ,
1410 3078 1520 3113 non
1535 3078 1662 3111 vera
1677 3060 1816 3113 actio
1833 3058 1948 3131 est)
1961 3060 2040 3111 uti
2051 3057 2224 3111 nolent
2242 3078 2254 3108 :

1249 3162 1271 3187 ι
1290 3153 1345 3191 et
1366 3137 1824 3205 contradictione,
1853 3152 2126 3209 tamquam
2149 3154 2262 3191 res-

1249 3240 1271 3265 «
1294 3217 1595 3289 pondeant:
1613 3236 1788 3291 neque
1803 3216 1857 3269 id
1875 3217 1931 3269 fit
1946 3234 2058 3269 non
2071 3230 2215 3269 recte
2231 3236 2254 3265 n

1244 3296 1351 3369 (ita
1392 3299 1534 3349 enim
1575 3296 1734 3369 lego)
1776 3314 1946 3347 «nam
1987 3314 2152 3368 quum
2193 3296 2262 3349 sit

1253 3398 1275 3421 ι
1297 3374 1655 3444 Declamatio,
1677 3376 1974 3429 forensium
1993 3377 2262 3429 actionum

1238 3452 1277 3505 ἰι
1298 3458 1594 3524 meditatio,
1607 3476 1705 3511 cur
1717 3476 1829 3511 non
1845 3469 2129 3529 utrumque
2145 3473 2265 3527 pro-

1256 3562 1280 3587 ι
1298 3542 1443 3593 tinus
1471 3538 1652 3592 locum
1681 3540 1962 3593 exerceat?
1988 3536 2152 3607 Cujus
2180 3555 2264 3589 ras-

1257 3646 1280 3670 ·
1298 3622 1458 3675 tionis
1475 3622 1678 3693 ignari,
1693 3639 1758 3673 ex
1777 3637 1954 3685 more,
1974 3618 2064 3671 cui
2087 3635 2264 3671 assue-

1258 3724 1283 3751 e
1300 3715 1492 3755 verunt
1507 3740 1525 3769 ,
1548 3701 1682 3755 nihil
1703 3703 1759 3753 in
1783 3702 1904 3753 foro
1928 3711 2121 3771 putant
2149 3714 2264 3751 esse

218 3782 275 3833 3.
295 3778 741 3832 Conmdictiones
745 3796 1005 3849 ponamus
1014 3780 1171 3829 etiam

128 3880 245 3935 pro
256 3860 693 3933 petitore.Neque
704 3860 791 3911 hic
804 3860 954 3913 locus
970 3858 1169 3932 absque

132 3944 243 3996 illo
274 3944 485 3997 restitui
499 3980 517 4008 ,
553 3943 610 3993 in
634 3943 923 3995 Institutio.
964 3939 1057 3995 lib.
1080 3941 1175 4008 lv,

138 4044 275 4096 cap.
293 4042 357 4091 a,
384 4042 482 4095 ²9²
510 4040 686 4093 neque
712 4022 803 4075 ille
834 4020 1037 4093 absque
1068 4021 1175 4075 hoc

136 4102 312 4157 facile
330 4102 556 4172 intelligi
572 4114 771 4172 potest.
787 4102 877 4155 Ait
896 4102 1035 4154 enim
1053 4120 1176 4155 eum

1260 3806 1281 3831 ιι
1300 3782 1637 3837 mutandum.
1655 3808 1678 3833 ιο
1703 3784 1882 3836 AEnou.
1899 3812 1973 3823 —
1989 3776 2140 3850 Quod
2141 3796 2264 3851 μω

1252 3863 1307 3915 in
1324 3861 1474 3933 foro.
1507 3862 1661 3933 Quod
1690 3872 1864 3913 tamen
1895 3861 1950 3911 in
1967 3858 2114 3929 fom-
2142 3859 2262 3911 Set.

1250 3968 1323 3980 —-
1347 3941 1416 3993 Ut
1434 3954 1674 4014 exceptae.
1697 3938 1757 3991 ld
1781 3951 1888 4005 est,
1909 3949 2132 4001 notatae,
2157 3936 2266 3989 ani·

1252 4017 1554 4073 madversae.
1607 4020 1822 4071 Sonus-r.
1879 4016 1951 4067 Et
1999 4024 2222 4087 excepta
2239 4054 2264 4083 ,

1254 4098 1436 4153 AErod.
