2855 4871
548 366 672 448 540
1128 364 1663 431 CALPURNII
1711 364 2062 430 FLAC'CI

546 614 743 636 mm
752 612 2652 638 mmmmm-§mmmmm

1521 796 1674 879 XI.

1244 992 1581 1062 Damnati
1611 990 1938 1089 adoptivi.

554 1180 799 1261 Pauper
830 1188 891 1237 et
922 1176 1090 1237 dives
1122 1177 1399 1237 inimici:
1431 1178 1690 1259 pauperi
1719 1188 1840 1238 tres
1877 1176 2030 1237 filii:
2061 1178 2342 1259 quodam
2372 1190 2646 1261 tempore

632 1276 746 1334 visi
780 1286 923 1333 sunt
959 1275 1161 1333 amici.
1194 1274 1349 1333 Petit
1375 1273 1546 1334 dives
1574 1296 1612 1335 a
1643 1295 1911 1357 paupere
1939 1273 2094 1335 filios
2123 1275 2186 1335 in
2214 1276 2610 1358 adoptionem
2627 1321 2648 1349 ‚

634 1384 695 1430 et
734 1370 996 1451 accepit:
1029 1391 1191 1430 unus
1228 1374 1295 1433 in
1334 1371 1644 1432 adulterio
1681 1370 2095 1453 deprehensus
2133 1387 2256 1448 est,
2291 1386 2354 1433 et
2387 1376 2645 1444 occisus;

634 1468 791 1527 alius
812 1467 1113 1527 affectatae
1138 1468 1489 1551 tyrannidis
1513 1491 1650 1529 reus
1677 1468 1874 1529 factus
1901 1485 2024 1547 est,
2053 1484 2110 1531 et
2134 1470 2503 1547 damnatus-3
2527 1486 2646 1531 ter-

632 1566 791 1623 tium
814 1585 1050 1647 pauper
1072 1566 1327 1647 repetit:
1360 1564 1531 1625 dives
1555 1565 1945 1626 contradicit.

1214 1808 1229 1818 ,
1304 1758 1462 1806 rao
1509 1758 1903 1804 PAUPERE.

650 1882 843 1956 Nihil
864 1881 1015 1984 jam
1040 1896 1057 1927 ¹
1086 1904 1328 1982 praeter
1349 1882 1581 1956 luctus
1612 1908 1806 1955 meos
1835 1882 2109 1981 gravius
2128 1938 2148 1971 ‚
2181 1908 2398 1980 quam
2431 1880 2644 1979 quod,

555 1999 678 2071 ubi
718 1999 879 2071 odia
920 1999 1101 2070 nihil
1143 1998 1405 2089 fecere,
1449 1998 1768 2069 videatur
1809 1996 2124 2068 amicitia
2169 1996 2328 2094 plus
2367 2021 2640 2067 nocere:

556 2114 901 2214 quidquid
940 2142 1081 2187 esse
1118 2116 1350 2214 potuit
1385 2115 1462 2187 in
1498 2140 1840 2213 paupere,
1875 2133 2098 2184 totum
2131 2111 2322 2185 dives
2359 2112 2640 2211 accepit:

559 2230 679 2328 qui
726 2231 782 2300 si
826 2230 1098 2301 bonum
1146 2230 1469 2301 animum
1517 2230 1590 2300 in
1640 2229 2107 2301 adolescentes
2153 2254 2346 2299 meos
2395 2228 2646 2315 tenuit,

558 2344 737 2417 filios
761 2344 972 2415 ambo
997 2344 1452 2443 perdidimus.
1479 2348 1758 2417 Novum
1790 2344 2095 2415 audaciae
2127 2368 2347 2443 genus
2367 2398 2388 2431 ,
2413 2364 2646 2442 tyran-

557 2462 799 2536 nidem
832 2463 1113 2536 affectat
1149 2463 1474 2564 pauperis
1507 2463 1714 2534 filius,
1761 2462 2055 2535 Utinam
2090 2463 2186 2533 sic
2227 2461 2462 2532 filium
2501 2489 2648 2560 pet-

562 2581 919 2673 didissem,
948 2601 1026 2654 ut
1050 2580 1246 2679 queri
1268 2580 1354 2652 de
1374 2583 1655 2654 fortuna
1673 2580 1942 2652 liceret:
1975 2579 2201 2651 dolere
2222 2577 2495 2677 integre
2515 2605 2647 2650 non

561 2717 821 2794 potest,
864 2696 987 2794 qui
1026 2717 1313 2796 urgetur
1352 2695 1551 2768 irasci
1574 2709 1623 2765 ².
1666 2693 1822 2766 Scio
1861 2693 2103 2792 quales
2143 2691 2556 2764 habuerim:
2591 2711 2650 2761 et

565 2812 853 2884 inimico
883 2833 949 2884 et
973 2813 1164 2885 diviti
1190 2813 1462 2912 placere
1488 2830 1901 2912 potuerunt:
1933 2809 2190 2881 divitiae
2216 2807 2652 2881 ³inconstan-

642 2989 687 3028 ι.
716 2971 873 3024 Nihil
904 2983 1027 3024 tam.
1062 2976 1231 3045 Lego,
1252 2976 1386 3046 iam.
1419 2977 1570 3026 Prrn.
1659 2973 1880 3046 Urqetur
1897 2991 2004 3023 non
2027 2985 2319 3023 mutarem:
2345 2966 2646 3037 Quintilian.

562 3049 643 3102 Ita
680 3049 1001 3102 Obrechtus.
1034 3081 1107 3091 --
1144 3054 1244 3104 Ubi
1280 3054 1399 3106 odia
1437 3049 1576 3104 nihil
1652 3054 1888 3107 Declam.
1915 3053 2246 3106 CCCXXIX:
2279 3077 2301 3099 a
2323 3053 2528 3123 injurie
2545 3063 2656 3101 tan·

555 3132 750 3204 fecere.
776 3130 1067 3203 Legebam,
1085 3133 1295 3204 obfuere
1312 3157 1327 3184 .-
1348 3134 1442 3186 sed
1459 3133 1574 3186 vul·
1660 3156 1682 3179 ιι
1703 3147 1814 3185 tum
1836 3131 2024 3184 dolore
2047 3129 2386 3202 urgebamur.
2411 3154 2433 3176 υ

566 3227 749 3284 gutum
805 3231 962 3266 sensu
1016 3213 1206 3265 eodem
1260 3229 1569 3286 exponatur.
1725 3213 1776 3264 3.
1802 3213 2012 3264 Divitioe
2033 3212 2440 3264 inconstantium
2465 3210 2658 3260 animo-

567 3295 786 3346 Senum.
810 3323 881 3333 —-
909 3293 1009 3364 Qui
1025 3295 1070 3346 si
1094 3295 1283 3346 bonum
1303 3297 1570 3360 animum,
1655 3311 1790 3344 rum.
1815 3291 2052 3362 Intellige
2067 3329 2084 3358 ,
2110 3303 2248 3343 sant.
2279 3291 2480 3342 Divite-s
2509 3288 2655 3340 iasci-

568 3384 667 3424 etc.
700 3372 1003 3442 Legendum
1028 3372 1255 3437 videtur,
1276 3376 1372 3446 qui
1392 3374 1465 3425 sic
1485 3375 1574 3424 bo-
1652 3373 1800 3422 viunt
1817 3384 1869 3422 et
1885 3370 2038 3422 facile
2051 3371 2256 3422 variant
2270 3369 2494 3421 animos.
2507 3369 2656 3419 Dein·

570 3469 698 3501 uum
720 3451 959 3502 animam
990 3453 1047 3503 in
1074 3451 1416 3505 adolescentes
1439 3470 1578 3505 meos
1654 3449 1721 3502 de
1741 3449 1944 3504 scribo:
1968 3451 2134 3502 Instat
2140 3447 2268 3521 filio
2284 3448 2557 3520 pernicies,
2579 3444 2658 3496 vel

572 3529 767 3592 tenuit,
784 3526 997 3600 utfilios
1010 3530 1159 3582 ambo
1176 3531 1574 3601 perdiderimus,-
1657 3529 1784 3583 velit
1811 3531 1883 3582 ad
1911 3549 1995 3582 me
2027 3529 2216 3597 redire,
2251 3525 2337 3581 vel
2367 3526 2513 3580 nolit.
2543 3527 2656 3576 Nisi

570 3608 653 3662 vel
674 3619 931 3673 tenuerat,
943 3607 1098 3681 filios
1114 3613 1265 3665 ambo
1286 3631 1391 3666 non
1408 3613 1578 3686 perdi·
1656 3609 1986 3662 retinendum
2000 3647 2018 3676 ‚
2037 3609 2102 3659 In
2121 3627 2353 3674 summa,
2371 3604 2655 3678 pernicies.-

572 3688 827 3742 dissemus.
858 3689 1081 3742 Senum.
1659 3690 1910 3760 quoniam
1949 3688 2242 3758 fragmenta
2277 3687 2386 3738 haec
2419 3697 2574 3737 sunt:
2611 3696 2660 3736 et

648 3785 694 3818 2.
726 3767 829 3838 Qui
851 3779 1064 3842 urgetur
1084 3768 1245 3820 irasci.
1268 3769 1451 3822 Forte:
1479 3769 1579 3823 Do·
1659 3781 1833 3842 potest
1857 3772 1910 3820 in
1938 3769 2144 3822 omissis
2167 3769 2420 3839 proximis
2445 3766 2657 3820 verbu-

575 3847 679 3900 iere
701 3851 896 3922 inteqre
920 3867 1025 3902 uon
1050 3859 1245 3921 potest,
1268 3853 1361 3922 qui
1383 3853 1582 3926 coyitur
1657 3850 1818 3904 fuisse
1839 3853 2097 3923 positum,
2119 3849 2262 3922 quod
2279 3847 2557 3901 commode
2577 3847 2658 3898 hie

577 3927 741 3980 irasci.
784 3929 945 3980 Grion.
990 3928 1209 3994 Melius,
1248 3947 1351 3984 non
1392 3930 1541 3982 irasci
1559 3951 1574 3979 .-
1659 3932 2021 3986 subaudiatur.
2050 3933 2283 3985 Gnosov.
2313 3932 2512 3999 Exigua
2545 3947 2661 3980 mu-

578 4006 803 4073 scilicet,
832 4009 924 4060 sed
946 4011 1126 4081 potius
1149 4009 1397 4082 precibus
1422 4030 1578 4082 agere
1659 4014 1858 4064 tatione
1875 4012 2129 4076 reforma,
2140 4020 2448 4081 potuerunt.-
2471 4007 2664 4059 divitia

578 4083 826 4138 adversus
854 4089 1217 4159 impotentiam
1242 4086 1432 4142 divitis.
1457 4091 1574 4144 Seu.
1659 4091 2002 4146 inconstantia
2015 4091 2338 4144 animorum.-
2361 4089 2416 4142 in
2431 4105 2658 4150 summa,
