2855 4871
563 460 682 505 ,ω
1053 438 1146 503 Μ.
1193 438 1444 503 mnu
1490 430 2134 520 Qnm‘rlmAm

553 564 892 665 cujusque
911 584 1173 637 naturae
1191 563 1516 637 virtutem
1541 589 1557 633 ι
1580 562 1717 633 alia
1734 562 2017 651 forsitan
2044 562 2397 635 discantur
2418 590 2433 635 τ
2460 588 2645 661 ψιε-

450 692 456 697 ’
557 679 723 752 dam
753 682 1238 781 experimentis
1269 679 1750 779 cognoscenda
1780 700 1975 752 sunt:
2004 680 2170 752 honi
2208 704 2437 753 mores
2470 706 2647 753 con-

505 829 516 840 ·
554 816 734 869 stant
751 796 1132 870 voluntate:
1155 795 1231 867 id
1251 816 1489 895 patere
1514 794 1789 868 divensis
1808 794 2167 894 utriusque
2189 795 2399 895 partis
2418 818 2648 866 exem-

555 913 688 1011 plis
729 934 954 1013 potest
987 942 1002 987 ε
1047 940 1217 986 nam
1259 933 1329 986 et
1365 913 1669 1013 optimos
1692 913 1875 984 viros
1914 912 2083 984 citra
2123 910 2647 1012 philosophiam

553 1028 767 1101 fuisse
794 1029 1168 1117 constabit,
1198 1048 1266 1101 et
1285 1027 1625 1100 studiosos
1650 1027 2001 1126 sapientiae
2026 1052 2247 1126 usque
2274 1026 2367 1097 ad
2396 1024 2653 1097 ultima

551 1142 868 1243 exempla
893 1143 1238 1217 scelerum
1269 1141 1743 1241 nequitiaque
1766 1142 2033 1215 venisse
2062 1168 2077 1213 :
2116 1164 2261 1213 non
2294 1141 2483 1213 enim
2507 1196 2527 1227 ,
2570 1161 2651 1211 ut

556 1259 830 1358 opinor,
863 1286 945 1331 ex
969 1259 1264 1331 istorum
1289 1256 1543 1330 scholis
1568 1258 2061 1330 abstinentiam
2087 1256 2391 1329 didicere
2416 1252 2655 1325 Fabri-

556 1374 686 1461 cii,
707 1374 940 1463 Curii3
971 1400 1136 1465 nec,
1171 1395 1252 1447 ut
1273 1394 1571 1447 mortem
1598 1392 2166 1462 contemnerent,
2190 1370 2382 1443 Decii
2412 1394 2659 1441 conse-

557 1488 698 1561 cuti
741 1512 939 1581 sunt‚
983 1516 1114 1563 nec
1146 1510 1374 1562 vetera
1412 1489 1672 1562 horum
1720 1486 2131 1589 explicando
2164 1506 2655 1559 monumenta.

555 1602 755 1675 Tulit
779 1618 798 1647 ¹
845 1604 1074 1678 civitas
1115 1604 1358 1705 populi
1399 1604 1675 1676 romani
1720 1602 2113 1676 liberatores
2154 1604 2439 1691 BrutoS,
2494 1596 2661 1673 tulit

559 1718 897 1793 Camillos
914 1776 935 1810 ,
964 1742 1338 1821 antequam
1365 1720 1515 1793 ulla
1544 1721 1737 1793 istius
1768 1720 1935 1792 artis
1970 1716 2323 1792 simulatio
2340 1733 2367 1765 ²
2392 1718 2665 1817 irrepe-

561 1856 681 1907 ret.
717 1836 876 1907 Jam
905 1862 1068 1909 vero
1095 1836 1156 1907 si
1183 1862 1266 1908 ex
1289 1836 1561 1908 diverso
1588 1836 1843 1907 intueri
1868 1834 2169 1934 placeat,
2202 1836 2358 1934 quis
2385 1834 2665 1933 ignorat

561 1972 644 2023 ex
667 1950 816 2049 ipsa
837 1952 1128 2025 Socratis
1144 2010 1164 2044 ,
1189 1977 1332 2051 quo
1353 1950 1547 2023 velut
1570 1952 1763 2024 fonte
1786 1951 2022 2023 omnis
2046 1948 2489 2050 philosophia
2512 1970 2668 2018 ma-

561 2090 756 2137 nasse
785 2067 1108 2158 creditur,
1125 2068 1396 2156 schola,
1423 2067 1717 2141 evasisse
1740 2087 2071 2165 tyrannos
2096 2086 2164 2138 et
2181 2066 2405 2137 hostes
2427 2064 2669 2163 patriae

563 2178 746 2252 suae?
773 2208 918 2253 non
953 2202 1058 2253 est
1089 2180 1304 2279 igitur
1325 2181 1711 2253 necessaria
1734 2180 2196 2280 philosophia.
2222 2180 2439 2277 Atqui
2468 2178 2668 2250 enim

563 2314 641 2365 ut
667 2293 896 2367 studio
921 2297 1264 2394 perveniri
1290 2296 1381 2369 ad
1405 2296 1818 2395 sapientiam
1846 2296 2093 2395 possit;
2120 2295 2229 2368 via
2250 2316 2489 2369 tamen
2514 2294 2671 2395 ejus

563 2408 824 2484 incerta
859 2429 957 2484 est
993 2439 1008 2482 t
1055 2438 1366 2511 namque
1410 2432 1491 2484 ut
1526 2438 1771 2484 omnes
1818 2412 1891 2483 in
1936 2437 2163 2483 unum
2212 2406 2673 2510 philosophos

563 2525 970 2598 contraham
991 2579 1010 2616 ‚
1051 2549 1196 2600 non
1233 2549 1475 2599 tamen
1510 2527 1695 2598 inter
1732 2553 1846 2599 eos
1875 2547 2189 2598 constare
2219 2543 2479 2624 potest,
2508 2549 2673 2623 quie

565 2641 1010 2741 potissimum
1041 2663 1222 2713 secta
1243 2641 1579 2714 discenda
1602 2640 1844 2730 nobis3
1872 2639 2135 2739 quibus
2160 2641 2517 2740 praeceptis
2548 2661 2677 2739 pa-

566 2757 868 2832 rendum
911 2758 1000 2830 sit
1039 2785 1054 2829 :
1103 2779 1423 2857 pugnant
1472 2758 1651 2829 inter
1690 2783 1800 2848 se,
1852 2778 2059 2855 atque
2106 2757 2529 2831 dissentiunt
2545 2789 2565 2848 ;
2610 2778 2677 2832 et

566 2893 982 2970 perpetuam
995 2871 1176 2944 hanc
1193 2899 1320 2972 per
1331 2872 1565 2944 secula
1584 2873 1777 2946 litem
1798 2857 2083 2944 trahunt
2102 2901 2116 2946 :
2136 2872 2285 2945 aliis
2298 2897 2677 2946 summum

567 2985 880 3078 bonum,
907 2987 1226 3088 voluptas
1263 2989 1604 3062 habetur:
1646 2989 1939 3087 quidam
1976 2990 2051 3062 id
2090 2991 2163 3062 in
2198 2988 2393 3063 nuda
2423 2989 2679 3063 virtute

571 3122 954 3200 posuerunt
985 3131 1000 3174 :
1051 3105 1382 3176 nonnulli
1427 3105 1713 3178 miscere
1758 3106 1883 3177 ista
1924 3105 2157 3178 conati
2206 3124 2371 3178 sunt
2388 3163 2408 3196 ‚
2460 3125 2681 3203 atque

571 3215 1042 3306 confundere3
1077 3237 1147 3288 et
1179 3243 1260 3290 ex
1284 3218 1489 3292 bonis
1520 3219 1827 3319 corporis
1865 3218 2264 3319 animique,
2296 3239 2363 3292 et
2384 3243 2681 3308 eorum,

573 3356 728 3428 quae
765 3351 949 3404 extra
985 3353 1244 3422 essent,
1280 3332 1368 3405 ad
1401 3334 1615 3406 finem
1644 3336 1797 3408 vitm
1834 3335 2053 3408 beatae
2094 3334 2440 3435 perveniri
2474 3357 2681 3434 posse

575 3446 1170 3520 existimaverunt:
1213 3449 1579 3522 delectavit
1606 3450 1951 3549 quosdam
1982 3449 2236 3523 modus
2268 3447 2680 3522 ³omnium.

651 3627 696 3666 ι.
721 3615 832 3667 Nec
859 3627 1026 3668 vetera
1057 3613 1242 3671 horum
1270 3619 1582 3691 explicando
1663 3619 1795 3672 fiteri
1820 3639 1877 3674 se
1903 3618 2105 3673 dicunt.
2134 3617 2170 3674 l.
2202 3637 2249 3687 ι,
2276 3618 2339 3671 ff.
2370 3617 2438 3671 de
2460 3619 2599 3672 Inst.
2633 3635 2686 3671 et

573 3703 918 3746 monumenta
950 3694 1088 3750 nait.
1121 3697 1252 3752 Delo
1282 3695 1338 3749 eo*
1367 3715 1501 3762 nee,
1532 3709 1587 3750 et
1662 3699 1777 3750 ἔω.
1800 3699 2019 3752 Senum.

575 3773 866 3848 distingue:
887 3772 1027 3844 Nec,
1047 3789 1108 3830 ut
1123 3790 1342 3831 mortem
1357 3789 1585 3830 contem-
1736 3777 1786 3828 3.
1809 3776 2096 3831 Detectavit
2113 3773 2363 3851 quosdam
2383 3775 2575 3830 modus
2592 3777 2690 3830 ho·—

579 3867 786 3923 voerent,
814 3855 964 3908 Decii
983 3861 1242 3911 consecuti
1265 3871 1390 3911 sum
1415 3869 1586 3911 vetera
1664 3855 1887 3906 minum.
1918 3855 2021 3909 Sed
2044 3853 2172 3926 quid
2196 3866 2276 3908 est
2296 3855 2477 3909 modus
2500 3854 2689 3908 homi-

579 3935 764 3990 horum
779 3935 1090 4011 explicando
1107 3951 1464 3992 monumenta.
1486 3941 1587 3992 Tm
1668 3940 1831 3989 num?
1852 3935 1967 4010 lege
1990 3935 2175 3990 modus
2194 3938 2431 3988 omnium
2446 3975 2465 4004 ‚
2490 3935 2553 3990 id
2576 3948 2691 4003 est,

581 4015 646 4067 11·ae
661 4019 841 4072 civitas
855 4017 1049 4092 populi
1071 4023 1292 4073 romani.
1317 4021 1484 4074 Giton.
1666 4037 1731 4072 ex
1753 4021 2009 4072 sententia
2033 4017 2288 4090 sapientis
2309 4015 2553 4070 Chilonis
2566 4056 2583 4082 ,
2602 4015 2693 4070 vel

651 4097 1241 4152 2.Artt'ssimulatt'o.Sie
1259 4099 1373 4152 Jcti
1389 4115 1585 4169 veram,
1667 4103 2035 4173 cujuscunque
2056 4100 2215 4163 alius;
2242 4117 2307 4152 ne
2329 4099 2465 4173 quid
2485 4097 2655 4154 nimis
2672 4121 2688 4149 .-

579 4192 690 4229 non
714 4179 1010 4233 siruulatam
1025 4219 1040 4246 ,
1055 4178 1453 4253 philosophiam
1467 4199 1587 4253 pro·
1666 4193 1719 4234 et
1756 4179 1920 4250 μίτραν
1966 4177 2165 4250 ἄριστον.
2211 4179 2391 4232 Sidon.
2436 4178 2687 4253 Apollin.
