2855 4871
599 456 730 523 308
1110 453 1204 516 Μ.
1255 451 1506 516 FABII
1550 450 2183 535 QUINTILIANI

602 604 746 650 esse
762 572 1120 649 sacerdotis
1142 573 1697 647 officium.Nunc
1717 573 1957 673 (quod¹
1982 602 2095 647 me
2117 574 2499 672 aliquando
2514 573 2705 647 solli·

601 692 812 764 citum
849 691 1094 786 babet)
1142 716 1229 761 ne
1273 714 1545 787 aspere,
1590 715 1678 760 ne
1726 689 1890 761 irate
1936 689 2116 760 hanc
2150 687 2400 791 judicii
2442 688 2701 760 faciem

600 806 854 877 intueri
882 804 1086 894 velit,
1122 803 1193 874 in
1226 829 1367 902 qua
1395 802 1636 903 capitis
1668 803 1976 902 periculo
2007 802 2245 894 luitur,
2280 802 2474 903 quod
2510 824 2701 901 tem-

580 922 798 1021 plum
831 919 1226 992 dedicatum
1257 939 1394 990 est:
1434 946 1552 991 oro
1586 918 1794 1017 igitur
1836 939 2041 1016 atque
2080 920 2399 1010 obtestor,
2443 918 2503 989 si
2548 917 2701 989 fieri

597 1057 851 1136 potest,
889 1062 977 1106 ne
1009 1035 1322 1106 damnari
1358 1062 1471 1106 me
1505 1035 1753 1123 velint3
1790 1035 1846 1106 si
1876 1036 2146 1125 minus,
2185 1062 2273 1107 ne
2304 1033 2695 1123 vindicari3

599 1172 1060 1251 tueamurque
1091 1140 1439 1223 civitatem
1469 1151 1542 1221 in
1576 1151 1742 1242 hac,
1778 1177 1991 1250 quam
2024 1152 2233 1223 modo
2266 1152 2531 1223 habere
2560 1176 2701 1221 coe-

599 1268 870 1368 pimuS,
907 1294 1074 1365 pace
1107 1292 1122 1337 :
1160 1265 1383 1337 immo
1413 1292 1569 1338 vero
1604 1267 1786 1339 hanc
1812 1266 2045 1339 vestris
2077 1266 2333 1339 animis
2363 1267 2701 1339 volunta-

596 1406 775 1473 tem,
811 1382 944 1454 hoc
982 1380 1411 1481 propositum
1444 1382 1698 1454 mentis
1732 1382 2102 1482 inspirent,
2137 1410 2225 1454 ne
2259 1409 2341 1453 eo
2378 1404 2705 1483 tempore

597 1500 762 1571 deos
795 1498 1038 1569 laedere
1074 1497 1331 1587 velitis,
1375 1524 1513 1593 quo
1550 1496 1686 1567 illis
1718 1498 1870 1597 jam
1903 1496 2293 1575 Alexander
2323 1498 2699 1569 satisfecit:

597 1614 758 1714 qui,
793 1612 1052 1685 etiamsi
1097 1612 1363 1684 bellum
1401 1633 1635 1684 contra
1668 1639 1794 1684 nos
1828 1611 2162 1686 traditum
2195 1639 2273 1685 ac
2304 1612 2629 1685 relictum
2660 1642 2706 1685 a

521 1810 528 1815 ,
594 1750 782 1828 patre
818 1754 1039 1827 usque
1071 1726 1406 1825 suscepit;
1444 1725 1709 1798 etiamsi
1754 1752 1899 1799 non
1942 1746 2085 1798 tam
2127 1727 2445 1826 propria,
2476 1755 2703 1826 quam

593 1842 1004 1916 hereditaria
1032 1841 1399 1915 nobiscum
1434 1840 1777 1913 constitit²
1810 1841 2277 1933 contentione,
2309 1842 2551 1914 omnia
2586 1864 2705 1915 ta-

594 1987 757 2032 men
793 1959 926 2030 alia
955 1958 1246 2058 impune
1275 1955 1609 2048 faciebat,
1645 1956 1817 2028 dum
1848 1985 1949 2030 res
1978 1958 2156 2029 intra
2183 1958 2441 2030 caedem
2472 1956 2705 2029 homi-

593 2103 771 2147 num
795 2075 1010 2165 stetit,
1038 2074 1210 2145 dum
1233 2074 1410 2145 intra
1430 2074 1841 2146 vastationes
1866 2101 2193 2174 agrorum
2216 2076 2703 2172 (quamquam

598 2191 811 2262 totius
839 2188 1007 2277 soli,
1043 2214 1121 2259 ac
1152 2188 1607 2261 venerabilis3
1630 2188 1796 2287 soli)
1830 2188 2135 2261 secunda
2163 2216 2267 2261 res
2298 2210 2535 2261 tamen
2567 2216 2583 2260 :
2615 2216 2701 2261 ac

593 2330 682 2375 ne
712 2304 830 2375 illa
863 2304 1159 2374 numina
1186 2303 1473 2403 quidem
1493 2361 1512 2396 ,
1542 2332 1695 2403 quae
1720 2332 1994 2403 semper
2016 2306 2347 2378 excubare
2368 2304 2705 2377 videntur

593 2449 719 2522 pro
744 2441 975 2494 nostra
998 2420 1290 2510 civitate,
1313 2422 1474 2495 satis
1499 2421 1585 2495 ad
1614 2422 1950 2494 tuendam
1977 2424 2223 2502 urbem
2249 2422 2694 2523 profuerunt.

591 2539 689 2609 Ut
720 2564 880 2609 vero
915 2536 1151 2635 ignem
1181 2535 1384 2608 sacris
1418 2535 1732 2636 postibus
1752 2595 1771 2628 ,
1809 2556 1884 2608 ut
1916 2537 2179 2609 ferrum
2212 2535 2698 2608 vetustissimae

595 2634 1327 2753 religioniadmovere
1373 2679 1582 2723 ausus
1626 2673 1759 2743 est,
1804 2653 2138 2725 intellexit
2177 2653 2307 2724 sibi
2356 2679 2500 2723 non
2544 2677 2697 2723 esse

591 2769 861 2842 bellum
889 2768 1282 2841 nobiscum.
1305 2767 1636 2840 Libenter
1652 2768 1886 2860 audio,
1915 2797 2070 2869 quae
2101 2797 2181 2842 ex
2206 2769 2471 2840 diversa
2497 2789 2695 2867 parte

592 2886 960 2973 dicuntur;
1022 2911 1284 2982 aegrum
1341 2884 1718 2956 exercitum
1746 2942 1766 2974 ,
1828 2884 2160 2985 praecipiti
2222 2905 2443 2957 morte
2514 2909 2697 2954 con-

592 3019 899 3098 sumptas
934 2998 1161 3097 copias
1189 3027 1204 3067 t
1245 2999 1399 3095 quis
1436 2999 1631 3070 enim·
1673 3025 1815 3069 non
1854 2999 2042 3071 videt
2073 2999 2315 3071 omnia
2347 2999 2474 3071 ista
2506 2999 2697 3070 facta

593 3138 734 3184 esse
755 3170 772 3202 ,
809 3132 886 3182 ut
914 3139 1148 3184 rursus
1182 3113 1531 3213 templum
1559 3113 1775 3186 esset?
1808 3115 1899 3186 ita
1931 3114 2114 3210 illius
2145 3141 2427 3212 quoque
2458 3114 2697 3185 conci-

591 3225 745 3316 tati,
781 3246 860 3296 ut
889 3225 1174 3315 auditis,
1205 3253 1283 3298 ac
1313 3227 1656 3298 temerarii
1673 3229 1955 3329 juvenis
1990 3250 2224 3301 motus
2253 3250 2349 3304 est
2379 3227 2687 3300 animust.

587 3341 793 3412 Vidit
813 3367 959 3412 non
983 3339 1265 3412 aliunde
1291 3343 1675 3442 petendum
1702 3370 1846 3416 esse
1866 3402 1885 3437 ,
1916 3371 2129 3445 quam
2160 3373 2201 3416 a
2233 3343 2365 3416 diis
2390 3343 2693 3415 immor-

652 3529 1348 3600 1.Nuncqu0d.Potius,tum
1361 3529 1593 3602 quodme
1668 3531 1917 3603 jiciebam
1948 3553 1960 3583 :
2016 3532 2143 3583 dum
2192 3530 2331 3582 intra
2380 3527 2693 3582 vastationes

589 3608 1164 3680 aliquando.Gnofl.Ita
1177 3611 1445 3663 Schult.et
1459 3611 1586 3663 Obr.
1671 3628 1913 3683 aqu-orum
1938 3649 1957 3676 ,
2009 3629 2331 3684 quamquam
2386 3610 2539 3662 totius
2592 3607 2693 3659 soci

663 3709 709 3742 2.
734 3689 1013 3742 Nobiscum
1037 3693 1282 3744 constitit.
1311 3693 1589 3746 Nobiscum
1672 3708 1815 3762 eque
1848 3691 2178 3756 venerabilis,
2214 3709 2265 3742 se
2294 3687 2591 3740 continui&
2628 3703 2691 3736 ae

586 3773 750 3837 stetit,
778 3769 957 3822 AErod.
1674 3789 1740 3823 ne
1766 3771 1880 3824 illa.
1910 3773 2076 3824 Giton.
2112 3775 2193 3822 An
2210 3809 2227 3836 ,
2256 3771 2411 3824 totius
2436 3767 2603 3819 nostri
2626 3785 2691 3818 ae

659 3851 710 3904 3.
740 3851 1067 3922 Quamquam
1099 3851 1252 3904 totius
1279 3849 1380 3902 soli
1409 3867 1472 3900 ac
1504 3867 1593 3900 ve-
1672 3869 1721 3901 v.
1748 3869 1785 3902 s.
1818 3851 1928 3917 An,
1950 3869 2195 3922 aqu-orum
2214 3871 2228 3899 .-
2254 3863 2579 3920 quamquam
2602 3863 2691 3897 eas

587 3932 844 3986 ner-abilis.
869 3930 1196 3984 Thaddaeust
1225 3929 1380 3983 totius
1403 3929 1504 3981 soli
1529 3949 1592 3980 ac
1672 3931 1768 3982 toti
1790 3929 1969 3984 intulit
1994 3931 2113 3982 huie
2138 3929 2420 3982 venerabili
2440 3927 2580 3993 solo,
2610 3945 2691 3979 se-

587 4013 889 4067 venerabilis
917 4013 1167 4078 secunda,
1197 4011 1477 4065 AErodius:
1510 4021 1592 4063 to-
1670 4011 1840 4064 cunda
1854 4051 1873 4078 ,
1900 4025 2001 4064 etc.
2034 4027 2224 4082 nempe
2248 4011 2447 4082 passim
2471 4011 2527 4061 in
2553 4026 2687 4078 agro

588 4095 689 4146 tius
717 4095 847 4146 sacn’
876 4092 975 4144 soli
1003 4111 1066 4144 ae
1093 4089 1406 4145 venerabilis.
1438 4090 1589 4144 Alios
1668 4093 1831 4142 attico
1852 4090 2131 4143 simulacra
2150 4090 2392 4141 deorum.
2410 4087 2688 4140 Vidfflm-

589 4175 660 4224 ait
673 4173 928 4226 voluissez
945 4191 1008 4225 ac
1022 4173 1301 4227 vetustioris
1311 4171 1425 4225 soli.
1442 4171 1587 4226 Con-
1666 4189 1777 4226 san.
1804 4175 1859 4224 in
1882 4173 2084 4226 Atticis.
2108 4171 2329 4246 Senum-r.
