<?xml version="1.0" encoding="UTF-8"?>
<!DOCTYPE html PUBLIC "-//W3C//DTD XHTML 1.0 Transitional//EN"
    "http://www.w3.org/TR/xhtml1/DTD/xhtml1-transitional.dtd">
<html xmlns="http://www.w3.org/1999/xhtml" xml:lang="en" lang="en">
 <head>
  <title>
</title>
<meta http-equiv="Content-Type" content="text/html;charset=utf-8" />
  <meta name='ocr-system' content='tesseract 3.04.00' />
  <meta name='ocr-capabilities' content='ocr_page ocr_carea ocr_par ocr_line ocrx_word'/>
</head>
<body>
  <div class='ocr_page' id='page_1' title='image "./marcusfabiusqui06spalgoog_0031.png"; bbox 0 0 2855 4871; ppageno 0'>
   <div class='ocr_carea' id='block_1_1' title="bbox 557 454 2135 536">
    <p class='ocr_par' dir='ltr' id='par_1_1' title="bbox 557 454 2135 536">
     <span class='ocr_line' id='line_1_1' title="bbox 557 454 2135 536; baseline -0.001 -17"><span class='ocrx_word' id='word_1_1' title='bbox 557 478 637 519; x_wconf 75' lang='lat'><strong>22</strong></span> <span class='ocrx_word' id='word_1_2' title='bbox 1057 456 1148 518; x_wconf 87' lang='lat' dir='ltr'><strong>M.</strong></span> <span class='ocrx_word' id='word_1_3' title='bbox 1198 454 1451 517; x_wconf 82' lang='lat' dir='ltr'>FABH</span> <span class='ocrx_word' id='word_1_4' title='bbox 1498 455 2135 536; x_wconf 74' lang='lat' dir='ltr'><strong>QUINTILIAM</strong></span> 
     </span>
    </p>
   </div>
   <div class='ocr_carea' id='block_1_2' title="bbox 1413 686 1775 752">
    <p class='ocr_par' dir='ltr' id='par_1_2' title="bbox 1413 686 1775 752">
     <span class='ocr_line' id='line_1_2' title="bbox 1413 686 1775 752; baseline -0.008 0"><span class='ocrx_word' id='word_1_5' title='bbox 1413 686 1775 752; x_wconf 87' lang='lat' dir='ltr'><strong>SERMO.</strong></span> 
     </span>
    </p>
   </div>
   <div class='ocr_carea' id='block_1_3' title="bbox 549 861 2649 1164">
    <p class='ocr_par' dir='ltr' id='par_1_3' title="bbox 549 861 2649 1164">
     <span class='ocr_line' id='line_1_3' title="bbox 643 861 2645 954; baseline 0.001 -29"><span class='ocrx_word' id='word_1_6' title='bbox 643 862 802 925; x_wconf 84' lang='lat' dir='ltr'><strong>Haec</strong></span> <span class='ocrx_word' id='word_1_7' title='bbox 832 862 969 926; x_wconf 81' lang='lat' dir='ltr'><strong>fere</strong></span> <span class='ocrx_word' id='word_1_8' title='bbox 998 876 1154 926; x_wconf 83' lang='lat' dir='ltr'><strong>sunt</strong></span> <span class='ocrx_word' id='word_1_9' title='bbox 1179 884 1327 951; x_wconf 84' lang='lat' dir='ltr'><strong>quae</strong></span> <span class='ocrx_word' id='word_1_10' title='bbox 1358 862 1426 925; x_wconf 87' lang='lat' dir='ltr'><strong>in</strong></span> <span class='ocrx_word' id='word_1_11' title='bbox 1456 861 1751 927; x_wconf 82' lang='lat' dir='ltr'><strong>themate</strong></span> <span class='ocrx_word' id='word_1_12' title='bbox 1778 878 1932 927; x_wconf 86' lang='lat' dir='ltr'><strong>sunt</strong></span> <span class='ocrx_word' id='word_1_13' title='bbox 1968 863 2177 952; x_wconf 84' lang='lat' dir='ltr'><strong>posita</strong></span> <span class='ocrx_word' id='word_1_14' title='bbox 2196 880 2235 925; x_wconf 86' lang='lat'><strong>¹.</strong></span> <span class='ocrx_word' id='word_1_15' title='bbox 2264 864 2355 927; x_wconf 89' lang='lat' dir='ltr'><strong>Ut</strong></span> <span class='ocrx_word' id='word_1_16' title='bbox 2385 864 2645 954; x_wconf 86' lang='lat' dir='ltr'><strong>impru-</strong></span> 
     </span>
     <span class='ocr_line' id='line_1_4' title="bbox 553 963 2649 1060; baseline 0.001 -29"><span class='ocrx_word' id='word_1_17' title='bbox 553 965 716 1032; x_wconf 86' lang='lat' dir='ltr'>dens</span> <span class='ocrx_word' id='word_1_18' title='bbox 733 964 1051 1033; x_wconf 84' lang='lat' dir='ltr'><strong>occidisse</strong></span> <span class='ocrx_word' id='word_1_19' title='bbox 1067 963 1388 1046; x_wconf 84' lang='lat' dir='ltr'><strong>videatur,</strong></span> <span class='ocrx_word' id='word_1_20' title='bbox 1408 990 1891 1055; x_wconf 80' lang='lat' dir='ltr'><strong>supervacuum</strong></span> <span class='ocrx_word' id='word_1_21' title='bbox 1907 967 2122 1033; x_wconf 82' lang='lat' dir='ltr'><strong>habeo</strong></span> <span class='ocrx_word' id='word_1_22' title='bbox 2144 992 2228 1059; x_wconf 90' lang='lat' dir='ltr'><strong>qu</strong></span> <span class='ocrx_word' id='word_1_23' title='bbox 2236 992 2439 1035; x_wconf 81' lang='lat' dir='ltr'><strong>aerere</strong></span> <span class='ocrx_word' id='word_1_24' title='bbox 2456 970 2571 1060; x_wconf 88' lang='lat' dir='ltr'><strong>qui</strong></span> <span class='ocrx_word' id='word_1_25' title='bbox 2578 968 2649 1033; x_wconf 92' lang='lat' dir='ltr'><strong>d-</strong></span> 
     </span>
     <span class='ocr_line' id='line_1_5' title="bbox 549 1070 2213 1164; baseline 0.004 -29"><span class='ocrx_word' id='word_1_26' title='bbox 549 1094 750 1161; x_wconf 80' lang='lat' dir='ltr'><strong>quam</strong></span> <span class='ocrx_word' id='word_1_27' title='bbox 776 1070 860 1137; x_wconf 92' lang='lat' dir='ltr'><strong>de</strong></span> <span class='ocrx_word' id='word_1_28' title='bbox 883 1074 1106 1139; x_wconf 79' lang='lat' dir='ltr'><strong>animo</strong></span> <span class='ocrx_word' id='word_1_29' title='bbox 1127 1074 1330 1155; x_wconf 84' lang='lat' dir='ltr'><strong>illius,</strong></span> <span class='ocrx_word' id='word_1_30' title='bbox 1358 1076 1657 1164; x_wconf 85' lang='lat' dir='ltr'><strong>quamvis</strong></span> <span class='ocrx_word' id='word_1_31' title='bbox 1682 1074 1851 1141; x_wconf 88' lang='lat' dir='ltr'><strong>duos</strong></span> <span class='ocrx_word' id='word_1_32' title='bbox 1876 1074 2213 1141; x_wconf 81' lang='lat' dir='ltr'><strong>occiderit.</strong></span> 
     </span>
    </p>
   </div>
   <div class='ocr_carea' id='block_1_4' title="bbox 547 1362 2649 1387">
    <p class='ocr_par' dir='ltr' id='par_1_4' title="bbox 547 1362 2649 1387">
     <span class='ocr_line' id='line_1_6' title="bbox 547 1362 2649 1387; baseline 0.003 -6"><span class='ocrx_word' id='word_1_33' title='bbox 547 1362 1807 1385; x_wconf 53' lang='grc' dir='ltr'><strong>ΊιὶκὶἱἏΜΜΜΊΜΜΜΜΜΜΊΜ</strong></span> <span class='ocrx_word' id='word_1_34' title='bbox 1814 1364 1999 1385; x_wconf 63' lang='lat' dir='ltr'><strong>mm</strong></span> <span class='ocrx_word' id='word_1_35' title='bbox 2008 1365 2583 1385; x_wconf 49' lang='lat' dir='ltr'><strong>mmmm&amp;</strong></span> <span class='ocrx_word' id='word_1_36' title='bbox 2592 1368 2649 1387; x_wconf 48' lang='grc' dir='ltr'><strong>δῦ</strong></span> 
     </span>
    </p>
   </div>
   <div class='ocr_carea' id='block_1_5' title="bbox 1345 1584 1838 1661">
    <p class='ocr_par' dir='ltr' id='par_1_5' title="bbox 1345 1584 1838 1661">
     <span class='ocr_line' id='line_1_7' title="bbox 1345 1584 1838 1661; baseline -0.002 -1"><span class='ocrx_word' id='word_1_37' title='bbox 1345 1584 1838 1661; x_wconf 92' lang='lat' dir='ltr'>CCXLIX.</span> 
     </span>
    </p>
   </div>
   <div class='ocr_carea' id='block_1_6' title="bbox 1135 1830 2057 1933">
    <p class='ocr_par' dir='ltr' id='par_1_6' title="bbox 1135 1830 2057 1933">
     <span class='ocr_line' id='line_1_8' title="bbox 1135 1830 2057 1933; baseline -0.003 -26"><span class='ocrx_word' id='word_1_38' title='bbox 1135 1830 1485 1907; x_wconf 78' lang='lat' dir='ltr'><strong>Abolitio²</strong></span> <span class='ocrx_word' id='word_1_39' title='bbox 1521 1831 2057 1933; x_wconf 84' lang='lat' dir='ltr'><strong>adulterifortis.</strong></span> 
     </span>
    </p>
   </div>
   <div class='ocr_carea' id='block_1_7' title="bbox 549 2042 2657 2510">
    <p class='ocr_par' dir='ltr' id='par_1_7' title="bbox 549 2042 2657 2510">
     <span class='ocr_line' id='line_1_9' title="bbox 549 2042 2651 2113; baseline -0.001 -12"><span class='ocrx_word' id='word_1_40' title='bbox 549 2042 641 2101; x_wconf 69' lang='lat' dir='ltr'><strong>Ns</strong></span> <span class='ocrx_word' id='word_1_41' title='bbox 670 2060 884 2101; x_wconf 70' lang='lat' dir='ltr'><strong>menn·</strong></span> <span class='ocrx_word' id='word_1_42' title='bbox 911 2059 1041 2099; x_wconf 73' lang='lat' dir='ltr'><strong>cum</strong></span> <span class='ocrx_word' id='word_1_43' title='bbox 1069 2057 1389 2097; x_wconf 67' lang='lat' dir='ltr'><strong>Anum-mu</strong></span> <span class='ocrx_word' id='word_1_44' title='bbox 1417 2056 1653 2097; x_wconf 69' lang='lat' dir='ltr'><strong>mnu-m</strong></span> <span class='ocrx_word' id='word_1_45' title='bbox 1680 2056 1907 2113; x_wconf 65' lang='lat' dir='ltr'><strong>Aonas,</strong></span> <span class='ocrx_word' id='word_1_46' title='bbox 1938 2058 2062 2099; x_wconf 75' lang='grc' dir='ltr'><strong>Νιει</strong></span> <span class='ocrx_word' id='word_1_47' title='bbox 2086 2058 2266 2099; x_wconf 71' lang='lat' dir='ltr'><strong>rmus</strong></span> <span class='ocrx_word' id='word_1_48' title='bbox 2293 2058 2423 2098; x_wconf 69' lang='lat' dir='ltr'><strong>omn</strong></span> <span class='ocrx_word' id='word_1_49' title='bbox 2450 2058 2651 2099; x_wconf 60' lang='lat' dir='ltr'><strong>Anum-</strong></span> 
     </span>
     <span class='ocr_line' id='line_1_10' title="bbox 626 2134 2653 2217; baseline -0.002 -18"><span class='ocrx_word' id='word_1_50' title='bbox 626 2158 784 2199; x_wconf 67' lang='lat' dir='ltr'><strong>‘runo</strong></span> <span class='ocrx_word' id='word_1_51' title='bbox 804 2158 1043 2198; x_wconf 65' lang='lat' dir='ltr'><strong>noem-r.</strong></span> <span class='ocrx_word' id='word_1_52' title='bbox 1065 2136 1268 2217; x_wconf 82' lang='lat' dir='ltr'><strong>Coepit</strong></span> <span class='ocrx_word' id='word_1_53' title='bbox 1295 2154 1475 2216; x_wconf 78' lang='lat' dir='ltr'><strong>agere</strong></span> <span class='ocrx_word' id='word_1_54' title='bbox 1493 2136 1749 2194; x_wconf 85' lang='lat' dir='ltr'><strong>maritus</strong></span> <span class='ocrx_word' id='word_1_55' title='bbox 1780 2154 1925 2193; x_wconf 90' lang='lat' dir='ltr'><strong>cum</strong></span> <span class='ocrx_word' id='word_1_56' title='bbox 1950 2155 2023 2195; x_wconf 90' lang='lat' dir='ltr'><strong>eo</strong></span> <span class='ocrx_word' id='word_1_57' title='bbox 2041 2181 2057 2210; x_wconf 95' lang='lat'>,</span> <span class='ocrx_word' id='word_1_58' title='bbox 2079 2156 2263 2216; x_wconf 88' lang='lat' dir='ltr'><strong>quem</strong></span> <span class='ocrx_word' id='word_1_59' title='bbox 2288 2134 2653 2195; x_wconf 80' lang='lat' dir='ltr'><strong>adulterum</strong></span> 
     </span>
     <span class='ocr_line' id='line_1_11' title="bbox 629 2231 2657 2315; baseline -0.002 -18"><span class='ocrx_word' id='word_1_60' title='bbox 629 2256 758 2297; x_wconf 81' lang='lat' dir='ltr'><strong>esse</strong></span> <span class='ocrx_word' id='word_1_61' title='bbox 805 2235 1072 2295; x_wconf 81' lang='lat' dir='ltr'><strong>dicebat.</strong></span> <span class='ocrx_word' id='word_1_62' title='bbox 1111 2232 1352 2294; x_wconf 87' lang='lat' dir='ltr'><strong>Bellum</strong></span> <span class='ocrx_word' id='word_1_63' title='bbox 1395 2232 1635 2293; x_wconf 85' lang='lat' dir='ltr'><strong>incidit.</strong></span> <span class='ocrx_word' id='word_1_64' title='bbox 1682 2234 1849 2292; x_wconf 72' lang='lat' dir='ltr'><strong>Inter</strong></span> <span class='ocrx_word' id='word_1_65' title='bbox 1891 2254 2095 2293; x_wconf 84' lang='lat' dir='ltr'><strong>moras</strong></span> <span class='ocrx_word' id='word_1_66' title='bbox 2134 2231 2356 2315; x_wconf 83' lang='lat' dir='ltr'><strong>judicii</strong></span> <span class='ocrx_word' id='word_1_67' title='bbox 2396 2232 2657 2293; x_wconf 84' lang='lat' dir='ltr'><strong>fortiter</strong></span> 
     </span>
     <span class='ocr_line' id='line_1_12' title="bbox 629 2329 2655 2415; baseline -0.002 -22"><span class='ocrx_word' id='word_1_68' title='bbox 629 2344 867 2415; x_wconf 78' lang='lat' dir='ltr'><strong>pugnat</strong></span> <span class='ocrx_word' id='word_1_69' title='bbox 903 2332 958 2391; x_wconf 83' lang='lat' dir='ltr'><strong>is</strong></span> <span class='ocrx_word' id='word_1_70' title='bbox 977 2374 996 2406; x_wconf 85' lang='lat'>,</span> <span class='ocrx_word' id='word_1_71' title='bbox 1027 2331 1137 2411; x_wconf 88' lang='lat' dir='ltr'><strong>qui</strong></span> <span class='ocrx_word' id='word_1_72' title='bbox 1171 2329 1609 2390; x_wconf 81' lang='lat' dir='ltr'><strong>accusabatur:</strong></span> <span class='ocrx_word' id='word_1_73' title='bbox 1654 2330 1806 2410; x_wconf 88' lang='lat' dir='ltr'><strong>petit</strong></span> <span class='ocrx_word' id='word_1_74' title='bbox 1846 2330 2083 2411; x_wconf 82' lang='lat' dir='ltr'><strong>praemii</strong></span> <span class='ocrx_word' id='word_1_75' title='bbox 2128 2330 2387 2390; x_wconf 89' lang='lat' dir='ltr'><strong>nomine</strong></span> <span class='ocrx_word' id='word_1_76' title='bbox 2420 2329 2655 2409; x_wconf 81' lang='lat' dir='ltr'><strong>judicii</strong></span> 
     </span>
     <span class='ocr_line' id='line_1_13' title="bbox 629 2420 2540 2510; baseline -0.002 -17"><span class='ocrx_word' id='word_1_77' title='bbox 629 2430 1070 2504; x_wconf 79' lang='lat' dir='ltr'><strong>abolitionem,</strong></span> <span class='ocrx_word' id='word_1_78' title='bbox 1096 2428 1467 2510; x_wconf 82' lang='lat' dir='ltr'><strong>impetravit.</strong></span> <span class='ocrx_word' id='word_1_79' title='bbox 1488 2427 1639 2492; x_wconf 78' lang='lat' dir='ltr'><strong>Vult</strong></span> <span class='ocrx_word' id='word_1_80' title='bbox 1662 2450 1840 2510; x_wconf 78' lang='lat' dir='ltr'><strong>agere</strong></span> <span class='ocrx_word' id='word_1_81' title='bbox 1865 2449 2007 2490; x_wconf 89' lang='lat' dir='ltr'><strong>cum</strong></span> <span class='ocrx_word' id='word_1_82' title='bbox 2032 2428 2345 2506; x_wconf 80' lang='lat' dir='ltr'><strong>adultera,</strong></span> <span class='ocrx_word' id='word_1_83' title='bbox 2370 2428 2497 2492; x_wconf 88' lang='lat' dir='ltr'><strong>CD.</strong></span> <span class='ocrx_word' id='word_1_84' title='bbox 2513 2420 2540 2470; x_wconf 84' lang='lat'>3</span> 
     </span>
    </p>
   </div>
   <div class='ocr_carea' id='block_1_8' title="bbox 1411 2617 1777 2684">
    <p class='ocr_par' dir='ltr' id='par_1_8' title="bbox 1411 2617 1777 2684">
     <span class='ocr_line' id='line_1_14' title="bbox 1411 2617 1777 2684; baseline -0.005 0"><span class='ocrx_word' id='word_1_85' title='bbox 1411 2617 1777 2684; x_wconf 91' lang='lat' dir='ltr'><strong>SERMO.</strong></span> 
     </span>
    </p>
   </div>
   <div class='ocr_carea' id='block_1_9' title="bbox 543 2791 2661 3529">
    <p class='ocr_par' dir='ltr' id='par_1_9' title="bbox 543 2791 2661 3529">
     <span class='ocr_line' id='line_1_15' title="bbox 633 2791 2657 2886; baseline -0.001 -22"><span class='ocrx_word' id='word_1_86' title='bbox 633 2801 737 2864; x_wconf 82' lang='lat' dir='ltr'><strong>An</strong></span> <span class='ocrx_word' id='word_1_87' title='bbox 761 2819 1028 2886; x_wconf 79' lang='lat' dir='ltr'><strong>semper</strong></span> <span class='ocrx_word' id='word_1_88' title='bbox 1049 2819 1202 2864; x_wconf 90' lang='lat' dir='ltr'><strong>cum</strong></span> <span class='ocrx_word' id='word_1_89' title='bbox 1225 2794 1531 2861; x_wconf 84' lang='lat' dir='ltr'><strong>adultero</strong></span> <span class='ocrx_word' id='word_1_90' title='bbox 1554 2796 1737 2884; x_wconf 86' lang='lat' dir='ltr'><strong>prius</strong></span> <span class='ocrx_word' id='word_1_91' title='bbox 1760 2818 1954 2884; x_wconf 79' lang='lat' dir='ltr'><strong>agere</strong></span> <span class='ocrx_word' id='word_1_92' title='bbox 1978 2817 2251 2860; x_wconf 81' lang='lat' dir='ltr'><strong>necesse</strong></span> <span class='ocrx_word' id='word_1_93' title='bbox 2274 2795 2399 2860; x_wconf 79' lang='lat' dir='ltr'><strong>sit?</strong></span> <span class='ocrx_word' id='word_1_94' title='bbox 2424 2818 2509 2864; x_wconf 85' lang='lat' dir='ltr'><strong>an</strong></span> <span class='ocrx_word' id='word_1_95' title='bbox 2530 2791 2657 2861; x_wconf 82' lang='lat' dir='ltr'><strong>hie</strong></span> 
     </span>
     <span class='ocr_line' id='line_1_16' title="bbox 550 2899 2660 2992; baseline -0 -23"><span class='ocrx_word' id='word_1_96' title='bbox 550 2904 800 2992; x_wconf 79' lang='lat' dir='ltr'><strong>egerit?</strong></span> <span class='ocrx_word' id='word_1_97' title='bbox 831 2925 916 2968; x_wconf 85' lang='lat' dir='ltr'><strong>an</strong></span> <span class='ocrx_word' id='word_1_98' title='bbox 955 2902 1188 2984; x_wconf 81' lang='lat' dir='ltr'><strong>etiam,</strong></span> <span class='ocrx_word' id='word_1_99' title='bbox 1224 2903 1278 2968; x_wconf 87' lang='lat' dir='ltr'><strong>si</strong></span> <span class='ocrx_word' id='word_1_100' title='bbox 1315 2899 1479 2992; x_wconf 87' lang='lat' dir='ltr'><strong>quid</strong></span> <span class='ocrx_word' id='word_1_101' title='bbox 1514 2901 1731 2966; x_wconf 83' lang='lat' dir='ltr'><strong>defuit</strong></span> <span class='ocrx_word' id='word_1_102' title='bbox 1763 2901 2036 2981; x_wconf 85' lang='lat' dir='ltr'><strong>actioni,</strong></span> <span class='ocrx_word' id='word_1_103' title='bbox 2074 2901 2389 2990; x_wconf 82' lang='lat' dir='ltr'><strong>quoniam</strong></span> <span class='ocrx_word' id='word_1_104' title='bbox 2416 2915 2660 2968; x_wconf 79' lang='lat' dir='ltr'><strong>tamen</strong></span> 
     </span>
     <span class='ocr_line' id='line_1_17' title="bbox 547 3006 2657 3098; baseline -0.002 -20"><span class='ocrx_word' id='word_1_105' title='bbox 547 3008 818 3098; x_wconf 83' lang='lat' dir='ltr'><strong>publico</strong></span> <span class='ocrx_word' id='word_1_106' title='bbox 841 3009 1100 3098; x_wconf 87' lang='lat' dir='ltr'><strong>judicio</strong></span> <span class='ocrx_word' id='word_1_107' title='bbox 1129 3011 1576 3096; x_wconf 88' lang='lat' dir='ltr'><strong>interceptum</strong></span> <span class='ocrx_word' id='word_1_108' title='bbox 1602 3025 1703 3074; x_wconf 87' lang='lat' dir='ltr'><strong>est</strong></span> <span class='ocrx_word' id='word_1_109' title='bbox 1715 3006 1765 3088; x_wconf 82' lang='grc'><strong>4,</strong></span> <span class='ocrx_word' id='word_1_110' title='bbox 1794 3031 1929 3073; x_wconf 85' lang='lat' dir='ltr'><strong>non</strong></span> <span class='ocrx_word' id='word_1_111' title='bbox 1954 3007 2197 3074; x_wconf 87' lang='lat' dir='ltr'><strong>debeat</strong></span> <span class='ocrx_word' id='word_1_112' title='bbox 2219 3007 2417 3098; x_wconf 84' lang='lat' dir='ltr'><strong>hujus</strong></span> <span class='ocrx_word' id='word_1_113' title='bbox 2440 3011 2657 3074; x_wconf 85' lang='lat' dir='ltr'><strong>actio-</strong></span> 
     </span>
     <span class='ocr_line' id='line_1_18' title="bbox 545 3112 2659 3204; baseline 0 -23"><span class='ocrx_word' id='word_1_114' title='bbox 545 3113 742 3181; x_wconf 85' lang='lat' dir='ltr'><strong>nibus</strong></span> <span class='ocrx_word' id='word_1_115' title='bbox 785 3116 1073 3180; x_wconf 80' lang='lat' dir='ltr'><strong>nocere?</strong></span> <span class='ocrx_word' id='word_1_116' title='bbox 1113 3137 1264 3204; x_wconf 89' lang='lat' dir='ltr'><strong>quae</strong></span> <span class='ocrx_word' id='word_1_117' title='bbox 1305 3139 1494 3182; x_wconf 87' lang='lat' dir='ltr'><strong>mens</strong></span> <span class='ocrx_word' id='word_1_118' title='bbox 1534 3116 1739 3182; x_wconf 85' lang='lat' dir='ltr'><strong>fuerit</strong></span> <span class='ocrx_word' id='word_1_119' title='bbox 1776 3115 2121 3203; x_wconf 85' lang='lat' dir='ltr'><strong>praemium</strong></span> <span class='ocrx_word' id='word_1_120' title='bbox 2157 3112 2373 3180; x_wconf 84' lang='lat' dir='ltr'><strong>dantis</strong></span> <span class='ocrx_word' id='word_1_121' title='bbox 2416 3115 2558 3204; x_wconf 86' lang='lat' dir='ltr'><strong>reip</strong></span> <span class='ocrx_word' id='word_1_122' title='bbox 2568 3139 2659 3182; x_wconf 85' lang='lat' dir='ltr'><strong>u—</strong></span> 
     </span>
     <span class='ocr_line' id='line_1_19' title="bbox 543 3212 2658 3316; baseline 0.001 -29"><span class='ocrx_word' id='word_1_123' title='bbox 543 3222 776 3288; x_wconf 82' lang='lat' dir='ltr'><strong>blicae?</strong></span> <span class='ocrx_word' id='word_1_124' title='bbox 805 3238 1029 3288; x_wconf 83' lang='lat' dir='ltr'><strong>utrum</strong></span> <span class='ocrx_word' id='word_1_125' title='bbox 1059 3224 1176 3288; x_wconf 88' lang='lat' dir='ltr'><strong>uni</strong></span> <span class='ocrx_word' id='word_1_126' title='bbox 1198 3223 1627 3289; x_wconf 83' lang='lat' dir='ltr'><strong>abolitionem</strong></span> <span class='ocrx_word' id='word_1_127' title='bbox 1646 3212 1910 3313; x_wconf 76' lang='lat' dir='ltr'><strong>judicii,</strong></span> <span class='ocrx_word' id='word_1_128' title='bbox 1937 3247 2021 3290; x_wconf 85' lang='lat' dir='ltr'><strong>an</strong></span> <span class='ocrx_word' id='word_1_129' title='bbox 2048 3246 2169 3314; x_wconf 87' lang='lat' dir='ltr'><strong>per</strong></span> <span class='ocrx_word' id='word_1_130' title='bbox 2191 3225 2658 3316; x_wconf 84' lang='lat' dir='ltr'><strong>conjecturam</strong></span> 
     </span>
     <span class='ocr_line' id='line_1_20' title="bbox 545 3326 2661 3422; baseline 0.001 -26"><span class='ocrx_word' id='word_1_131' title='bbox 545 3331 896 3420; x_wconf 83' lang='lat' dir='ltr'><strong>utriusque</strong></span> <span class='ocrx_word' id='word_1_132' title='bbox 913 3329 939 3374; x_wconf 85' lang='lat'>⁵</span> <span class='ocrx_word' id='word_1_133' title='bbox 965 3347 1031 3395; x_wconf 90' lang='lat' dir='ltr'><strong>et</strong></span> <span class='ocrx_word' id='word_1_134' title='bbox 1057 3326 1376 3396; x_wconf 77' lang='lat' dir='ltr'><strong>adulterae</strong></span> <span class='ocrx_word' id='word_1_135' title='bbox 1405 3330 1709 3397; x_wconf 84' lang='lat' dir='ltr'><strong>dederit?</strong></span> <span class='ocrx_word' id='word_1_136' title='bbox 1734 3333 2079 3398; x_wconf 90' lang='lat' dir='ltr'><strong>Summum</strong></span> <span class='ocrx_word' id='word_1_137' title='bbox 2106 3332 2287 3422; x_wconf 86' lang='lat' dir='ltr'><strong>quod</strong></span> <span class='ocrx_word' id='word_1_138' title='bbox 2320 3331 2393 3405; x_wconf 72' lang='lat' dir='ltr'><strong>in,</strong></span> <span class='ocrx_word' id='word_1_139' title='bbox 2423 3333 2661 3398; x_wconf 85' lang='lat' dir='ltr'><strong>omni-</strong></span> 
     </span>
     <span class='ocr_line' id='line_1_21' title="bbox 544 3435 2001 3529; baseline 0 -29"><span class='ocrx_word' id='word_1_140' title='bbox 544 3435 671 3502; x_wconf 88' lang='lat' dir='ltr'><strong>bus</strong></span> <span class='ocrx_word' id='word_1_141' title='bbox 695 3436 1158 3502; x_wconf 82' lang='lat' dir='ltr'><strong>controversiis</strong></span> <span class='ocrx_word' id='word_1_142' title='bbox 1187 3451 1316 3515; x_wconf 87' lang='lat' dir='ltr'><strong>est,</strong></span> <span class='ocrx_word' id='word_1_143' title='bbox 1341 3452 1569 3502; x_wconf 87' lang='lat' dir='ltr'><strong>utrum</strong></span> <span class='ocrx_word' id='word_1_144' title='bbox 1598 3439 1851 3529; x_wconf 83' lang='lat' dir='ltr'><strong>aequius</strong></span> <span class='ocrx_word' id='word_1_145' title='bbox 1877 3439 2001 3502; x_wconf 81' lang='lat' dir='ltr'><strong>sit?</strong></span> 
     </span>
    </p>
   </div>
   <div class='ocr_carea' id='block_1_10' title="bbox 541 3649 2663 3812">
    <p class='ocr_par' dir='ltr' id='par_1_10' title="bbox 541 3649 2663 3812">
     <span class='ocr_line' id='line_1_22' title="bbox 626 3649 2657 3730; baseline 0 -23"><span class='ocrx_word' id='word_1_146' title='bbox 626 3673 670 3707; x_wconf 82' lang='grc' dir='ltr'><strong>ι.</strong></span> <span class='ocrx_word' id='word_1_147' title='bbox 709 3656 841 3709; x_wconf 77' lang='lat' dir='ltr'><strong>Sunt</strong></span> <span class='ocrx_word' id='word_1_148' title='bbox 873 3655 1059 3727; x_wconf 74' lang='lat' dir='ltr'><strong>posita.</strong></span> <span class='ocrx_word' id='word_1_149' title='bbox 1111 3657 1196 3709; x_wconf 80' lang='lat' dir='ltr'><strong>Ut.</strong></span> <span class='ocrx_word' id='word_1_150' title='bbox 1238 3659 1403 3728; x_wconf 72' lang='lat' dir='ltr'><strong>Lege,</strong></span> <span class='ocrx_word' id='word_1_151' title='bbox 1434 3671 1559 3712; x_wconf 75' lang='lat' dir='ltr'><strong>sunt</strong></span> <span class='ocrx_word' id='word_1_152' title='bbox 1707 3657 1757 3725; x_wconf 90' lang='lat'><strong>4.</strong></span> <span class='ocrx_word' id='word_1_153' title='bbox 1785 3649 2134 3730; x_wconf 67' lang='lat' dir='ltr'><strong>Inter-ceptum</strong></span> <span class='ocrx_word' id='word_1_154' title='bbox 2172 3669 2257 3710; x_wconf 78' lang='lat' dir='ltr'><strong>est.</strong></span> <span class='ocrx_word' id='word_1_155' title='bbox 2296 3658 2408 3716; x_wconf 81' lang='lat' dir='ltr'><strong>An..</strong></span> <span class='ocrx_word' id='word_1_156' title='bbox 2444 3656 2657 3727; x_wconf 74' lang='lat' dir='ltr'><strong>reipub.</strong></span> 
     </span>
     <span class='ocr_line' id='line_1_23' title="bbox 541 3734 2663 3812; baseline 0.001 -24"><span class='ocrx_word' id='word_1_157' title='bbox 541 3736 741 3809; x_wconf 74' lang='lat' dir='ltr'><strong>posita,</strong></span> <span class='ocrx_word' id='word_1_158' title='bbox 779 3747 837 3788; x_wconf 75' lang='lat' dir='ltr'><strong>ut</strong></span> <span class='ocrx_word' id='word_1_159' title='bbox 873 3734 1181 3808; x_wconf 81' lang='lat' dir='ltr'><strong>imprudens.</strong></span> <span class='ocrx_word' id='word_1_160' title='bbox 1221 3735 1356 3789; x_wconf 74' lang='lat' dir='ltr'><strong>Pith.</strong></span> <span class='ocrx_word' id='word_1_161' title='bbox 1393 3751 1446 3789; x_wconf 88' lang='lat' dir='ltr'><strong>et</strong></span> <span class='ocrx_word' id='word_1_162' title='bbox 1480 3739 1555 3790; x_wconf 80' lang='lat' dir='ltr'><strong>ita</strong></span> <span class='ocrx_word' id='word_1_163' title='bbox 1618 3739 1823 3812; x_wconf 73' lang='lat' dir='ltr'><strong>judicio</strong></span> <span class='ocrx_word' id='word_1_164' title='bbox 1858 3740 2204 3792; x_wconf 76' lang='lat' dir='ltr'><strong>interventum</strong></span> <span class='ocrx_word' id='word_1_165' title='bbox 2240 3747 2337 3802; x_wconf 78' lang='lat' dir='ltr'><strong>est,</strong></span> <span class='ocrx_word' id='word_1_166' title='bbox 2381 3755 2520 3788; x_wconf 76' lang='lat' dir='ltr'><strong>num:</strong></span> <span class='ocrx_word' id='word_1_167' title='bbox 2552 3737 2663 3790; x_wconf 44' lang='lat' dir='ltr'><strong>de*</strong></span> 
     </span>
    </p>
   </div>
   <div class='ocr_carea' id='block_1_11' title="bbox 543 3801 2662 4053">
    <p class='ocr_par' dir='ltr' id='par_1_11' title="bbox 543 3801 2662 4053">
     <span class='ocr_line' id='line_1_24' title="bbox 544 3801 2662 3890; baseline -0.001 -18"><span class='ocrx_word' id='word_1_168' title='bbox 544 3816 800 3872; x_wconf 85' lang='lat' dir='ltr'><strong>Obrecht.</strong></span> <span class='ocrx_word' id='word_1_169' title='bbox 1636 3821 1775 3886; x_wconf 82' lang='lat' dir='ltr'><strong>beat,</strong></span> <span class='ocrx_word' id='word_1_170' title='bbox 1810 3821 1943 3870; x_wconf 88' lang='lat' dir='ltr'><strong>utin</strong></span> <span class='ocrx_word' id='word_1_171' title='bbox 1984 3821 2099 3890; x_wconf 80' lang='lat' dir='ltr'><strong>ipsa</strong></span> <span class='ocrx_word' id='word_1_172' title='bbox 2131 3817 2278 3869; x_wconf 81' lang='lat' dir='ltr'><strong>Decl.</strong></span> <span class='ocrx_word' id='word_1_173' title='bbox 2310 3801 2662 3888; x_wconf 61' lang='lat' dir='ltr'><strong>“Republica</strong></span> 
     </span>
     <span class='ocr_line' id='line_1_25' title="bbox 619 3891 2661 3952; baseline -0 -4"><span class='ocrx_word' id='word_1_174' title='bbox 619 3894 928 3949; x_wconf 74' lang='lat' dir='ltr'><strong>2.Abola’tio.</strong></span> <span class='ocrx_word' id='word_1_175' title='bbox 947 3891 1146 3947; x_wconf 83' lang='lat' dir='ltr'><strong>Confer</strong></span> <span class='ocrx_word' id='word_1_176' title='bbox 1162 3895 1547 3948; x_wconf 82' lang='lat' dir='ltr'><strong>Declamation.</strong></span> <span class='ocrx_word' id='word_1_177' title='bbox 1638 3903 2073 3952; x_wconf 80' lang='lat' dir='ltr'><strong>«interveniente.</strong></span> <span class='ocrx_word' id='word_1_178' title='bbox 2096 3921 2119 3946; x_wconf 78' lang='grc' dir='ltr'><strong>ιο</strong></span> <span class='ocrx_word' id='word_1_179' title='bbox 2186 3911 2237 3950; x_wconf 80' lang='lat' dir='ltr'><strong>et</strong></span> <span class='ocrx_word' id='word_1_180' title='bbox 2290 3901 2363 3950; x_wconf 80' lang='lat' dir='ltr'><strong>ita</strong></span> <span class='ocrx_word' id='word_1_181' title='bbox 2415 3897 2661 3950; x_wconf 77' lang='lat' dir='ltr'><strong>interve-</strong></span> 
     </span>
     <span class='ocr_line' id='line_1_26' title="bbox 543 3977 1952 4053; baseline 0.001 -23"><span class='ocrx_word' id='word_1_182' title='bbox 543 3977 851 4032; x_wconf 80' lang='lat' dir='ltr'>CCCLXXI.</span> <span class='ocrx_word' id='word_1_183' title='bbox 1633 3981 1952 4053; x_wconf 76' lang='lat' dir='ltr'><strong>nientefato.</strong></span> 
     </span>
    </p>
   </div>
   <div class='ocr_carea' id='block_1_12' title="bbox 547 4058 2655 4215">
    <p class='ocr_par' dir='ltr' id='par_1_12' title="bbox 547 4058 2655 4215">
     <span class='ocr_line' id='line_1_27' title="bbox 618 4058 2655 4134; baseline 0 -22"><span class='ocrx_word' id='word_1_184' title='bbox 618 4059 668 4112; x_wconf 87' lang='grc'><strong>3.</strong></span> <span class='ocrx_word' id='word_1_185' title='bbox 691 4061 792 4111; x_wconf 88' lang='lat' dir='ltr'><strong>CD.</strong></span> <span class='ocrx_word' id='word_1_186' title='bbox 817 4058 878 4110; x_wconf 75' lang='lat' dir='ltr'><strong>ld</strong></span> <span class='ocrx_word' id='word_1_187' title='bbox 900 4070 1005 4122; x_wconf 74' lang='lat' dir='ltr'><strong>est,</strong></span> <span class='ocrx_word' id='word_1_188' title='bbox 1029 4059 1415 4114; x_wconf 70' lang='lat' dir='ltr'><strong>contradicitur.</strong></span> <span class='ocrx_word' id='word_1_189' title='bbox 1430 4060 1548 4116; x_wconf 83' lang='lat' dir='ltr'><strong>Vid.</strong></span> <span class='ocrx_word' id='word_1_190' title='bbox 1706 4062 1752 4114; x_wconf 87' lang='lat'><strong>5.</strong></span> <span class='ocrx_word' id='word_1_191' title='bbox 1810 4063 1911 4112; x_wconf 77' lang='lat' dir='ltr'><strong>Per</strong></span> <span class='ocrx_word' id='word_1_192' title='bbox 1948 4064 2297 4134; x_wconf 81' lang='lat' dir='ltr'><strong>conjecturam</strong></span> <span class='ocrx_word' id='word_1_193' title='bbox 2354 4061 2655 4134; x_wconf 71' lang='lat' dir='ltr'><strong>utu-iusque.</strong></span> 
     </span>
     <span class='ocr_line' id='line_1_28' title="bbox 547 4131 2280 4215; baseline -0.001 -22"><span class='ocrx_word' id='word_1_194' title='bbox 547 4139 618 4193; x_wconf 75' lang='lat' dir='ltr'><strong>nd</strong></span> <span class='ocrx_word' id='word_1_195' title='bbox 636 4139 873 4196; x_wconf 85' lang='lat' dir='ltr'><strong>Declam.</strong></span> <span class='ocrx_word' id='word_1_196' title='bbox 899 4139 1110 4196; x_wconf 80' lang='lat' dir='ltr'>GCLIV.</span> <span class='ocrx_word' id='word_1_197' title='bbox 1271 4131 1305 4169; x_wconf 52' lang='grc' dir='ltr'><strong>Ψ</strong></span> <span class='ocrx_word' id='word_1_198' title='bbox 1632 4141 1842 4208; x_wconf 77' lang='lat' dir='ltr'><strong>Malim,</strong></span> <span class='ocrx_word' id='word_1_199' title='bbox 1866 4141 2106 4215; x_wconf 77' lang='lat' dir='ltr'><strong>utrisque.</strong></span> <span class='ocrx_word' id='word_1_200' title='bbox 2132 4142 2280 4194; x_wconf 73' lang='lat' dir='ltr'><strong>Prrn.</strong></span> 
     </span>
    </p>
   </div>
  </div>
 </body>
</html>
