2855 4871
582 433 709 481 202
994 420 1005 429 ‘
1082 413 1175 477 M.
1225 411 1479 477 FABII
1524 412 2168 496 QUINTILIANI
2473 455 2517 503 ι,

583 557 927 627 monstra,
959 537 1033 609 in
1064 536 1295 611 lucem
1320 536 1711 611 redundare
1739 536 1886 612 visa
1913 558 2100 611 sunt.
2137 539 2252 611 Dii
2287 540 2499 615 boni!
2532 564 2697 642 post

581 650 729 723 haec
750 650 1119 749 quisquam
1140 672 1492 751 queretur,
1512 679 1640 725 cur
1654 680 1736 725 ex
1757 651 2034 725 duobus
2055 653 2416 753 parricidis
2435 680 2692 731 neuter

569 767 756 869 jacet
788 788 1154 869 tamquam
1188 787 1404 867 pater,
1441 789 1730 869 uterque
1763 789 2124 867 tamquam
2154 770 2407 845 frater?

584 1030 831 1050 ”mm

1222 1029 2695 1055 mmmmmmmm

1494 1213 1761 1290 CCC.

980 1441 1316 1515 Adultera
1343 1444 1535 1543 apud
1541 1443 1781 1545 filium
1795 1444 2105 1545 judicem
2137 1472 2272 1518 rea.

580 1631 760 1713 Apud
780 1650 1172 1693 communem
1194 1632 1397 1695 fllium
1407 1632 1716 1714 judicem,
1733 1652 1904 1695 ream
1917 1634 2206 1697 adulterii
2221 1634 2368 1696 fecit
2381 1648 2398 1678 ¹
2423 1638 2691 1698 maritus

660 1750 949 1792 uxot-emt
976 1748 1239 1794 matrem
1266 1733 1536 1793 absolvit
1555 1733 1926 1795 adolescens.
1951 1736 2132 1795 Pater
2153 1734 2444 1796 eamdem
2461 1736 2694 1798 detulit

658 1831 727 1891 in
742 1828 1055 1913 judicium
1076 1832 1434 1915 publicum,
1457 1844 1519 1893 et
1541 1832 1895 1894 damnavit:
1922 1830 2174 1895 abdicat
2195 1832 2422 1898 filium.

1448 2010 1813 2077 SERMO.

670 2162 771 2225 De
798 2160 1117 2226 anteactis
1146 2160 1558 2249 temporibus
1593 2184 1729 2227 non
1765 2176 2020 2227 tantum
2045 2176 2174 2243 est,
2209 2160 2390 2251 quod
2423 2160 2694 2229 adoles·

580 2267 759 2331 centi
785 2264 949 2330 nihil
980 2265 1307 2357 objicitur,
1344 2266 1462 2333 sed
1495 2269 1692 2335 etiam
1725 2265 1948 2359 quod²
1985 2269 2282 2359 proxime
2305 2267 2520 2361 judex
2549 2270 2693 2359 pla-

584 2371 721 2437 cuit
759 2373 948 2463 patri.
984 2374 1286 2459 Quorum·
1318 2378 1485 2442 ratio
1524 2398 1733 2468 quum
1771 2392 2063 2448 constet.
2099 2392 2359 2466 poterat
2390 2398 2532 2442 non
2567 2377 2696 2440 im-

584 2477 814 2568 probi,
839 2480 944 2545 vel
974 2505 1111 2548 non
1136 2484 1468 2549 manifesti
1495 2485 1733 2550 erroris
1757 2485 1897 2574 peti
1920 2483 2150 2550 venia:
2183 2481 2301 2550 sed
2329 2483 2516 2573 prius
2537 2484 2694 2576 jure

584 2583 1048 2658 defendendus
1073 2606 1191 2656 est.

1282 2760 1988 2828 DECLAMATIO.

684 2903 957 3004 Objicis
977 2910 1427 2999 sententiam3
1456 2937 1602 2981 non
1623 2909 1806 2998 dico,
1821 2905 2102 3006 qualem
2121 2907 2362 3008 :judex
2379 2933 2694 3007 pronun-

588 3023 793 3095 ciavit
826 3051 841 3096 ε
874 3023 1392 3124 dispiciendum
1439 3026 1566 3098 tibi
1611 3028 1890 3099 fortasse
1929 3025 2178 3113 fuerit,
2217 3023 2306 3095 ad
2335 3051 2556 3122 quem
2581 3051 2696 3096 ve-

591 3139 803 3211 nires:
840 3138 1243 3238 diligentius
1277 3141 1667 3214 excutiendi
1703 3167 1949 3214 moreS.
1985 3139 2196 3211 Nulla
2219 3137 2448 3240 judici
2484 3137 2696 3210 liber-

588 3273 689 3326 tas
719 3275 854 3343 est,
888 3254 1022 3327 nisi
1046 3243 1516 3354 pronunciare
1543 3257 1740 3347 licet,
1777 3278 2012 3329 utrum
2037 3254 2352 3327 voluerit.
2377 3255 2694 3326 Fortasse

590 3371 957 3442 erraverim
999 3371 1071 3442 in
1103 3371 1548 3472 dispiciendis
1579 3370 1836 3463 causis,
1867 3370 2107 3444 minus
2139 3367 2523 3472 prudentiae
2557 3369 2692 3441 ha-

590 3483 865 3558 buerim
890 3485 1209 3587 juvenis:
1246 3515 1375 3587 ego
1414 3487 1596 3562 nihil
1639 3485 1828 3562 aliud
1867 3486 2118 3576 debeo,
2164 3510 2380 3584 quam
2419 3483 2688 3558 fidem:

590 3627 681 3672 an
724 3622 800 3672 tu
844 3628 925 3674 ea
970 3603 1369 3679 conditione
1416 3606 1769 3704 litigabaS‚
1819 3625 1896 3675 ut
1936 3601 2403 3703 pronunciare
2447 3627 2578 3699 pro
2627 3621 2692 3672 te

592 3746 869 3796 necesse
906 3717 1118 3794 esset?
1154 3721 1285 3796 hoc
1330 3722 1676 3813 dicerem,
1719 3721 1774 3794 si
1819 3718 1894 3792 in
1933 3742 2383 3818 quocumque
2421 3713 2694 3817 judicio
2790 3793 2802 3802 ,

590 3836 1005 3910 sententiam
1026 3836 1367 3910 tulissem.
1389 3836 1771 3934 Aliquanto
1789 3835 2037 3908 fortius
2055 3829 2222 3920 est³‚
2241 3857 2464 3928 quum
2475 3830 2694 3931 judex

670 4007 711 4043 ι.
736 3991 895 4044 Reum
906 3979 1057 4062 sect't.
1080 3991 1239 4044 Reum
1256 3991 1389 4064 equ,
1413 3986 1598 4042 AErod.
1669 3987 2100 4062 fendendusAEip.
2117 3983 2504 4055 defendendum
2513 3984 2696 4036 En.—

666 4087 713 4122 ο.
736 4071 837 4122 Sed
850 4072 1005 4122 etiam
1025 4071 1178 4142 quod.
1199 4069 1304 4121 Sed
1322 4087 1367 4119 e.
1392 4085 1496 4138 quo
1515 4087 1598 4140 pr.
1683 4063 2696 4124 Pmnunciavit.1²ronunciani.Senum

586 4151 628 4219 1'.
655 4163 747 4203 ant
768 4149 1053 4204 delendum
1076 4152 1231 4224 quod.
1258 4149 1478 4204 Senum.
1495 4151 1608 4224 ‘De-
1753 4149 1809 4202 3.
1841 4145 2131 4219 Aliquanto
2157 4143 2370 4216 fortius.
2404 4141 2696 4215 Aliquanto
