2855 4871
654 443 1490 520 DECLAMATmNE&
1537 445 1820 510 chu.
2197 447 2275 534 37

198 591 395 644 testes
418 569 928 671 producuntur,
961 571 1387 643 fidei'vestrae
1412 569 1769 671 jurisque¹
1794 570 2084 673 jurandi
2117 569 2280 642 satis

200 685 426 757 i'd'onei
448 706 760 759 auctores
778 686 1126 759 habentur
1149 686 1439 784 :quoties
1457 712 1619 759 vero
1641 686 1928 758 civitatis
1952 686 2280 759 univ-ersae

202 825 596 891 consensuS‚
623 825 691 874 et
707 829 972 894 omnes,
994 803 1116 902 qui
1151 803 1329 873 intra
1354 802 1540 874 hanc
1569 800 1806 874 sedem
1837 791 2022 894 sunt,
2051 829 2283 875 unum

206 915 461 1014 aliquid
520 940 931 1018 certumque
982 917 1316 1011 dixerint,
1361 947 1602 992 rumor
1643 928 1964 990 vocatur:
2016 919 2086 990 in
2131 919 2282 992 aliis

206 1031 473 1106 fortasse
522 1015 681 1107 falli'
715 1037 840 1109 ista
886 1057 1220 1135 possunt:
1276 1037 1516 1135 utique
1556 1062 1799 1110 verum
1849 1035 2013 1107 dicit
2053 1037 2281 1126 fama,

207 1175 347 1246 quae
379 1150 469 1223 de
511 1178 585 1225 se
626 1153 977 1251 loquitur:
1024 1155 1178 1254 quis
1212 1155 1403 1226 enim
1448 1153 1900 1252 loquebatur?
1941 1154 2282 1252 populus:

206 1264 286 1336 de
317 1293 459 1366 qua
492 1269 609 1340 re?
636 1298 849 1370 quam
884 1273 1185 1344 facturus
1219 1292 1363 1344 erat
1389 1270 1710 1371 populus.
1760 1271 2008 1363 Quum
2049 1270 2132 1341 de
2170 1274 2288 1342 'co-

205 1380 410 1454 mitiis
460 1387 916 1457 consentiunt*
942 1412 1288 1470 rumores,
1334 1387 1419 1458 de
1455 1413 1524 1457 se
1568 1386 1861 1485 quisque
1905 1384 2108 1476 dicit,
2142 1385 2286 1458 haec

208 1498 321 1571 fiet
343 1513 403 1571 ²:
452 1499 587 1573 hoc
617 1523 715 1574 est
747 1501 975 1575 dicere
1001 1502 1236 1592 „hanc
1270 1502 1563 1574 faciam:
1601 1530 1746 1575 non
1777 1501 2033 1588 estjista
2066 1505 2284 1575 fama:

206 1615 481 1686 comitia
512 1636 694 1688 sunt.
728 1619 973 1716 Neque
1012 1638 1114 1689 est
1144 1616 1333 1716 quod
1372 1618 1652 1704 mirari,
1693 1613 1918 1706 dives,
1955 1638 2073 1689 aut
2105 1616 2291 1688 i'ndi-

209 1732 391 1827 gnari
422 1731 631 1822 velis,
666 1733 741 1803 in
774 1732 1067 1804 comitiis
1096 1732 1252 1832 plus
1284 1759 1461 1832 saepe
1495 1759 1830 1832 pauperes
1863 1759 2060 1832 posse
2087 1761 2101 1804 ε
2144 1761 2288 1806 non

210 1845 441 1918 omnia
478 1867 767 1945 possunt
798 1873 962 1947 opes
990 1867 1263 1937 vestrae,
1304 1873 1532 1946 neque
1563 1846 1932 1919 incunctis
1961 1874 2114 1947 quae
2156 1848 2292 1921 hu·
2399 1919 2404 1922 ,

210 1985 489 2032 manem
534 1960 892 2033 continent
928 1961 1181 2052 vitam,
1218 1960 1505 2032 domina
1547 1961 1844 2061 pecunia
1884 1982 2002 2034 est.
2049 1963 2292 2035 Latius

212 2075 676 2173 possidebitis,
708 2098 773 2148 et
799 2078 1305 2150 numerosiores
1332 2075 1630 2184 familias
1660 2097 1908 2150 vestras
1941 2078 2295 2178 ignorabi-

210 2189 320 2278 ti‘s3
340 2217 673 2289 magnam
697 2213 966 2289 partem
982 2193 1269 2266 civitatis
1294 2188 1735 2291 occupabunt
1758 2191 2010 2265 domus
2027 2215 2289 2284 vestrae;

212 2305 453 2405 ingens
508 2306 783 2407 pondus
839 2310 1109 2408 argenti
1164 2309 1573 2408 perstringet
1623 2309 1860 2403 oculos
1909 2337 1925 2381 ε
1976 2309 2118 2382 sed'
2146 2309 2293 2383 haec

214 2419 387 2498 intra
410 2424 754 2523 privatum
785 2425 1048 2497 valent:
1082 2453 1305 2523 quum
1336 2423 1406 2497 in
1442 2423 1808 2526 publicum
1831 2421 2100 2498 veneris
2129 2425 2292 2499 etin

214 2562 567 2636 campum,
604 2539 1021 2636 spectabitur
1043 2538 1439 2611 innocentia
1457 2596 1477 2629 ,
1511 2539 1703 2611 fides.
1729 2540 2037 2612 Forsitan
2060 2539 2292 2638 gratiae

218 2678 483 2751 quoque
517 2680 664 2726 non
696 2680 948 2755 parum
990 2654 1195 2726 nobis
1228 2655 1429 2726 affert
1469 2654 1620 2753 ipsa
1660 2654 1986 2725 tenuitas:
2024 2653 2154 2723 uhi·
2183 2674 2293 2725 ta-

215 2768 467 2843 bellam
496 2800 837 2872 pauperes
863 2774 1128 2863 ferunt,
1164 2794 1315 2845 tum
1349 2770 1538 2843 subit
1562 2770 1764 2842 tacita
1797 2796 2148 2869 quemque
2181 2796 2296 2842 co·—

216 2887 441 2982 gitatio
487 2888 825 2986 superbiae
870 2908 1141 2960 vestrae:
1192 2908 1343 2959 tum
1391 2887 1751 2975 omniurn,
1801 2913 1970 2985 quas
2002 2886 2294 2985 singulis

215 3002 469 3101 facitis,
511 3004 952 3105 injuriarum.
990 3008 1316 3077 Attamen
1351 3003 1426 3074 in
1458 3002 1714 3074 caeteris
1753 3004 2100 3103 (petentes
2143 3028 2296 3074 ma-

220 3117 520 3214 gistratus
556 3118 711 3192 dico
746 3141 949 3218 atque
984 3119 1412 3219 provincias)
1455 3118 1726 3217 possitis
1767 3118 1986 3189 tribus
2021 3142 2250 3189 emere
2271 3174 2293 3207 ‚

221 3234 507 3330 pecunia
528 3234 831 3334 dispersa
854 3262 1096 3334 parare
1110 3234 1413 3333 gratiam
1437 3262 1452 3307 ε
1481 3234 1604 3306 ubi
1629 3259 1789 3306 vero
1811 3232 1896 3304 de
1917 3231 2294 3305 sacerdotio

223 3350 566 3445 quaeritur3
586 3372 651 3423 et
655 3351 1011 3452 judicium
1027 3350 1268 3450 religio
1288 3349 1456 3448 agit:
1471 3348 1667 3421 illam
1689 3348 1992 3448 populus
2008 3355 2292 3447 spectat‘,

225 3460 403 3535 illam
420 3466 751 3556 intuetur,
782 3492 933 3563 quae
965 3492 1237 3564 semper
1257 3466 1493 3536 futura
1510 3464 1597 3535 sit
1613 3463 1837 3561 virg03
1869 3488 2022 3563 quae
2043 3490 2084 3534 a
2103 3462 2293 3534 cultu

228 3581 635 3679 templorum
653 3639 672 3672 ‚
706 3609 747 3655 a
768 3580 975 3655 sacris
997 3608 1141 3654 non
1174 3606 1542 3653 recessura,
1575 3582 1736 3651 Non
1765 3604 2024 3668 vereor,
2050 3604 2140 3649 ne
2164 3578 2296 3651 ista

230 3692 443 3769 videar
462 3697 815 3797 praesentis
836 3698 1057 3798 gratia
1064 3696 1320 3798 judicii
1351 3696 1577 3769 dicere
1594 3690 2106 3768 :sacerdotium
2139 3694 2293 3765 filiae

236 3832 383 3879 meae
414 3834 575 3885 ante
610 3804 969 3886 rumorem
999 3813 1285 3911 speravi.
1332 3813 1469 3885 Sed
1503 3838 1625 3884 cur
1657 3838 1784 3911 ego
1819 3810 2086 3882 diutius
2119 3808 2297 3881 circa

240 3946 488 3999 cansam
521 3928 850 4005 maleficii
880 3928 1081 4001 istius
1104 3927 1315 4001 etiam
1346 3926 1620 4003 moror?
1653 3926 2002 4000 confessus
2027 3945 2150 3996 est.
2183 3928 2294 3999 An

298 4108 338 4145 1.
366 4096 855 4173 Jun'squejumndc'.
886 4098 1213 4173 Jurt'queju-
1366 4117 1412 4151 2.
1439 4094 1687 4171 Hoecfiet.
1709 4094 1916 4150 Scilicet
1934 4090 2294 4147 sacer-domvi-

237 4174 391 4226 mndo.
416 4176 637 4231 Senum.
1296 4174 1363 4229 de
1388 4174 1462 4229 ad'
1480 4178 1608 4229 Inst.
1636 4174 1726 4226 lib.
1745 4176 1810 4241 V,
1843 4189 1920 4227 ιο.
1949 4174 2114 4225 Bmm.
