2855 4871
1069 400 1162 462 M.
1211 398 1463 463 FAmr
1510 396 2145 480 QUINTILIANI

557 524 742 595 bitus
763 520 969 594 faciet
983 577 1003 611 ‚
1031 539 1106 592 ut
1126 520 1555 617 interrogent
1571 539 2131 591 transcurrentes.
2152 522 2311 591 Jam
2342 520 2461 591 illa
2482 542 2669 594 tern-

557 664 729 737 pora
770 635 1024 735 cogita,
1069 633 1326 730 quibus
1371 658 1581 705 senex
1620 631 1871 731 aliquis
1894 646 1912 675 ¹
1952 631 2259 705 narrabit
2298 634 2515 706 fuisse
2552 656 2627 706 te
2648 690 2671 725 ,

561 752 683 851 qui
707 747 1318 848 inexpugnabilem
1340 772 1568 819 arcem
1596 746 1889 819 intrares
1914 772 2039 845 pro
2059 774 2290 820 sorore
2314 776 2327 820 :
2352 774 2669 847 puerum

561 867 790 939 adhuc
833 864 1075 939 fecisse
1119 863 1434 936 fortiter:
1482 862 1693 935 debes
1730 861 1945 961 igitur
1978 862 2154 933 mihi
2186 864 2621 937 beneficium
2646 924 2671 959 ‚

561 979 751 1082 quod
782 978 1334 1079 tyrannicidium
1361 998 1569 1051 tuum
1596 1003 1874 1078 semper
1905 979 2429 1051 monstrabitur.

564 402 687 470 160

562 1258 1012 1281 mm
2272 1258 2673 1280 mm

1257 1460 1950 1538 CCLXXXIII.
2018 1464 2035 1479 '

1203 1690 1498 1787 Cynicus
1552 1690 1779 1762 diserti
1808 1688 2027 1790 filius.

957 1894 1231 1954 Disertus
1253 1892 1549 1973 cynicum
1580 1889 1785 1950 filium
1811 1888 2076 1950 abdicat.
2102 1890 2171 1949 C.
2198 1890 2274 1949 D.

1261 2100 1974 2169 DECLAMATIO.

673 2252 756 2318 In
783 2272 1201 2346 quacunque
1228 2268 1449 2346 parte,
1476 2276 1621 2321 non
1642 2268 1999 2349 parentem
2018 2246 2204 2348 juste
2229 2242 2674 2317 abdicarem:

578 2364 738 2435 ideo
781 2362 974 2435 enim
1016 2390 1132 2437 vos
1179 2363 1620 2453 sustulimus,
1664 2384 1743 2435 ut
1782 2362 1984 2434 nobis
2028 2358 2563 2461 obsequamini:
2610 2380 2685 2430 et

577 2503 755 2554 certe
789 2479 1024 2552 nullus
1059 2481 1485 2554 excusatius²
1521 2509 1560 2552 a
1588 2502 1779 2580 patre
1815 2507 1958 2552 non
1992 2478 2421 2578 probabitur,
2451 2503 2681 2577 quam

578 2599 698 2697 qui
729 2624 870 2670 non
897 2598 1146 2695 probat
1171 2619 1438 2698 patrem
1456 2596 1509 2669 3.
1538 2597 1817 2671 Scilicet
1840 2623 1965 2668 nos
1992 2593 2218 2686 stulti,
2250 2593 2369 2691 qui
2398 2593 2641 2664 forum
2661 2649 2683 2684 ,

579 2765 636 2804 ut
669 2754 723 2803 in
756 2750 909 2804 bellis
943 2771 1078 2824 saepe
1107 2751 1304 2804 incidite
1335 2753 1589 2821 majorem
1672 2762 1723 2801 et
1744 2749 1963 2812 xxxn,
1992 2766 2052 2800 2:
2084 2771 2105 2794 α
2124 2747 2435 2800 Excusatius
2458 2743 2687 2797 sacrile-

578 2829 808 2896 laudern‚
821 2849 981 2902 quam
997 2846 1178 2902 aperta
1193 2833 1289 2895 vis,
1302 2844 1587 2883 merentur.
1679 2850 1700 2873 ι
1718 2829 1803 2898 gia
1828 2828 2221 2879 commissurus.
2245 2847 2267 2870 ι
2298 2825 2468 2876 Eunu.

583 2913 660 2962 Ne
685 2911 880 2980 pudeat
903 2929 1033 2980 ergo
1051 2912 1239 2977 vestis,
1263 2929 1426 2982 quum
1450 2911 1503 2961 in
1526 2927 1588 2961 ea
1744 2909 1793 2961 3.
1820 2909 1987 2978 Quam
2006 2909 2101 2980 qui
2120 2924 2225 2956 non
2248 2905 2435 2978 probat
2454 2912 2686 2974 patr-ent.

581 2990 788 3040 fortiter
815 2988 1035 3054 feceris,
1061 3003 1120 3040 ut
1153 3007 1262 3039 non
1297 2987 1464 3059 pudet
1494 2986 1589 3039 du·
1668 2993 1851 3043 Fortes
1880 3002 2171 3041 nascuntur
2197 2985 2456 3038 fortibus:
2484 2987 2687 3038 merito

581 3084 670 3118 ecs
711 3085 943 3120 summos
985 3085 1080 3137 per
1121 3065 1337 3120 insidias
1379 3067 1589 3119 hostem
1667 3075 1828 3144 igitur
1852 3071 1941 3122 hic
1970 3069 2273 3134 abdicatur,
2302 3068 2427 3138 quia
2460 3068 2689 3138 cynicus

583 3144 923 3196 interfecisse.
949 3145 1157 3197 Habent
1179 3163 1304 3196 vero
1329 3157 1435 3210 est,
1456 3163 1591 3196 con-

586 3229 754 3277 tinent
801 3227 856 3276 in
908 3243 964 3277 se
997 3245 1010 3276 ε
1061 3238 1120 3276 ut
1169 3225 1474 3279 schefferus
1520 3225 1591 3278 nd

587 3305 782 3359 phaedr.
807 3305 934 3356 Fab.
961 3308 1013 3372 1,
1035 3323 1124 3376 19,
1149 3323 1166 3356 ι
1187 3327 1199 3356 =
1232 3331 1254 3352 ιι
1277 3307 1485 3359 Habent
1505 3309 1590 3359 in-

590 3385 794 3516 oeBsidias
824 3383 1052 3438 hominis
1082 3384 1356 3438 blanditia
1391 3385 1534 3438 mali.
1562 3409 1585 3435 a

631 3481 759 3516 unu.

668 3560 685 3593 1
698 3582 709 3593 .
733 3543 901 3594 Senex
922 3541 1129 3614 aliquis.
1152 3543 1322 3596 Senex
1337 3541 1459 3598 aliis
1476 3563 1595 3598 nar-

591 3622 752 3688 rabis,
776 3620 978 3673 Schult.

662 3721 711 3755 2.
738 3703 808 3754 Ec
830 3715 962 3755 certe
981 3701 1158 3756 nullus
1174 3715 1461 3756 excusatus.
1478 3707 1593 3758 Vct.

591 3784 876 3856 exemplar.
907 3786 1224 3849 excusatius,
1255 3799 1416 3838 recte.
1448 3787 1594 3840 Pt'rn.

591 3870 871 3924 Accusatus
885 3905 901 3930 ,
941 3866 1121 3920 AErod.
1163 3867 1246 3920 Al.
1281 3867 1561 3922 Abdicatus
1574 3908 1592 3936 ,

592 3947 672 4000 vel
693 3945 922 4000 excursus
931 3986 949 4014 ,
966 3945 1048 3998 vel
1067 3959 1335 4000 excusatus
1345 3969 1365 4010 ,·
1385 3946 1478 4001 sed
1492 3967 1601 4000 om-

595 4048 688 4082 nes
705 4031 900 4082 frustra
915 4015 928 4080 :⁸
943 4029 1133 4082 Justin.
1151 4029 1306 4094 XXI,
1331 4047 1350 4081 1
1370 4051 1382 4081 ε
1407 4031 1601 4082 :Excu-

601 4131 623 4155 u
643 4110 806 4160 satius
825 4110 1061 4162 facturus
1073 4147 1090 4176 ,
1111 4107 1258 4181 quod
1279 4122 1593 4176 statuerat,-

1670 3153 1807 3206 filius
1828 3151 1895 3204 ad
1914 3150 2179 3204 urbanum
2200 3161 2251 3201 et
2268 3146 2565 3200 facundum
2586 3167 2691 3219 pa-

1671 3246 1803 3283 trem
1831 3230 2095 3301 pertinere
2122 3245 2231 3280 non
2258 3226 2495 3288 videtur,
2520 3223 2691 3278 dissi-

1672 3307 1967 3360 militudine
1993 3299 2197 3360 morum
2220 3325 2331 3358 non
2353 3303 2553 3376 probat
2581 3323 2691 3376 pa·-

1672 3402 1822 3440 trem.
1848 3388 1913 3438 Et
1937 3387 2107 3438 Varro
2134 3383 2415 3458 quemdam
2440 3385 2495 3436 in
2520 3395 2694 3436 testa·

1672 3483 1851 3519 mento
1888 3470 1963 3518 ita
2000 3467 2198 3518 cavisse
2236 3463 2444 3528 retulit,
2474 3463 2527 3514 Si
2564 3464 2690 3535 quis

1672 3543 1802 3598 mihi
1824 3544 1961 3597 filius
1986 3565 2122 3598 unus
2147 3543 2387 3616 pluresve
2416 3544 2469 3593 in
2495 3541 2693 3594 decem

1674 3625 1945 3680 mensibus
1965 3627 2272 3696 gignuntur,
2294 3624 2331 3673 ii
2356 3623 2401 3674 si
2418 3633 2577 3674 erunt
2598 3621 2693 3672 ὄνοι

1675 3706 1840 3776 λύραις,
1864 3705 2152 3759 exheredes
2173 3718 2348 3758 sunto.
2364 3703 2689 3771 Quintilian.

1677 3787 1767 3840 lib.
1785 3789 1874 3854 IV,
1890 3807 1936 3839 c.
1954 3805 2004 3852 2,
2016 3786 2060 3858 ς.
2076 3789 2161 3842 302
2184 3785 2314 3838 -Sed
2329 3787 2383 3838 in
2399 3783 2693 3836 scholasti-

1684 3895 1706 3919 ιι
1726 3873 1800 3922 cis
1830 3887 2045 3942 quoque
2068 3885 2454 3939 nonnunquam
2476 3867 2657 3918 evcnit
2676 3906 2692 3928 ,

1685 3973 1707 3997 ι
1728 3962 1786 4000 ut
1818 3969 1916 4020 pro
1945 3949 2245 4000 narratione
2272 3946 2339 3997 sit
2364 3945 2689 4016 propositio.

1685 4054 1707 4077 ι
1727 4030 1869 4082 Nam·
1900 4028 2029 4102 quid
2060 4041 2320 4100 exponet,
2344 4045 2457 4100 qun
2488 4025 2691 4097 zeloty-

1686 4134 1709 4160 ιι
1728 4129 1860 4185 pum
1888 4109 2037 4165 mala
2068 4110 2395 4164 tractationis
2429 4121 2651 4161 accusat
2668 4107 2697 4156 ἲ
