2855 4871
531 466 1364 534 DECLAMATIONES.
1411 469 1853 538 CCCXLIX.
2106 473 2239 562 437

134 590 200 666 si
227 591 404 692 quid
431 616 639 688 super
664 590 792 661 hac
813 604 829 634 ¹
871 589 1210 661 momenti
1240 590 1522 661 fortuna
1556 619 1852 689 praesens
1875 592 2233 694 judicium

137 709 394 798 hahet,
423 733 742 779 accusare
770 733 934 777 eum
955 763 973 794 ,
1003 705 1126 804 qui
1156 707 1539 778 exorandus
1562 708 1688 778 sit:
1726 735 1873 782 non
1901 730 2003 781 est
2029 710 2240 808 igitur

139 820 537 894 dementia:
583 847 712 892 nec
752 821 958 891 refert
997 820 1083 888 ad
1123 845 1418 918 praesens
1447 820 1801 921 judicium
1824 878 1841 911 ‚
1881 850 2108 923 neque
2146 826 2237 898 ad

137 959 438 1011 vestram
470 935 1158 1035 pronunciationem,
1195 962 1284 1007 an
1315 961 1444 1035 ego
1478 936 1691 1010 durus
1730 957 1945 1036 pater,
1983 969 2071 1013 an
2107 969 2235 1040 ego

141 1053 453 1124 nimium
489 1077 762 1124 severus
795 1079 808 1121 ε
857 1077 1000 1122 non
1038 1049 1124 1122 de
1153 1051 1284 1122 hoc
1312 1051 1641 1150 quaeritur
1675 1080 1689 1124 :
1724 1053 1885 1125 satis
1918 1074 2052 1146 est,
2091 1083 2238 1131 non

139 1195 292 1240 esse
315 1167 680 1240 furiosum.
715 1169 875 1238 Non
905 1193 1108 1238 exoro
1137 1185 1202 1236 te
1221 1223 1240 1256 ‚
1277 1167 1541 1263 inquit,
1581 1194 1805 1266 quum
1836 1171 2185 1268 rapuerim
2214 1199 2247 1243 :-

143 1283 457 1356 mii-aris?
479 1283 612 1355 hoc
640 1277 830 1354 enim
858 1302 992 1370 est,
1019 1282 1209 1380 quod
1235 1301 1301 1353 te
1327 1281 1404 1353 in
1425 1282 1559 1354 hoc
1584 1283 1979 1383 impulerit:
2006 1286 2242 1360 adhuc

141 1398 322 1498 quid
362 1397 638 1488 feceriS‚
681 1396 924 1469 nescis.
971 1397 1133 1467 Non
1183 1395 1340 1468 dico
1383 1395 1540 1486 illa,
1584 1423 1740 1495 quae
1780 1398 2065 1471 fortasse
2106 1400 2235 1471 tibi

143 1512 408 1585 leviora
437 1510 822 1598 videantur,
855 1536 1010 1608 quae
1051 1507 1140 1579 ad
1173 1511 1538 1581 materiam
1574 1511 1962 1610 pertinent:
1997 1515 2247 1612 Expu-

144 1627 373 1727 gnasti
407 1627 736 1717 domum,
771 1646 842 1697 et
859 1624 1148 1722 virginis
1182 1645 1577 1723 praetextam
1612 1626 1900 1716 scidisti,
1936 1648 2007 1700 et
2040 1629 2241 1726 puel-

143 1745 294 1817 lam
329 1767 548 1840 usque
580 1742 654 1813 in
689 1767 842 1812 eam
877 1740 1210 1841 injuriam
1247 1740 1547 1830 traxisti,
1583 1768 1724 1840 qua
1755 1734 1933 1813 nihil
1967 1743 2238 1840 gravius

139 1857 332 1930 bella
361 1857 646 1930 habent.
677 1857 830 1946 Tu,
859 1855 981 1956 qui
1017 1855 1092 1926 in
1127 1855 1200 1926 id
1227 1875 1294 1926 te
1321 1854 1717 1953 periculum
1752 1856 2126 1947 demisisti,
2159 1879 2239 1931 ut

141 1974 274 2046 tibi
317 1971 704 2044 exorandus
742 1991 916 2042 esset
945 1989 1165 2069 pater,
1197 1969 1510 2061 miraris,
1542 1970 1732 2068 quod
1773 1997 1917 2041 non
1952 1971 2239 2042 exorasti

147 2085 462 2187 patrem?
493 2087 562 2158 Si
593 2085 944 2159 incidisses
974 2085 1044 2156 in
1083 2083 1238 2156 illos
1269 2083 1695 2158 felicioribus
1723 2085 1971 2158 seculis
1999 2105 2235 2177 natos,

143 2229 316 2274 cum
350 2201 605 2301 quibus
635 2201 848 2272 virtus
887 2200 1110 2298 magis
1142 2226 1523 2271 commune
1564 2198 1835 2270 bonum
1871 2221 2047 2290 erat,
2092 2227 2239 2274 non

144 2334 648 2414 exspectassent
702 2315 931 2412 legem
961 2369 981 2404 ,
1043 2340 1185 2386 non
1249 2333 1751 2413 exspectassent
1811 2313 2237 2387 tricesimum

146 2431 339 2505 diem
357 2446 409 2504 ².
439 2434 646 2505 Nunc
671 2457 786 2503 me
811 2429 1056 2504 merito
1082 2429 1508 2503 contemnis:
1542 2427 1827 2501 flentem
1857 2428 2236 2528 aliquando

145 2546 378 2618 vidisti
407 2572 423 2616 :
468 2572 610 2618 non
649 2544 934 2618 auderes
968 2571 1288 2617 accusare
1327 2565 1633 2643 patrem,
1668 2544 1724 2615 si
1759 2542 2053 2615 timeres.
2084 2545 2234 2635 Tu,

143 2664 204 2735 si
251 2662 606 2734 incidisses
653 2662 726 2734 in
770 2662 1014 2755 illum,
1063 2661 1185 2759 qui
1227 2661 1544 2733 laudatas
1592 2658 1717 2730 filii
1758 2658 1863 2731 sui
1900 2656 2243 2733 3cervices

225 2833 270 2867 1.
309 2816 382 2867 Et
411 2816 460 2869 εἰ
490 2816 622 2888 quid
652 2836 806 2888 supra
839 2817 950 2870 hac.
986 2816 1153 2889 Lege,

143 2894 257 2960 Ac,
276 2894 320 2947 ,π’
335 2894 465 2965 quid
481 2912 635 2966 super
655 2895 752 2947 hoc
771 2896 1024 2947 momenti
1035 2895 1155 2965 for·

145 2975 302 3027 mula
322 2992 514 3047 proesen
523 2976 786 3050 tis-indicii
807 2975 982 3043 habet,
1007 2995 1155 3029 accu-

145 3072 226 3107 sas
262 3070 382 3105 eum
401 3092 419 3119 ,
455 3068 555 3107 etc.
597 3056 674 3107 Ita
712 3068 896 3107 contra
925 3055 1154 3128 fot-tuna

145 3154 252 3207 pro
278 3134 532 3202 formula,
557 3136 846 3189 Declamat.
869 3134 1150 3189 cocxm.

144 3217 370 3268 Senum.
393 3215 564 3287 Supra
587 3213 935 3282 hoc2AEt-odii
951 3212 1078 3267 edit.
1101 3229 1157 3267 et

143 3297 218 3350 al.
243 3298 413 3368 Super
429 3296 555 3361 hac,
579 3296 707 3351 Obr.

223 3394 274 3427 2.
303 3376 432 3428 Non
451 3386 815 3447 exspectassent
840 3374 1153 3451 trigesimum

145 3455 311 3507 diem.
333 3454 461 3523 Qum
479 3472 624 3505 mora
646 3454 716 3505 ob
741 3453 978 3509 duriores
1003 3470 1054 3507 et
1079 3475 1154 3509 se-

147 3536 384 3586 veriores
418 3528 594 3604 patres
624 3532 742 3605 lege
775 3551 1024 3587 concessa
1046 3572 1062 3599 ‚
1094 3547 1156 3586 ut

145 3613 258 3665 hoc
279 3610 555 3663 intervallo
582 3612 816 3665 mitiores
843 3611 970 3663 fiant
996 3625 1048 3663 et
1071 3612 1154 3663 in-

145 3692 527 3762 dulgentiores.
553 3692 731 3743 AEuon.

223 3772 278 3823 3.
310 3770 414 3839 Qui
437 3766 797 3842 laudatasfilii
825 3768 904 3821 sui
923 3770 1153 3822 cervices.

145 3852 270 3904 Nic.
299 3849 474 3902 Faber
499 3850 727 3915 mavult,
761 3850 1028 3903 laureatas.
1059 3852 1156 3903 Cui

145 3935 360 4007 optimo
394 3943 447 3983 et
477 3932 793 3984 amicissimo
825 3933 936 3983 viro
967 3931 1155 3985 lubens

145 4009 432 4065 assentior.
458 4010 602 4060 Prm.
626 4008 1157 4076 Brutum,Cassium,

143 4088 518 4143 posthumium
552 4086 863 4155 Tiburtum,
899 4086 1156 4142 Manlium

143 4170 520 4243 Torquatum,
562 4168 756 4221 Aulum
789 4168 1028 4223 Fulvium
1047 4208 1064 4238 .‚
1103 4181 1158 4223 et

1233 2816 1364 2867 alios
1399 2814 1635 2887 ejusdem
1666 2826 1805 2866 notae
1838 2813 2129 2865 severitatis
2156 2812 2241 2863 in-

1231 2894 1435 2965 telligit.
1488 2896 1667 2945 AEnoo.
1719 2890 1946 2943 Laudati
1974 2887 2094 2961 filii
2137 2891 2247 2943 sui„

1234 2974 1456 3027 Senum.
1486 2974 1776 3025 laudatam
1804 2970 1858 3043 f.
1892 2990 1931 3024 s.
1958 2970 2235 3040 cervicem,

1231 3056 1500 3108 Francius.
1522 3053 1623 3106 sed
1644 3052 1869 3105 laudata·
1885 3054 2101 3105 cervices
2119 3070 2240 3124 pos·

1233 3148 1356 3186 sunt
1381 3136 1579 3205 exponi
1601 3131 1852 3205 pulchrae.
1881 3131 2032 3187 ovid.
2067 3134 2233 3204 Epist.

1231 3216 1380 3281 xvl,
1407 3216 1535 3268 131ae
1562 3214 1665 3267 Sed
1686 3212 1815 3267 mihi
1840 3212 2108 3266 laudatam
2138 3231 2235 3265 cu-

1239 3299 1450 3370 «pienti
1497 3314 1714 3349 cernere
1761 3296 2022 3359 formam,
2075 3305 2176 3345 etc.
2203 3316 2228 3342 ιι

1228 3375 1350 3428 Vid.
1385 3377 1566 3429 Heius.
1599 3374 1669 3426 ad
1700 3373 1853 3427 ovid.
1885 3374 2013 3425 Met.
2036 3372 2102 3438 V,
2133 3372 2228 3441 592

1231 3458 1332 3511 nisi
1357 3455 1446 3508 hic
1474 3474 1571 3528 pro
1602 3455 1725 3507 oiim
1750 3450 1973 3505 laudatis
1989 3488 2007 3517 ,
2032 3452 2102 3503 ob
2128 3454 2234 3505 vir-

1233 3550 1398 3591 tutem
1413 3550 1467 3589 et
1480 3534 1843 3589 fortitudinem
1858 3546 2125 3604 praestaret
2142 3552 2236 3585 ca—

1232 3636 1376 3689 pere,
1391 3630 1453 3667 ut
1464 3614 1610 3668 Deci.
1628 3616 1718 3682 IV,
1733 3632 1751 3665 1
1768 3631 1810 3664 t:
1831 3610 2037 3664 «Lauda
2045 3624 2107 3663 tae
2119 3628 2234 3662 ma-

1240 3718 1263 3744 ·
1282 3715 1408 3758 nus;
1424 3718 1447 3741 ι
1475 3696 1596 3765 quia
1620 3706 1795 3745 tamen
1817 3689 1903 3742 hic
1930 3689 1995 3742 ad
2015 3691 2233 3740 Brutum

1235 3776 1422 3849 respici
1444 3788 1605 3846 puto,
1629 3772 1697 3825 de
1720 3774 1869 3841 cujus
1893 3770 1985 3822 filii
2006 3788 2105 3822 nec
2128 3770 2234 3820 for-

1237 3872 1347 3921 ma,
1366 3872 1466 3906 nec
1486 3855 1671 3905 virtute
1693 3850 1979 3921 quidquam
1998 3849 2237 3899 referunt

1235 3936 1549 4004 scriptores,
1580 3931 1755 3983 malim
1788 3928 2005 3982 nudatas
2015 3924 2131 3999 filia·
2154 3928 2235 3980 sui

1234 4012 1464 4064 cervices.
1504 4012 1639 4061 Nam
1670 4008 1879 4070 Livius,
1912 4005 2002 4057 iib.
2040 4006 2086 4057 n
2105 4042 2123 4071 ‚
2162 4004 2195 4059 5
2214 4043 2235 4074 ‚

1237 4090 1454 4143 nudatos
1468 4090 1772 4158 conjuratos
1782 4124 1799 4151 ,
1808 4084 1965 4153 virgis
1978 4102 2137 4139 οπεος
2148 4124 2166 4155 ,
2180 4098 2234 4137 et

1237 4170 1404 4222 securi
1427 4182 1707 4240 percussos
1731 4166 1819 4216 ait.
1844 4164 2013 4216 Btmt.
