2855 4871
621 408 753 488 436
1132 404 1226 466 M.
1275 400 1525 464 FAssn
1572 401 2209 483 QUINTILIAM

617 533 766 596 Non
813 544 1034 592 tamen
1081 520 1543 613 praetereunda
1588 539 1744 587 sunt
1788 523 1932 604 illa,
1984 527 2291 615 quamvis
2342 531 2715 596 communia

617 657 772 700 cum
815 632 956 696 aliis
1001 627 1467 695 controversiis
1516 628 1777 714 generis
1823 627 2057 718 hujus,
2103 652 2253 718 quae
2296 632 2477 696 circa
2518 635 2713 722 ipsam

618 741 1053 832 quaestionem
1073 734 1312 801 demen
1321 736 1426 798 tiae
1442 750 1807 799 versantur.
1826 735 2227 823 Negabimus
2244 739 2429 802 enim
2452 741 2713 806 crimine

615 869 752 912 uno
799 867 994 934 posse
1041 839 1453 929 deprehendi
1508 838 1962 905 dementiam:
2010 858 2077 908 et
2124 840 2257 908 hoc
2302 847 2713 936 propositum

615 969 918 1018 nostrum
958 944 1417 1038 adjuvabimus
1462 943 1797 1024 finitione,
1834 962 1909 1010 ut
1944 945 2274 1028 dioemus,
2312 949 2713 1018 dementiam

615 1083 758 1126 esse
795 1059 1085 1124 ablatum
1117 1077 1340 1120 rerum
1379 1053 1677 1118 omnium
1720 1053 2173 1120 intellectum:
2211 1057 2471 1147 alioqui
2508 1062 2713 1124 nemi-

614 1189 769 1230 nem
797 1181 930 1229 tam
963 1161 1259 1237 felicem,
1291 1159 1407 1247 qui
1438 1181 1574 1224 non
1602 1159 1825 1246 aliqua
1848 1160 2238 1246 poenitentia
2262 1162 2465 1251 digna
2486 1165 2709 1245 faciat,

615 1271 892 1361 quinon
922 1265 1256 1354 subjectus
1282 1264 1364 1328 sit
1395 1263 1636 1328 errori:
1664 1278 1732 1326 et
1762 1262 1894 1327 hoc
1918 1267 2260 1353 proprium
2286 1291 2427 1332 non
2452 1267 2713 1335 demen-

615 1378 700 1443 tis
739 1395 914 1452 esse,
942 1393 1176 1436 verum
1213 1367 1525 1432 hominis.
1567 1371 1783 1456 Atque
1821 1366 1906 1432 ad
1944 1367 2100 1449 hoc,
2139 1371 2323 1459 quod
2360 1395 2711 1440 commuue

617 1504 770 1550 cum
807 1476 1114 1546 omnibus
1147 1492 1281 1554 est,
1325 1473 1579 1563 aliquid
1618 1476 1818 1540 etiam
1855 1477 2127 1564 proprie
2166 1478 2709 1567 ¹applicabimus„

617 1585 797 1678 quod
826 1586 967 1678 ejus
993 1585 1250 1674 generis
1280 1582 1523 1649 dicitur
1548 1581 1886 1648 dementia
1908 1607 2083 1664 esse,
2110 1585 2197 1650 de
2229 1609 2358 1674 qua
2383 1587 2711 1676 judicium

617 1711 750 1774 est,
796 1712 871 1760 ut
913 1689 1253 1758 emendari
1297 1713 1431 1756 uno
1471 1690 1680 1755 verbo
1726 1692 1994 1779 possit².
2044 1696 2251 1758 Porro
2292 1717 2499 1784 quum
2544 1695 2712 1763 adeo

615 1801 996 1866 confessum
1033 1799 1150 1877 sit,
1191 1795 1599 1861 dementiam
1634 1819 1772 1863 non
1809 1819 2005 1885 posse
2038 1798 2285 1878 curari,
2316 1819 2390 1864 ut
2425 1823 2511 1867 ne
2551 1801 2709 1868 illud

619 1905 890 1997 quidem
913 1902 1134 1970 adhuc
1153 1903 1435 1968 inveniri
1455 1903 1778 1992 potuerit,
1798 1925 1949 1992 quae
1968 1926 2161 1982 oeusa
2182 1905 2427 1970 faceret
2444 1907 2711 1974 demen-

616 2013 804 2091 tiam,
833 2011 946 2076 ubi
971 2011 1230 2076 animus
1255 2005 1721 2075 consisteret3:
1749 2010 2052 2098 profecto
2075 2032 2210 2075 non
2232 2015 2481 2100 poterit
2504 2015 2709 2081 videri

619 2117 984 2195 dementia,
1011 2137 1160 2205 quae
1184 2130 1283 2180 est
1313 2117 1383 2178 in
1407 2112 1699 2180 hominis
1723 2129 2072 2203 potestate.

1313 2333 2021 2398 DECLAMATIO.

715 2515 785 2587 Si
833 2534 1148 2587 exoratus
1185 2516 1423 2607 fuero,
1468 2517 1703 2589 statim
1748 2541 1893 2587 non
1940 2515 2151 2588 modo
2188 2542 2437 2608 sanus,
2472 2546 2703 2593 verum

621 2631 830 2705 etiam
859 2631 1085 2702 bonus
1109 2652 1300 2730 pater
1323 2652 1391 2703 et
1414 2632 1790 2729 indulgens
1819 2658 1956 2703 ero.
1974 2632 2104 2703 Vis
2136 2632 2343 2723 scire,
2375 2632 2514 2725 fili,
2543 2634 2703 2731 quid

620 2746 710 2818 sit
739 2744 1133 2818 dementia?
1163 2744 1503 2819 deducere
1536 2772 1608 2817 se
1637 2745 1713 2815 in
1748 2744 2138 2843 periculum
2178 2746 2425 2844 capitis
2454 2748 2703 2847 cupidi·

621 2857 840 2932 tate4:
874 2886 1021 2931 non
1055 2858 1440 2958 intelligere
1468 2884 1716 2961 pacem
1740 2916 1759 2950 ,
1795 2886 1939 2931 non
1973 2859 2357 2959 intelligere
2388 2861 2575 2961 leges
2603 2891 2619 2935 ε
2648 2884 2701 2934 et

699 3098 741 3131 ι.
781 3082 1000 3155 Proprie
1029 3084 1429 3157 applicabimus.
1462 3088 1627 3139 Frau-

621 3162 732 3214 cius
770 3162 980 3233 legebat
997 3201 1014 3229 ‚
1050 3167 1266 3238 proprii.
1306 3168 1584 3241 Proprium
1602 3206 1621 3234 ,

622 3238 883 3293 AErodius.

697 3336 742 3369 2.
773 3319 844 3370 Ut
863 3318 1129 3371 ernendan'
1151 3338 1255 3372 uno
1280 3324 1424 3375 verbo
1446 3324 1620 3394 possit.

622 3400 818 3453 Seneca
843 3418 905 3451 ex
931 3398 1202 3451 Gallione:
1237 3424 1258 3445 κ
1275 3403 1359 3452 Τιι
1383 3420 1493 3453 non
1516 3421 1627 3455 me—

625 3500 649 3525 «
669 3496 791 3529 cum
805 3480 942 3549 agis,
960 3475 1106 3549 quod
1123 3496 1235 3530 non
1253 3481 1510 3532 exorasti:
1532 3480 1628 3533 sed

628 3579 652 3603 ιι
671 3555 819 3627 quod
862 3575 972 3607 non
1019 3572 1326 3611 exoraturus
1371 3576 1447 3611 es.
1495 3561 1627 3611 Puta

629 3658 650 3681 ι
672 3636 812 3687 enim
829 3634 990 3686 hodie
1008 3653 1092 3686 me
1111 3639 1316 3689 exorari
1329 3674 1350 3702 .,
1375 3656 1505 3689 unm
1524 3656 1623 3709 ego

627 3736 650 3761 κ
670 3712 886 3765 demens
895 3712 1134 3780 videbor,
1144 3716 1237 3787 qui
1246 3734 1354 3767 uno
1365 3734 1449 3767 me
1460 3716 1623 3768 verbo

629 3818 653 3842 ιι
673 3813 861 3847 sanare
883 3795 1083 3867 possim
1099 3798 1123 3847 ἰ’
1141 3818 1163 3843 υ
1195 3798 1272 3848 Ita
1307 3798 1447 3849 euim
1473 3799 1626 3851 resti-

625 3878 716 3928 tui.
745 3878 925 3930 AEnon.

695 3955 745 4006 3.
771 3956 870 4007 Ubi
881 3956 1090 4009 animus
1101 3958 1403 4009 consisteret.
1419 3959 1626 4029 Nempe

623 4030 758 4083 illud
776 4046 853 4085 est
867 4071 882 4099 ,
907 4032 1055 4105 quod
1069 4052 1132 4086 ex
1145 4034 1341 4086 Arellio
1362 4036 1531 4088 Fusco
1551 4036 1626 4086 ait

623 4108 822 4164 Seneca
842 4133 857 4162 ι
905 4134 928 4162 ιι
953 4114 1077 4165 Non
1112 4131 1330 4185 possum
1371 4131 1621 4167 exorere:

1710 3106 1734 3133 ι
1754 3086 1955 3139 tamdiu
1978 3106 2118 3140 novo
2139 3106 2289 3140 more
2306 3088 2495 3161 objicit
2506 3088 2699 3144 dmen-

1710 3190 1733 3215 α
1752 3169 1835 3220 tiae
1866 3172 2235 3221 constantiam.
2258 3193 2281 3217 ι
2320 3173 2507 3223 AEnon.
2534 3172 2699 3226 cmi-

1702 3258 1830 3299 stere
1850 3249 2069 3318 proprie
2090 3246 2291 3299 dictum
2317 3248 2387 3301 de
2412 3270 2551 3303 sane
2570 3269 2699 3303 meu-

1705 3328 1770 3377 tis
1795 3324 2131 3388 hominibus;
2152 3326 2477 3382 Cieenverr.
2498 3330 2565 3395 n,
2578 3349 2623 3393 ι,
2640 3329 2691 3381 3:

1712 3427 1733 3451 α
1754 3405 2085 3476 ReligioneS,
2123 3422 2224 3459 ete.
2265 3412 2557 3463 consistere
2588 3414 2693 3480 ejus

1712 3506 1734 3530 ι
1754 3488 1985 3536 animum
2010 3486 2122 3537 sine
2146 3485 2330 3537 furore
2352 3502 2517 3560 atque
2536 3506 2695 3539 men-

1711 3585 1733 3607 «
1753 3564 1826 3614 tia
1850 3582 1959 3615 non
1982 3566 2177 3616 sinunt.
2200 3588 2225 3611 ιι
2252 3562 2339 3615 Ad
2353 3566 2422 3633 Q.
2448 3568 2695 3627 Fran-em,

1706 3644 1785 3709 11,
1816 3644 1881 3696 3:
1927 3662 1949 3687 ιι
1970 3646 2038 3695 Ut
2076 3662 2251 3715 neque
2288 3659 2501 3711 mente,
2532 3662 2693 3716 neque

1710 3742 1733 3767 ι
1752 3720 1934 3792 lingua
1950 3760 1969 3787 ‚
1996 3739 2169 3794 neque
2202 3740 2293 3775 ore
2330 3726 2647 3777 consisteret.
2668 3746 2691 3769 ο

1704 3799 1872 3851 Plaut.
1898 3801 2043 3853 roen.
2067 3802 2119 3867 1,
2144 3818 2204 3864 ει,
2236 3800 2334 3853 133
2353 3824 2367 3853 ε
2399 3826 2424 3849 ιι
2442 3802 2599 3855 Paeto
2618 3820 2693 3854 at>

1712 3901 1734 3925 α
1754 3892 1925 3932 tutum
1962 3882 2257 3934 eonstiterit
2282 3881 2649 3954 lymphaticus.
2666 3906 2687 3929 ι

1704 3959 1874 4010 Βυιιιι.

1774 4036 1825 4103 4.
1864 4039 2170 4111 Cupiditate-
2206 4044 2289 4093 An
2306 4079 2325 4109 ,
2366 4042 2653 4114 mpiditau
2668 4042 2691 4089 ἓ

1702 4114 1921 4169 Senum.
