2855 4871
680 415 1515 486 DECLAMATIONES.
1562 417 1898 480 CCXLV.
2298 415 2332 479 5

943 647 1648 714 DECLAMATIO.

350 810 543 880 Itane
566 804 820 878 mulier
842 805 1132 905 impune
1158 805 1516 904 peccassit‚
1543 831 1696 904 quae
1717 804 2185 878 calamitatem
2211 805 2338 877 viri

250 923 363 997 sui
400 949 523 1022 pro
556 922 914 995 occasione
946 921 1227 994 habuit.
1254 975 1269 990 .
1292 978 1308 993 .
1331 977 1346 992 .
1396 921 1528 992 bus
1571 941 1742 1012 erat,
1785 921 1900 993 cui
1939 921 2342 1019 quinquen-

252 1036 459 1108 nium
480 1035 685 1108 breve
707 1035 1107 1108 videbatur:
1140 1035 1404 1135 aequale
1424 1035 1615 1108 enim
1639 1035 1810 1108 illud
1835 1035 1969 1107 fuit
1985 1035 2182 1107 adult
2189 1091 2336 1109 .....

252 1152 667 1224 narrabatur
696 1150 893 1251 cujus
921 1151 1165 1251 opinio
1185 1207 1201 1223 .
1224 1206 1239 1222 .
1264 1217 1275 1226 .
1299 1207 1315 1222 .
1338 1207 1353 1222 .
1390 1152 1566 1223 dum
1597 1152 1955 1248 frequenS,
1991 1150 2111 1222 sed
2140 1177 2340 1250 paene

252 1265 672 1338 continuum
716 1293 795 1338 ac
839 1286 1253 1366 perpetuum
1301 1265 1458 1338 fuit.
1492 1268 1597 1338 Ne
1639 1266 1796 1365 quis
1837 1287 2070 1338 autem
2105 1264 2342 1337 existi-

251 1403 403 1454 met
432 1407 597 1453 cum
616 1395 632 1424 ¹
671 1379 865 1454 adult
887 1436 1066 1452 .....
1098 1381 1309 1454 unius
1336 1401 1612 1456 tantum
1643 1380 2150 1454 vindicandum
2169 1436 2338 1452 .....

251 1495 347 1568 ad
380 1494 782 1595 exemplum
815 1496 1025 1568 totius
1052 1495 1358 1568 civitatis.

247 1787 441 1808 mm
446 1789 741 1810 mm

1126 1788 1902 1812 mmmmmssmmwb
1911 1791 2289 1811 mmm
2295 1792 2348 1814 ν

1082 2007 1514 2085 CCXLV.

248 2241 386 2318 Qut
424 2257 771 2300 neposrrme
810 2257 1152 2299 iuncum-us
1192 2257 1446 2314 runnu,
1482 2207 1906 2312 anmietum
1942 2257 2186 2298 sorva-r.
2221 2237 2352 2312 Qui

338 2335 539 2396 filium
572 2335 965 2396 luxuriosum
1000 2335 1424 2416 relinquebat,
1473 2338 1804 2418 pecuniam
1845 2332 2052 2418 apud²
2091 2335 2348 2396 unicum

334 2433 661 2518 deposuit,
694 2450 754 2495 et
782 2433 1103 2497 mandavit
1130 2450 1201 2497 ut
1232 2435 1514 2497 redderet
1538 2435 1888 2499 emendato.
1921 2435 2086 2497 Petit
2109 2431 2349 2495 adoles-

340 2554 479 2594 cens
500 2536 867 2617 pecuniam:
896 2534 999 2595 ille
1022 2534 1448 2617 quadruplum
1472 2537 1626 2618 petit
1637 2530 1682 2596 3.

1118 2728 1483 2793 SERMO.

355 2883 685 2950 ...videtur
708 2882 817 2950 hic
837 2866 1339 2950 adolescens...'..
1368 2903 1589 2950 tamen
1613 2904 1806 2973 asper
1828 2898 2156 2946 exactor...
2180 2903 2348 2970 quo-

246 2990 437 3054 niam
461 3012 747 3079 persona
770 2990 963 3055 nobis
992 2990 1389 3079 proponitur
1417 2990 1652 3067 amici,
1682 3005 1749 3053 et
1779 2986 2007 3067 amici,
2042 2984 2172 3051 hoc
2202 2984 2348 3074 ipso

246 3096 345 3163 de
371 3120 507 3188 quo
530 3098 766 3186 agitur,
792 3097 1072 3185 probati.
1096 3100 1260 3163 Nam
1287 3098 1375 3162 ita
1398 3097 1654 3163 facilius
1679 3094 2108 3162 ostendemus
2129 3092 2350 3159 omnia

250 3190 417 3269 eum
440 3204 677 3270 fecisse
704 3203 1143 3271 adolescentis
1178 3206 1365 3270 istius
1395 3228 1617 3285 causa,
1653 3204 1707 3271 si
1741 3227 1826 3269 ne
1858 3198 2052 3267 reus4
2075 3197 2348 3290 quidem

246 3330 541 3399 usquam
564 3307 651 3374 ad
674 3307 904 3375 odium
932 3310 1370 3399 compellitur.

336 3502 385 3535 ι.
410 3483 691 3537 Εκὶσείηιει
716 3504 837 3540 eum
858 3484 1089 3540 adala...
1112 3488 1267 3541 Exis-
1346 3486 1528 3540 Scribe
1556 3509 1568 3537 :
1615 3484 1804 3537 Reddit
1841 3482 2153 3537 adolescenti
2187 3500 2354 3552 pecu-

250 3565 407 3615 finet
442 3582 585 3633 nugae
612 3564 931 3617 adulterium
968 3566 1123 3639 naias
1154 3576 1188 3616 ε.
1216 3586 1267 3618 υ.
1346 3568 1511 3621 niam.
1532 3563 2350 3640 [llequadmplumpetit.Gno1-.

244 3642 943 3714 per-tinetadex.Scum:r.Et
953 3645 1271 3716 suprabreve
1346 3649 1514 3720 Lege,
1547 3648 1682 3721 petit
1715 3644 2006 3699 adolescens
2043 3644 2316 3715 pecuniam
2331 3663 2352 3710 ,-

250 3740 361 3794 pro
380 3723 521 3775 brevi
537 3725 835 3794 recepimus
854 3742 917 3775 ex
936 3725 1147 3796 Bipont.
1172 3726 1265 3775 En.
1348 3727 1442 3779 ille
1480 3747 1514 3778 a
1551 3736 1774 3797 negante
1813 3722 2170 3799 quadruplum
2203 3721 2350 3792 petit.

330 3822 381 3856 2.
404 3804 697 3855 Pecuniam
710 3804 857 3876 apud
876 3804 1095 3856 unicum
1115 3804 1269 3877 depo-
1350 3804 1569 3858 Scnuvr.
1591 3804 1776 3869 Forte,
1795 3802 1931 3875 petit
1955 3799 2245 3853 adolescens
2262 3818 2356 3869 pe-

252 3887 379 3943 xuit.
405 3884 620 3938 Scribe:
646 3884 793 3957 apud
818 3886 1067 3938 amicum.
1107 3886 1263 3939 Mox:
1349 3885 1589 3937 cum'am:
1608 3874 2350 3955 inficiatus-,illequadruplum

246 3980 475 4035 perrona
530 3964 677 4016 nobis
724 3964 1039 4034 proponitur
1092 3964 1267 4016 amici.
1348 3960 1498 4032 petit.

248 4045 497 4098 Gaonov.
524 4047 603 4097 Ita
632 4058 686 4098 et
716 4044 921 4097 Schult.
948 4048 1267 4117 conjecerat.
1422 4043 1476 4110 4.
1490 4043 1548 4096 Si
1569 4062 1633 4093 ne
1649 4060 1774 4094 reus.
1791 4042 1948 4093 Forte
1961 4076 1976 4101 ‚
1992 4047 2039 4089 el
2057 4036 2126 4089 sic
2145 4054 2210 4087 ne
2225 4052 2350 4086 rens.

330 4124 381 4175 3.
437 4123 583 4177 Petit
636 4124 928 4178 adolescens
972 4126 1269 4197 pecuniam.
1352 4126 1570 4179 Senum.

568 4422 599 4453 fl
