2855 4871
582 415 710 493 410
1088 414 1184 478 M.
1233 413 1483 476 FABII
1529 411 2171 494 QUINTILIANI

575 554 712 603 tem
753 538 944 604 istam
971 537 1376 604 affectantis:
1411 537 1542 605 hoc
1570 536 1725 604 ideo
1754 562 1891 604 non
1912 563 2135 606 amare
2152 591 2170 619 ,
2196 565 2325 610 nec
2352 541 2661 624 districte,

577 645 868 733 primum
893 641 1078 734 quod
1109 659 1330 732 potest
1363 643 1472 709 hic
1496 666 1641 710 esse
1670 642 1981 712 dominus
2006 647 2217 728 illius,
2248 650 2305 716 si
2334 651 2424 716 ita
2443 649 2665 741 judici-

577 748 705 816 bus
734 748 1099 832 videbitur3
1127 748 1373 816 deinde
1400 750 1585 840 quod
1609 751 1803 817 nobis
1828 775 1934 818 res
1959 775 2113 818 cum
2136 777 2219 820 eo
2244 771 2379 836 est,
2412 757 2517 822 cui
2546 780 2665 844 gra-

579 858 700 924 tias
751 861 1004 947 agimus
1031 908 1050 938 ,
1101 857 1290 946 cujus
1341 858 1686 924 voluntate
1734 859 2014 925 dicimus
2074 885 2197 938 nos
2254 862 2327 926 in
2386 863 2665 928 libertate

579 963 802 1028 fuisse.
852 967 929 1028 In
972 987 1229 1030 summa
1273 981 1461 1054 parte
1508 963 1997 1047 advocationis,
2044 966 2450 1034 advocamus
2494 971 2665 1034 etiam

579 1067 1069 1135 adolescentem
1103 1069 1323 1150 illum,
1353 1071 1541 1159 quasi
1571 1069 2002 1154 advocatum,
2028 1072 2144 1162 qui
2176 1089 2411 1137 nostro
2442 1071 2663 1136 benefi-

581 1176 684 1242 cio
711 1175 1098 1266 redemptus
1123 1193 1241 1241 est.
1277 1177 1611 1243 Promittit
1642 1195 1965 1268 praeterea
1985 1229 2001 1260 ‚
2037 1180 2159 1244 ista
2178 1229 2193 1257 ‚
2228 1202 2380 1269 quae
2407 1183 2477 1243 in
2502 1178 2661 1243 here-

583 1283 787 1350 ditate
829 1285 1057 1350 relicta
1099 1300 1288 1362 sunt,
1333 1284 1510 1350 illius
1552 1308 1715 1351 esse.
1754 1288 1971 1370 Quam
2007 1309 2274 1350 causam
2314 1285 2665 1350 revertendi

581 1390 817 1456 habuit
855 1391 1094 1456 aliam?
1127 1391 1314 1456 licuit
1349 1392 1478 1472 illi,
1522 1395 1865 1482 ignorante
1906 1417 2019 1476 e0‚
2058 1395 2129 1458 in
2170 1393 2395 1483 aliqua
2432 1394 2665 1458 civitate

583 1496 960 1562 subsistere.

585 1729 2667 1754 ”mmmmmmmmwmwmm

1291 1915 1939 1993 'CCCXLIIL
2038 1977 2049 1988 .

753 2132 1318 2228 Circumscriptor
1341 2133 1667 2228 pauperis
1674 2184 1696 2216 ‚
1728 2128 1953 2200 divitis
1987 2134 2287 2228 raptoris
2318 2156 2526 2204 socer.

589 2323 1239 2382 CIRCUMSCRIPTION18¹
1261 2344 1354 2382 sn·
1369 2343 1567 2399 Ac‘r102
1590 2325 1833 2406 Pauper
1850 2335 1911 2386 et
1930 2323 2096 2384 dives
2116 2323 2405 2385 eamdem
2424 2322 2669 2407 puellam

667 2419 960 2503 petebant
997 2421 1063 2479 in
1101 2421 1620 2481 matrimonium:
1656 2438 1832 2505 capta
1867 2433 1955 2481 est
1986 2421 2127 2499 illa,
2161 2444 2301 2504 quae
2332 2422 2668 2505 petebatur:

669 2520 879 2601 posuit
913 2518 1336 2609 conditiopem
1370 2520 1742 2602 petitoribus
1776 2532 1980 2602 pater,
2008 2520 2135 2603 ejus
2168 2534 2356 2597 esset,
2386 2522 2493 2603 qui
2528 2518 2669 2580 rede·

669 2618 908 2680 misset:
947 2639 1184 2700 pauper
1219 2616 1531 2700 profectus
1565 2632 1655 2679 est
1672 2665 1689 2696 ‚
1728 2632 1787 2679 et
1824 2616 2085 2679 redemit
2111 2618 2438 2698 virginem.
2470 2616 2671 2697 Rapuit

671 2715 842 2777 illam
861 2718 1233 2799 competitor
1251 2717 1450 2777 dives:
1472 2717 1695 2777 educta
1722 2717 1800 2777 ad
1826 2717 2221 2798 magistratus
2246 2718 2501 2799 nuptias
2522 2726 2671 2797 opta·

674 2818 778 2875 vit.
805 2816 1411 2898 circumscriptionis
1438 2827 1763 2876 accusatur
1785 2828 1961 2898 pater
1984 2837 2019 2873 a
2044 2835 2336 2897 paupere.

1458 3002 1823 3067 SERMO.

684 3156 832 3218 Non
869 3172 1125 3219 tantum
1163 3158 1352 3221 nobis
1392 3158 1461 3221 in
1498 3156 1628 3223 hoc
1671 3156 2110 3222 laborandum
2145 3170 2277 3236 est,
2311 3172 2388 3219 ut
2424 3155 2669 3220 circum-

597 3262 874 3351 scriptus
905 3263 987 3328 sit
1009 3262 1422 3345 adolescens,
1448 3265 1865 3357 quantumin
1892 3264 2035 3342 illo,
2064 3279 2138 3329 ut
2161 3262 2668 3347 circumscriptus

596 3372 677 3436 sit
709 3395 746 3435 a
773 3388 979 3459 patre.
1016 3374 1175 3437 Esse
1208 3374 1385 3437 enim
1411 3375 1660 3464 justam
1686 3360 2027 3464 querelam
2057 3374 2198 3463 ejus
2217 3421 2233 3451 ,
2266 3373 2385 3461 qui
2416 3366 2669 3436 redemit

597 3493 663 3545 et
691 3478 985 3560 reduxit,
1017 3504 1225 3571 quum
1253 3483 1620 3570 praesertim
1662 3480 1787 3546 sub
1819 3498 2015 3570 pacto
2051 3479 2449 3557 redemerit,
2492 3472 2671 3542 mani·

596 3586 838 3653 festum
872 3606 988 3654 est.
1021 3590 1384 3654 Eximitur²
1415 3614 1495 3655 ex
1524 3606 1711 3679 parte
1750 3586 2134 3654 diversa-rei
2168 3609 2474 3676 persona.
2498 3576 2667 3666 Quod

673 3779 717 3811 1.
746 3761 1260 3834 Circumscriptionis.
1283 3760 1420 3813 Vide
1452 3758 1601 3833 Sulp.
1686 3762 1773 3813 te?
1799 3780 1865 3812 an
1883 3797 1900 3826 ‚
1929 3760 2115 3811 eximit
2144 3768 2319 3809 tamen
2351 3776 2473 3827 pars
2496 3754 2669 3805 ditem

594 3838 730 3891 vict.
755 3842 881 3891 Inst.
907 3840 1057 3892 Orat.
1084 3856 1204 3911 pag.
1235 3838 1352 3908 259.
1379 3838 1599 3890 Scnm'r.
1684 3842 1759 3893 rei
1772 3838 2315 3913 personammcumr.
2332 3838 2670 3889 -Paterm·

595 3922 1106 3993 -Ct'rcumscriptia
1121 3918 1239 3971 vid.
1265 3918 1460 3971 Paulus
1484 3920 1537 3969 in
1566 3918 1599 3968 l.
1684 3930 1795 3970 tum
1810 3918 2067 3991 promisit.
2086 3918 2276 3983 Forte,
2292 3916 2552 3988 permisit.-
2575 3926 2667 3962 non

595 3995 707 4050 haec
727 4004 882 4053 actio.
901 4001 966 4053 D.
985 4001 1037 4053 Si
1055 4017 1269 4053 mensor
1281 3996 1473 4050 falsum
1488 4016 1605 4049 mo·
1686 4001 1918 4064 curavit,
1948 4012 2006 4048 ut
2034 4010 2241 4068 raperet
2258 4036 2275 4062 ‚
2300 4015 2407 4047 non
2435 4008 2487 4045 ut
2510 3988 2666 4063 puella

600 4074 726 4127 dum
745 4078 905 4131 dixer.
1684 4090 1891 4149 optaret
1910 4100 1921 4127 :
1944 4092 2131 4149 passus
2154 4076 2315 4128 modo
2335 4088 2413 4131 est
2428 4072 2535 4125 haec
2552 4069 2663 4121 fieri.

673 4174 720 4208 2.
743 4159 1021 4211 Exin-nitur.
1045 4160 1126 4212 An
1139 4198 1156 4225 ,
1174 4160 1430 4231 excipitur
1444 4178 1477 4209 a
1490 4176 1609 4231 par*-
1684 4158 1919 4211 Gnouov.
