<?xml version="1.0" encoding="UTF-8"?>
<!DOCTYPE html PUBLIC "-//W3C//DTD XHTML 1.0 Transitional//EN"
    "http://www.w3.org/TR/xhtml1/DTD/xhtml1-transitional.dtd">
<html xmlns="http://www.w3.org/1999/xhtml" xml:lang="en" lang="en">
 <head>
  <title>
</title>
<meta http-equiv="Content-Type" content="text/html;charset=utf-8" />
  <meta name='ocr-system' content='tesseract 3.04.00' />
  <meta name='ocr-capabilities' content='ocr_page ocr_carea ocr_par ocr_line ocrx_word'/>
</head>
<body>
  <div class='ocr_page' id='page_1' title='image "./marcusfabiusqui06spalgoog_0027.png"; bbox 0 0 2855 4871; ppageno 0'>
   <div class='ocr_carea' id='block_1_1' title="bbox 507 386 2195 482">
    <p class='ocr_par' dir='ltr' id='par_1_1' title="bbox 507 386 2195 482">
     <span class='ocr_line' id='line_1_1' title="bbox 507 386 2195 482; baseline -0.002 -14"><span class='ocrx_word' id='word_1_1' title='bbox 507 402 582 468; x_wconf 75' lang='grc' dir='ltr'><strong>ιε</strong></span> <span class='ocrx_word' id='word_1_2' title='bbox 1006 399 1098 463; x_wconf 82' lang='grc' dir='ltr'><strong>Μ.</strong></span> <span class='ocrx_word' id='word_1_3' title='bbox 1147 398 1396 463; x_wconf 79' lang='lat' dir='ltr'><strong>FABn</strong></span> <span class='ocrx_word' id='word_1_4' title='bbox 1442 397 2073 482; x_wconf 72' lang='lat' dir='ltr'><strong>QUINTlmAm</strong></span> <span class='ocrx_word' id='word_1_5' title='bbox 2188 386 2195 393; x_wconf 82' lang='grc'><strong>“</strong></span> 
     </span>
    </p>
   </div>
   <div class='ocr_carea' id='block_1_2' title="bbox 1073 667 2586 691">
    <p class='ocr_par' dir='ltr' id='par_1_2' title="bbox 1073 667 2586 691">
     <span class='ocr_line' id='line_1_2' title="bbox 1073 667 2586 691; baseline 0.001 -3"><span class='ocrx_word' id='word_1_6' title='bbox 1073 667 2515 691; x_wconf 55' lang='lat' dir='ltr'><strong>mmmmmmmw·</strong></span> <span class='ocrx_word' id='word_1_7' title='bbox 2522 672 2586 689; x_wconf 52' lang='lat' dir='ltr'><strong>BQ</strong></span> 
     </span>
    </p>
   </div>
   <div class='ocr_carea' id='block_1_3' title="bbox 685 669 1070 691">
    <p class='ocr_par' dir='ltr' id='par_1_3' title="bbox 685 669 1070 691">
     <span class='ocr_line' id='line_1_3' title="bbox 685 669 1070 691; baseline 0 4180"><span class='ocrx_word' id='word_1_8' title='bbox 685 669 1070 691; x_wconf 95' lang='lat' dir='ltr'><strong> </strong></span> 
     </span>
    </p>
   </div>
   <div class='ocr_carea' id='block_1_4' title="bbox 1238 872 1832 951">
    <p class='ocr_par' dir='ltr' id='par_1_4' title="bbox 1238 872 1832 951">
     <span class='ocr_line' id='line_1_4' title="bbox 1238 872 1832 951; baseline -0.005 0"><span class='ocrx_word' id='word_1_9' title='bbox 1238 872 1832 951; x_wconf 89' lang='lat' dir='ltr'>CCXLVIII.</span> 
     </span>
    </p>
   </div>
   <div class='ocr_carea' id='block_1_5' title="bbox 937 1102 2143 1203">
    <p class='ocr_par' dir='ltr' id='par_1_5' title="bbox 937 1102 2143 1203">
     <span class='ocr_line' id='line_1_5' title="bbox 937 1102 2143 1203; baseline -0.001 -28"><span class='ocrx_word' id='word_1_10' title='bbox 937 1107 1108 1176; x_wconf 80' lang='lat' dir='ltr'><strong>Octo</strong></span> <span class='ocrx_word' id='word_1_11' title='bbox 1139 1107 1309 1175; x_wconf 83' lang='lat' dir='ltr'><strong>anni</strong></span> <span class='ocrx_word' id='word_1_12' title='bbox 1338 1102 1591 1203; x_wconf 79' lang='lat' dir='ltr'><strong>dupliis</strong></span> <span class='ocrx_word' id='word_1_13' title='bbox 1658 1102 2143 1202; x_wconf 58' lang='lat' dir='ltr'><strong>imprudentiae.</strong></span> 
     </span>
    </p>
   </div>
   <div class='ocr_carea' id='block_1_6' title="bbox 489 1316 2593 1877">
    <p class='ocr_par' dir='ltr' id='par_1_6' title="bbox 489 1316 2593 1488">
     <span class='ocr_line' id='line_1_6' title="bbox 489 1316 2585 1383; baseline -0.004 -8"><span class='ocrx_word' id='word_1_14' title='bbox 489 1316 908 1377; x_wconf 65' lang='lat' dir='ltr'><strong>Immunem-rm</strong></span> <span class='ocrx_word' id='word_1_15' title='bbox 940 1328 1126 1369; x_wconf 62' lang='lat' dir='ltr'><strong>cmms</strong></span> <span class='ocrx_word' id='word_1_16' title='bbox 1157 1324 1487 1366; x_wconf 57' lang='lat' dir='ltr'><strong>nannenus</strong></span> <span class='ocrx_word' id='word_1_17' title='bbox 1519 1324 1948 1378; x_wconf 69' lang='lat' dir='ltr'><strong>Qumoummo</strong></span> <span class='ocrx_word' id='word_1_18' title='bbox 1978 1324 2270 1383; x_wconf 69' lang='lat' dir='ltr'><strong>nxsutn3</strong></span> <span class='ocrx_word' id='word_1_19' title='bbox 2302 1328 2585 1369; x_wconf 68' lang='lat' dir='ltr'><strong>usuum</strong></span> 
     </span>
     <span class='ocr_line' id='line_1_7' title="bbox 564 1402 2593 1488; baseline -0.003 -16"><span class='ocrx_word' id='word_1_20' title='bbox 564 1404 752 1473; x_wconf 65' lang='lat' dir='ltr'><strong>rnrnA</strong></span> <span class='ocrx_word' id='word_1_21' title='bbox 775 1428 951 1469; x_wconf 67' lang='lat' dir='ltr'><strong>muns</strong></span> <span class='ocrx_word' id='word_1_22' title='bbox 976 1426 1190 1466; x_wconf 63' lang='lat' dir='ltr'><strong>mcum·</strong></span> <span class='ocrx_word' id='word_1_23' title='bbox 1213 1424 1530 1465; x_wconf 66' lang='lat' dir='ltr'><strong>occinunt.</strong></span> <span class='ocrx_word' id='word_1_24' title='bbox 1558 1402 1684 1480; x_wconf 90' lang='lat' dir='ltr'><strong>Qui</strong></span> <span class='ocrx_word' id='word_1_25' title='bbox 1709 1403 1937 1464; x_wconf 87' lang='lat' dir='ltr'><strong>caedem</strong></span> <span class='ocrx_word' id='word_1_26' title='bbox 1966 1426 2072 1487; x_wconf 89' lang='lat' dir='ltr'><strong>per</strong></span> <span class='ocrx_word' id='word_1_27' title='bbox 2094 1406 2593 1488; x_wconf 83' lang='lat' dir='ltr'>imprudentiam</span> 
     </span>
    </p>

    <p class='ocr_par' dir='ltr' id='par_1_7' title="bbox 521 1500 2593 1877">
     <span class='ocr_line' id='line_1_8' title="bbox 521 1500 2588 1581; baseline -0.003 -12"><span class='ocrx_word' id='word_1_28' title='bbox 521 1574 526 1579; x_wconf 61' lang='grc'><strong>,</strong></span> <span class='ocrx_word' id='word_1_29' title='bbox 567 1508 989 1581; x_wconf 81' lang='lat' dir='ltr'><strong>commiserat,</strong></span> <span class='ocrx_word' id='word_1_30' title='bbox 1015 1504 1172 1563; x_wconf 87' lang='lat' dir='ltr'><strong>abiit</strong></span> <span class='ocrx_word' id='word_1_31' title='bbox 1203 1504 1270 1562; x_wconf 89' lang='lat' dir='ltr'><strong>in</strong></span> <span class='ocrx_word' id='word_1_32' title='bbox 1297 1502 1613 1562; x_wconf 83' lang='lat' dir='ltr'><strong>exsilium:</strong></span> <span class='ocrx_word' id='word_1_33' title='bbox 1640 1500 1729 1561; x_wconf 90' lang='lat' dir='ltr'><strong>ibi</strong></span> <span class='ocrx_word' id='word_1_34' title='bbox 1759 1503 1941 1561; x_wconf 87' lang='lat' dir='ltr'><strong>tertio</strong></span> <span class='ocrx_word' id='word_1_35' title='bbox 1969 1523 2137 1563; x_wconf 83' lang='lat' dir='ltr'><strong>anno</strong></span> <span class='ocrx_word' id='word_1_36' title='bbox 2163 1502 2357 1563; x_wconf 85' lang='lat' dir='ltr'><strong>exsilii</strong></span> <span class='ocrx_word' id='word_1_37' title='bbox 2392 1500 2588 1563; x_wconf 81' lang='lat' dir='ltr'><strong>aliam</strong></span> 
     </span>
     <span class='ocr_line' id='line_1_9' title="bbox 567 1597 2585 1682; baseline -0.003 -17"><span class='ocrx_word' id='word_1_38' title='bbox 567 1604 800 1666; x_wconf 84' lang='lat' dir='ltr'><strong>caedem</strong></span> <span class='ocrx_word' id='word_1_39' title='bbox 823 1601 1107 1664; x_wconf 86' lang='lat' dir='ltr'><strong>similiter</strong></span> <span class='ocrx_word' id='word_1_40' title='bbox 1129 1599 1475 1660; x_wconf 83' lang='lat' dir='ltr'><strong>commisit:</strong></span> <span class='ocrx_word' id='word_1_41' title='bbox 1505 1597 1773 1679; x_wconf 82' lang='lat' dir='ltr'><strong>explevit</strong></span> <span class='ocrx_word' id='word_1_42' title='bbox 1794 1612 2037 1681; x_wconf 85' lang='lat' dir='ltr'><strong>tempus</strong></span> <span class='ocrx_word' id='word_1_43' title='bbox 2060 1600 2473 1682; x_wconf 81' lang='lat' dir='ltr'><strong>quinquennii</strong></span> <span class='ocrx_word' id='word_1_44' title='bbox 2506 1620 2585 1661; x_wconf 82' lang='lat' dir='ltr'><strong>ex</strong></span> 
     </span>
     <span class='ocr_line' id='line_1_10' title="bbox 565 1696 2593 1787; baseline -0.003 -22"><span class='ocrx_word' id='word_1_45' title='bbox 565 1726 641 1765; x_wconf 85' lang='lat' dir='ltr'><strong>eo</strong></span> <span class='ocrx_word' id='word_1_46' title='bbox 675 1718 986 1787; x_wconf 83' lang='lat' dir='ltr'><strong>tempore,</strong></span> <span class='ocrx_word' id='word_1_47' title='bbox 1024 1719 1154 1783; x_wconf 90' lang='lat' dir='ltr'><strong>quo</strong></span> <span class='ocrx_word' id='word_1_48' title='bbox 1187 1700 1414 1759; x_wconf 87' lang='lat' dir='ltr'><strong>iterum</strong></span> <span class='ocrx_word' id='word_1_49' title='bbox 1446 1696 1773 1757; x_wconf 79' lang='lat' dir='ltr'><strong>occiderat.</strong></span> <span class='ocrx_word' id='word_1_50' title='bbox 1808 1697 2191 1759; x_wconf 79' lang='lat' dir='ltr'><strong>Redeuntem</strong></span> <span class='ocrx_word' id='word_1_51' title='bbox 2224 1698 2405 1759; x_wconf 88' lang='lat' dir='ltr'><strong>illum</strong></span> <span class='ocrx_word' id='word_1_52' title='bbox 2436 1712 2593 1780; x_wconf 84' lang='lat' dir='ltr'><strong>post</strong></span> 
     </span>
     <span class='ocr_line' id='line_1_11' title="bbox 566 1792 2587 1877; baseline -0.001 -18"><span class='ocrx_word' id='word_1_53' title='bbox 566 1815 854 1867; x_wconf 81' lang='lat' dir='ltr'><strong>octavum</strong></span> <span class='ocrx_word' id='word_1_54' title='bbox 879 1818 1120 1861; x_wconf 85' lang='lat' dir='ltr'><strong>annum</strong></span> <span class='ocrx_word' id='word_1_55' title='bbox 1149 1796 1377 1858; x_wconf 89' lang='lat' dir='ltr'><strong>occidit</strong></span> <span class='ocrx_word' id='word_1_56' title='bbox 1403 1794 1666 1877; x_wconf 80' lang='lat' dir='ltr'><strong>quidam</strong></span> <span class='ocrx_word' id='word_1_57' title='bbox 1692 1795 1861 1855; x_wconf 83' lang='lat' dir='ltr'><strong>intra</strong></span> <span class='ocrx_word' id='word_1_58' title='bbox 1884 1792 2057 1857; x_wconf 84' lang='lat' dir='ltr'><strong>fines.</strong></span> <span class='ocrx_word' id='word_1_59' title='bbox 2082 1798 2243 1857; x_wconf 85' lang='lat' dir='ltr'><strong>Reus</strong></span> <span class='ocrx_word' id='word_1_60' title='bbox 2266 1810 2357 1857; x_wconf 85' lang='lat' dir='ltr'><strong>est</strong></span> <span class='ocrx_word' id='word_1_61' title='bbox 2376 1794 2587 1857; x_wconf 81' lang='lat' dir='ltr'><strong>caedis.</strong></span> 
     </span>
    </p>
   </div>
   <div class='ocr_carea' id='block_1_7' title="bbox 1182 1985 1885 2050">
    <p class='ocr_par' dir='ltr' id='par_1_8' title="bbox 1182 1985 1885 2050">
     <span class='ocr_line' id='line_1_12' title="bbox 1182 1985 1885 2050; baseline -0.003 0"><span class='ocrx_word' id='word_1_62' title='bbox 1182 1985 1885 2050; x_wconf 81' lang='lat' dir='ltr'>DECLAMATIO.</span> 
     </span>
    </p>
   </div>
   <div class='ocr_carea' id='block_1_8' title="bbox 484 2145 2605 3634">
    <p class='ocr_par' dir='ltr' id='par_1_9' title="bbox 484 2145 2605 3634">
     <span class='ocr_line' id='line_1_13' title="bbox 581 2145 2592 2223; baseline -0.001 -1"><span class='ocrx_word' id='word_1_63' title='bbox 581 2152 742 2222; x_wconf 86' lang='lat' dir='ltr'><strong>Non</strong></span> <span class='ocrx_word' id='word_1_64' title='bbox 781 2148 1121 2221; x_wconf 87' lang='lat' dir='ltr'><strong>continuo</strong></span> <span class='ocrx_word' id='word_1_65' title='bbox 1150 2147 1412 2220; x_wconf 88' lang='lat' dir='ltr'><strong>occisus</strong></span> <span class='ocrx_word' id='word_1_66' title='bbox 1454 2147 1671 2219; x_wconf 86' lang='lat' dir='ltr'><strong>homo</strong></span> <span class='ocrx_word' id='word_1_67' title='bbox 1712 2148 1801 2219; x_wconf 84' lang='lat' dir='ltr'><strong>ad</strong></span> <span class='ocrx_word' id='word_1_68' title='bbox 1842 2147 2109 2223; x_wconf 77' lang='lat' dir='ltr'><strong>crimen</strong></span> <span class='ocrx_word' id='word_1_69' title='bbox 2148 2168 2216 2219; x_wconf 88' lang='lat' dir='ltr'><strong>et</strong></span> <span class='ocrx_word' id='word_1_70' title='bbox 2254 2147 2342 2218; x_wconf 85' lang='lat' dir='ltr'><strong>ad</strong></span> <span class='ocrx_word' id='word_1_71' title='bbox 2386 2145 2592 2219; x_wconf 82' lang='lat' dir='ltr'><strong>dam-</strong></span> 
     </span>
     <span class='ocr_line' id='line_1_14' title="bbox 488 2261 2588 2361; baseline 0 -26"><span class='ocrx_word' id='word_1_72' title='bbox 488 2264 844 2335; x_wconf 85' lang='lat' dir='ltr'><strong>nationem</strong></span> <span class='ocrx_word' id='word_1_73' title='bbox 895 2262 1240 2361; x_wconf 83' lang='lat' dir='ltr'><strong>pertinet,</strong></span> <span class='ocrx_word' id='word_1_74' title='bbox 1288 2288 1516 2360; x_wconf 87' lang='lat' dir='ltr'><strong>quum</strong></span> <span class='ocrx_word' id='word_1_75' title='bbox 1559 2262 1693 2333; x_wconf 88' lang='lat' dir='ltr'><strong>hoc</strong></span> <span class='ocrx_word' id='word_1_76' title='bbox 1738 2261 2018 2334; x_wconf 87' lang='lat' dir='ltr'><strong>interim</strong></span> <span class='ocrx_word' id='word_1_77' title='bbox 2053 2262 2319 2361; x_wconf 81' lang='lat' dir='ltr'><strong>legibus</strong></span> <span class='ocrx_word' id='word_1_78' title='bbox 2354 2262 2588 2335; x_wconf 85' lang='lat' dir='ltr'><strong>facere</strong></span> 
     </span>
     <span class='ocr_line' id='line_1_15' title="bbox 486 2376 2589 2478; baseline -0 -25"><span class='ocrx_word' id='word_1_79' title='bbox 486 2380 712 2454; x_wconf 87' lang='lat' dir='ltr'><strong>liceat.</strong></span> <span class='ocrx_word' id='word_1_80' title='bbox 755 2377 1053 2470; x_wconf 78' lang='lat' dir='ltr'><strong>Quoties</strong></span> <span class='ocrx_word' id='word_1_81' title='bbox 1093 2399 1336 2450; x_wconf 88' lang='lat' dir='ltr'><strong>autem</strong></span> <span class='ocrx_word' id='word_1_82' title='bbox 1376 2376 1572 2469; x_wconf 85' lang='lat' dir='ltr'><strong>licet,</strong></span> <span class='ocrx_word' id='word_1_83' title='bbox 1622 2377 1827 2452; x_wconf 84' lang='lat' dir='ltr'><strong>etiarn</strong></span> <span class='ocrx_word' id='word_1_84' title='bbox 1854 2394 1876 2423; x_wconf 75' lang='lat'><strong>*</strong></span> <span class='ocrx_word' id='word_1_85' title='bbox 1917 2399 2215 2478; x_wconf 74' lang='lat' dir='ltr'><strong>oportet.</strong></span> <span class='ocrx_word' id='word_1_86' title='bbox 2249 2379 2589 2454; x_wconf 85' lang='lat' dir='ltr'><strong>Exsulem</strong></span> 
     </span>
     <span class='ocr_line' id='line_1_16' title="bbox 487 2491 2585 2594; baseline -0 -27"><span class='ocrx_word' id='word_1_87' title='bbox 487 2494 795 2568; x_wconf 87' lang='lat' dir='ltr'><strong>occidere</strong></span> <span class='ocrx_word' id='word_1_88' title='bbox 851 2495 1032 2566; x_wconf 86' lang='lat' dir='ltr'><strong>intra</strong></span> <span class='ocrx_word' id='word_1_89' title='bbox 1075 2494 1250 2564; x_wconf 88' lang='lat' dir='ltr'><strong>fines</strong></span> <span class='ocrx_word' id='word_1_90' title='bbox 1297 2492 1459 2565; x_wconf 90' lang='lat' dir='ltr'><strong>licet</strong></span> <span class='ocrx_word' id='word_1_91' title='bbox 1498 2521 1511 2564; x_wconf 92' lang='lat'>:</span> <span class='ocrx_word' id='word_1_92' title='bbox 1567 2491 1639 2564; x_wconf 91' lang='lat' dir='ltr'><strong>id</strong></span> <span class='ocrx_word' id='word_1_93' title='bbox 1680 2493 1807 2594; x_wconf 86' lang='lat' dir='ltr'><strong>jus</strong></span> <span class='ocrx_word' id='word_1_94' title='bbox 1851 2494 2218 2594; x_wconf 78' lang='lat' dir='ltr'><strong>dupliciter</strong></span> <span class='ocrx_word' id='word_1_95' title='bbox 2260 2494 2585 2566; x_wconf 85' lang='lat' dir='ltr'><strong>efficitur.</strong></span> 
     </span>
     <span class='ocr_line' id='line_1_17' title="bbox 484 2607 2589 2700; baseline 0 -18"><span class='ocrx_word' id='word_1_96' title='bbox 484 2615 626 2683; x_wconf 90' lang='lat' dir='ltr'><strong>Aut</strong></span> <span class='ocrx_word' id='word_1_97' title='bbox 654 2609 849 2682; x_wconf 88' lang='lat' dir='ltr'><strong>enim</strong></span> <span class='ocrx_word' id='word_1_98' title='bbox 876 2607 1096 2699; x_wconf 87' lang='lat' dir='ltr'><strong>redit,</strong></span> <span class='ocrx_word' id='word_1_99' title='bbox 1127 2608 1239 2680; x_wconf 87' lang='lat' dir='ltr'><strong>cui</strong></span> <span class='ocrx_word' id='word_1_100' title='bbox 1271 2607 1565 2680; x_wconf 90' lang='lat' dir='ltr'><strong>omnino</strong></span> <span class='ocrx_word' id='word_1_101' title='bbox 1587 2621 1614 2652; x_wconf 87' lang='lat'>²</span> <span class='ocrx_word' id='word_1_102' title='bbox 1648 2607 1835 2700; x_wconf 85' lang='lat' dir='ltr'><strong>licet,</strong></span> <span class='ocrx_word' id='word_1_103' title='bbox 1875 2629 1996 2680; x_wconf 88' lang='lat' dir='ltr'><strong>aut</strong></span> <span class='ocrx_word' id='word_1_104' title='bbox 2027 2636 2172 2682; x_wconf 90' lang='lat' dir='ltr'><strong>non</strong></span> <span class='ocrx_word' id='word_1_105' title='bbox 2202 2609 2411 2698; x_wconf 89' lang='lat' dir='ltr'><strong>redit,</strong></span> <span class='ocrx_word' id='word_1_106' title='bbox 2444 2609 2589 2682; x_wconf 86' lang='lat' dir='ltr'><strong>nisi</strong></span> 
     </span>
     <span class='ocr_line' id='line_1_18' title="bbox 485 2722 2593 2825; baseline 0 -29"><span class='ocrx_word' id='word_1_107' title='bbox 485 2725 698 2799; x_wconf 87' lang='lat' dir='ltr'><strong>licet:</strong></span> <span class='ocrx_word' id='word_1_108' title='bbox 746 2724 980 2798; x_wconf 88' lang='lat' dir='ltr'><strong>nescio</strong></span> <span class='ocrx_word' id='word_1_109' title='bbox 1021 2750 1112 2795; x_wconf 89' lang='lat' dir='ltr'><strong>an</strong></span> <span class='ocrx_word' id='word_1_110' title='bbox 1159 2750 1241 2796; x_wconf 85' lang='lat' dir='ltr'><strong>ex</strong></span> <span class='ocrx_word' id='word_1_111' title='bbox 1280 2722 1364 2794; x_wconf 89' lang='lat' dir='ltr'><strong>iis</strong></span> <span class='ocrx_word' id='word_1_112' title='bbox 1405 2722 1682 2795; x_wconf 87' lang='lat' dir='ltr'><strong>duobus</strong></span> <span class='ocrx_word' id='word_1_113' title='bbox 1730 2723 1937 2794; x_wconf 89' lang='lat' dir='ltr'><strong>etiam</strong></span> <span class='ocrx_word' id='word_1_114' title='bbox 1967 2724 2227 2825; x_wconf 86' lang='lat' dir='ltr'><strong>justius</strong></span> <span class='ocrx_word' id='word_1_115' title='bbox 2266 2724 2593 2796; x_wconf 81' lang='lat' dir='ltr'><strong>videatur</strong></span> 
     </span>
     <span class='ocr_line' id='line_1_19' title="bbox 487 2837 2605 2941; baseline -0 -29"><span class='ocrx_word' id='word_1_116' title='bbox 487 2839 753 2930; x_wconf 82' lang='lat' dir='ltr'><strong>occidi,</strong></span> <span class='ocrx_word' id='word_1_117' title='bbox 794 2867 1019 2939; x_wconf 88' lang='lat' dir='ltr'><strong>quum</strong></span> <span class='ocrx_word' id='word_1_118' title='bbox 1067 2838 1246 2911; x_wconf 89' lang='lat' dir='ltr'><strong>redit</strong></span> <span class='ocrx_word' id='word_1_119' title='bbox 1283 2858 1522 2911; x_wconf 88' lang='lat' dir='ltr'><strong>contra</strong></span> <span class='ocrx_word' id='word_1_120' title='bbox 1568 2837 1794 2936; x_wconf 76' lang='lat' dir='ltr'><strong>leges,</strong></span> <span class='ocrx_word' id='word_1_121' title='bbox 1839 2838 1962 2937; x_wconf 91' lang='lat' dir='ltr'><strong>qui</strong></span> <span class='ocrx_word' id='word_1_122' title='bbox 2004 2837 2383 2936; x_wconf 87' lang='lat' dir='ltr'><strong>aliquando</strong></span> <span class='ocrx_word' id='word_1_123' title='bbox 2417 2839 2605 2941; x_wconf 71' lang='lat' dir='ltr'><strong>jure</strong></span> 
     </span>
     <span class='ocr_line' id='line_1_20' title="bbox 489 2953 2593 3054; baseline -0 -28"><span class='ocrx_word' id='word_1_124' title='bbox 489 2955 834 3027; x_wconf 88' lang='lat' dir='ltr'><strong>rediturus</strong></span> <span class='ocrx_word' id='word_1_125' title='bbox 870 2955 977 3026; x_wconf 87' lang='lat' dir='ltr'><strong>sit.</strong></span> <span class='ocrx_word' id='word_1_126' title='bbox 1024 2954 1234 3027; x_wconf 90' lang='lat' dir='ltr'><strong>Illum</strong></span> <span class='ocrx_word' id='word_1_127' title='bbox 1271 2954 1464 3026; x_wconf 91' lang='lat' dir='ltr'><strong>enim</strong></span> <span class='ocrx_word' id='word_1_128' title='bbox 1498 2980 1663 3026; x_wconf 88' lang='lat' dir='ltr'><strong>sane</strong></span> <span class='ocrx_word' id='word_1_129' title='bbox 1698 2955 2040 3054; x_wconf 86' lang='lat' dir='ltr'><strong>cupiditas</strong></span> <span class='ocrx_word' id='word_1_130' title='bbox 2082 2955 2315 3053; x_wconf 88' lang='lat' dir='ltr'><strong>patriae</strong></span> <span class='ocrx_word' id='word_1_131' title='bbox 2358 2975 2425 3026; x_wconf 87' lang='lat' dir='ltr'><strong>et</strong></span> <span class='ocrx_word' id='word_1_132' title='bbox 2464 2953 2593 3026; x_wconf 92' lang='lat' dir='ltr'><strong>ul-</strong></span> 
     </span>
     <span class='ocr_line' id='line_1_21' title="bbox 488 3069 2592 3172; baseline -0 -29"><span class='ocrx_word' id='word_1_133' title='bbox 488 3070 662 3144; x_wconf 86' lang='lat' dir='ltr'><strong>tima</strong></span> <span class='ocrx_word' id='word_1_134' title='bbox 712 3069 1095 3168; x_wconf 84' lang='lat' dir='ltr'><strong>desperatio</strong></span> <span class='ocrx_word' id='word_1_135' title='bbox 1145 3089 1344 3168; x_wconf 81' lang='lat' dir='ltr'><strong>cogat</strong></span> <span class='ocrx_word' id='word_1_136' title='bbox 1395 3069 1775 3166; x_wconf 88' lang='lat' dir='ltr'><strong>aliquando</strong></span> <span class='ocrx_word' id='word_1_137' title='bbox 1820 3071 2093 3143; x_wconf 85' lang='lat' dir='ltr'><strong>furtum</strong></span> <span class='ocrx_word' id='word_1_138' title='bbox 2149 3072 2367 3143; x_wconf 85' lang='lat' dir='ltr'><strong>facere</strong></span> <span class='ocrx_word' id='word_1_139' title='bbox 2406 3069 2592 3172; x_wconf 79' lang='lat' dir='ltr'><strong>juri.</strong></span> 
     </span>
     <span class='ocr_line' id='line_1_22' title="bbox 486 3185 2591 3285; baseline 0.001 -28"><span class='ocrx_word' id='word_1_140' title='bbox 486 3188 817 3257; x_wconf 86' lang='lat' dir='ltr'><strong>Praeterea</strong></span> <span class='ocrx_word' id='word_1_141' title='bbox 858 3211 1082 3284; x_wconf 88' lang='lat' dir='ltr'><strong>quum</strong></span> <span class='ocrx_word' id='word_1_142' title='bbox 1125 3205 1246 3256; x_wconf 88' lang='lat' dir='ltr'><strong>aut</strong></span> <span class='ocrx_word' id='word_1_143' title='bbox 1286 3185 1380 3256; x_wconf 90' lang='lat' dir='ltr'><strong>ita</strong></span> <span class='ocrx_word' id='word_1_144' title='bbox 1421 3205 1843 3259; x_wconf 87' lang='lat' dir='ltr'><strong>revertantur</strong></span> <span class='ocrx_word' id='word_1_145' title='bbox 1883 3186 2174 3277; x_wconf 87' lang='lat' dir='ltr'><strong>exsules,</strong></span> <span class='ocrx_word' id='word_1_146' title='bbox 2210 3207 2591 3285; x_wconf 84' lang='lat' dir='ltr'><strong>tamquam</strong></span> 
     </span>
     <span class='ocr_line' id='line_1_23' title="bbox 489 3299 2599 3399; baseline 0.001 -27"><span class='ocrx_word' id='word_1_147' title='bbox 489 3301 563 3374; x_wconf 88' lang='lat' dir='ltr'><strong>in</strong></span> <span class='ocrx_word' id='word_1_148' title='bbox 596 3301 730 3373; x_wconf 91' lang='lat' dir='ltr'><strong>hoc</strong></span> <span class='ocrx_word' id='word_1_149' title='bbox 759 3299 1041 3391; x_wconf 79' lang='lat' dir='ltr'><strong>fallant,</strong></span> <span class='ocrx_word' id='word_1_150' title='bbox 1073 3322 1196 3373; x_wconf 86' lang='lat' dir='ltr'><strong>aut</strong></span> <span class='ocrx_word' id='word_1_151' title='bbox 1225 3301 1318 3372; x_wconf 89' lang='lat' dir='ltr'><strong>ita</strong></span> <span class='ocrx_word' id='word_1_152' title='bbox 1356 3322 1721 3399; x_wconf 85' lang='lat' dir='ltr'><strong>tamquam</strong></span> <span class='ocrx_word' id='word_1_153' title='bbox 1760 3302 1870 3375; x_wconf 91' lang='lat' dir='ltr'><strong>his</strong></span> <span class='ocrx_word' id='word_1_154' title='bbox 1908 3303 2134 3376; x_wconf 83' lang='lat' dir='ltr'><strong>facere</strong></span> <span class='ocrx_word' id='word_1_155' title='bbox 2165 3303 2407 3394; x_wconf 82' lang='lat' dir='ltr'><strong>liceat,</strong></span> <span class='ocrx_word' id='word_1_156' title='bbox 2444 3303 2599 3375; x_wconf 80' lang='lat' dir='ltr'><strong>ali-</strong></span> 
     </span>
     <span class='ocr_line' id='line_1_24' title="bbox 487 3415 2605 3520; baseline 0.002 -33"><span class='ocrx_word' id='word_1_157' title='bbox 487 3415 773 3514; x_wconf 85' lang='lat' dir='ltr'><strong>quando</strong></span> <span class='ocrx_word' id='word_1_158' title='bbox 808 3415 1028 3514; x_wconf 79' lang='lat' dir='ltr'><strong>magis</strong></span> <span class='ocrx_word' id='word_1_159' title='bbox 1058 3415 1107 3488; x_wconf 87' lang='lat' dir='ltr'><strong>ii</strong></span> <span class='ocrx_word' id='word_1_160' title='bbox 1140 3416 1497 3489; x_wconf 87' lang='lat' dir='ltr'><strong>occidendi</strong></span> <span class='ocrx_word' id='word_1_161' title='bbox 1531 3437 1723 3507; x_wconf 86' lang='lat' dir='ltr'><strong>sunt,</strong></span> <span class='ocrx_word' id='word_1_162' title='bbox 1764 3419 1884 3518; x_wconf 90' lang='lat' dir='ltr'><strong>qui</strong></span> <span class='ocrx_word' id='word_1_163' title='bbox 1920 3420 2155 3518; x_wconf 88' lang='lat' dir='ltr'><strong>palam</strong></span> <span class='ocrx_word' id='word_1_164' title='bbox 2198 3439 2431 3493; x_wconf 85' lang='lat' dir='ltr'><strong>contra</strong></span> <span class='ocrx_word' id='word_1_165' title='bbox 2460 3418 2605 3520; x_wconf 86' lang='lat' dir='ltr'><strong>jus-</strong></span> 
     </span>
     <span class='ocr_line' id='line_1_25' title="bbox 489 3531 2591 3634; baseline 0.002 -30"><span class='ocrx_word' id='word_1_166' title='bbox 489 3552 966 3604; x_wconf 84' lang='lat' dir='ltr'><strong>revertuntur:</strong></span> <span class='ocrx_word' id='word_1_167' title='bbox 1015 3531 1150 3604; x_wconf 90' lang='lat' dir='ltr'><strong>illis</strong></span> <span class='ocrx_word' id='word_1_168' title='bbox 1191 3533 1386 3606; x_wconf 88' lang='lat' dir='ltr'><strong>enim</strong></span> <span class='ocrx_word' id='word_1_169' title='bbox 1419 3535 1793 3607; x_wconf 86' lang='lat' dir='ltr'><strong>remissum</strong></span> <span class='ocrx_word' id='word_1_170' title='bbox 1836 3537 2105 3609; x_wconf 88' lang='lat' dir='ltr'><strong>furtum</strong></span> <span class='ocrx_word' id='word_1_171' title='bbox 2150 3563 2294 3609; x_wconf 88' lang='lat' dir='ltr'><strong>non</strong></span> <span class='ocrx_word' id='word_1_172' title='bbox 2335 3536 2591 3634; x_wconf 82' lang='lat' dir='ltr'><strong>utique</strong></span> 
     </span>
    </p>
   </div>
   <div class='ocr_carea' id='block_1_9' title="bbox 494 3717 2592 3869">
    <p class='ocr_par' dir='ltr' id='par_1_10' title="bbox 494 3717 2592 3869">
     <span class='ocr_line' id='line_1_26' title="bbox 593 3717 2585 3793; baseline 0.005 -24"><span class='ocrx_word' id='word_1_173' title='bbox 593 3733 638 3769; x_wconf 80' lang='grc' dir='ltr'><strong>ι.</strong></span> <span class='ocrx_word' id='word_1_174' title='bbox 667 3717 838 3784; x_wconf 74' lang='lat' dir='ltr'><strong>Licet,</strong></span> <span class='ocrx_word' id='word_1_175' title='bbox 865 3717 1042 3770; x_wconf 74' lang='lat' dir='ltr'><strong>etiam.</strong></span> <span class='ocrx_word' id='word_1_176' title='bbox 1065 3719 1235 3789; x_wconf 75' lang='lat' dir='ltr'><strong>Lege:</strong></span> <span class='ocrx_word' id='word_1_177' title='bbox 1281 3719 1495 3788; x_wconf 78' lang='lat' dir='ltr'><strong>-Licet‚</strong></span> <span class='ocrx_word' id='word_1_178' title='bbox 1575 3720 1797 3775; x_wconf 84' lang='lat' dir='ltr'><strong>Videtur</strong></span> <span class='ocrx_word' id='word_1_179' title='bbox 1826 3721 2138 3793; x_wconf 75' lang='lat' dir='ltr'><strong>legendum,</strong></span> <span class='ocrx_word' id='word_1_180' title='bbox 2170 3726 2259 3777; x_wconf 78' lang='lat' dir='ltr'><strong>cui</strong></span> <span class='ocrx_word' id='word_1_181' title='bbox 2298 3743 2405 3777; x_wconf 80' lang='lat' dir='ltr'><strong>non</strong></span> <span class='ocrx_word' id='word_1_182' title='bbox 2442 3722 2585 3779; x_wconf 78' lang='lat' dir='ltr'><strong>licet.</strong></span> 
     </span>
     <span class='ocr_line' id='line_1_27' title="bbox 494 3800 2592 3869; baseline 0.005 -23"><span class='ocrx_word' id='word_1_183' title='bbox 494 3821 517 3846; x_wconf 75' lang='grc' dir='ltr'>ι</span> <span class='ocrx_word' id='word_1_184' title='bbox 536 3817 646 3851; x_wconf 86' lang='lat' dir='ltr'><strong>non</strong></span> <span class='ocrx_word' id='word_1_185' title='bbox 670 3800 829 3850; x_wconf 85' lang='lat' dir='ltr'><strong>etiam</strong></span> <span class='ocrx_word' id='word_1_186' title='bbox 853 3813 1120 3869; x_wconf 75' lang='lat' dir='ltr'><strong>oportet.»</strong></span> <span class='ocrx_word' id='word_1_187' title='bbox 1149 3801 1327 3854; x_wconf 79' lang='lat' dir='ltr'><strong>Cicer:</strong></span> <span class='ocrx_word' id='word_1_188' title='bbox 1361 3827 1384 3850; x_wconf 74' lang='grc' dir='ltr'><strong>α</strong></span> <span class='ocrx_word' id='word_1_189' title='bbox 1403 3805 1497 3856; x_wconf 85' lang='lat' dir='ltr'><strong>Est</strong></span> <span class='ocrx_word' id='word_1_190' title='bbox 1574 3806 1699 3858; x_wconf 86' lang='lat' dir='ltr'><strong>Non</strong></span> <span class='ocrx_word' id='word_1_191' title='bbox 1748 3819 1829 3858; x_wconf 83' lang='lat' dir='ltr'><strong>est</strong></span> <span class='ocrx_word' id='word_1_192' title='bbox 1868 3823 2011 3858; x_wconf 82' lang='lat' dir='ltr'><strong>nova</strong></span> <span class='ocrx_word' id='word_1_193' title='bbox 2057 3804 2251 3858; x_wconf 85' lang='lat' dir='ltr'><strong>horum</strong></span> <span class='ocrx_word' id='word_1_194' title='bbox 2296 3803 2592 3858; x_wconf 78' lang='lat' dir='ltr'><strong>verborum</strong></span> 
     </span>
    </p>
   </div>
   <div class='ocr_carea' id='block_1_10' title="bbox 495 3878 2591 4017">
    <p class='ocr_par' dir='ltr' id='par_1_11' title="bbox 495 3878 2591 4017">
     <span class='ocr_line' id='line_1_28' title="bbox 495 3878 2589 3958; baseline 0.005 -30"><span class='ocrx_word' id='word_1_195' title='bbox 495 3903 518 3928; x_wconf 77' lang='grc' dir='ltr'><strong>ιι</strong></span> <span class='ocrx_word' id='word_1_196' title='bbox 537 3880 630 3933; x_wconf 84' lang='lat' dir='ltr'><strong>uhi</strong></span> <span class='ocrx_word' id='word_1_197' title='bbox 655 3878 810 3952; x_wconf 84' lang='lat' dir='ltr'><strong>quid,</strong></span> <span class='ocrx_word' id='word_1_198' title='bbox 831 3878 981 3952; x_wconf 83' lang='lat' dir='ltr'><strong>quod</strong></span> <span class='ocrx_word' id='word_1_199' title='bbox 1001 3880 1186 3947; x_wconf 69' lang='lat' dir='ltr'><strong>licent,</strong></span> <span class='ocrx_word' id='word_1_200' title='bbox 1205 3901 1314 3936; x_wconf 89' lang='lat' dir='ltr'><strong>non</strong></span> <span class='ocrx_word' id='word_1_201' title='bbox 1335 3903 1500 3955; x_wconf 86' lang='lat' dir='ltr'><strong>opor-</strong></span> <span class='ocrx_word' id='word_1_202' title='bbox 1576 3887 1895 3958; x_wconf 76' lang='lat' dir='ltr'><strong>permutatio</strong></span> <span class='ocrx_word' id='word_1_203' title='bbox 1911 3887 1966 3939; x_wconf 88' lang='lat' dir='ltr'><strong>in</strong></span> <span class='ocrx_word' id='word_1_204' title='bbox 1976 3885 2241 3939; x_wconf 84' lang='lat' dir='ltr'><strong>veteribus</strong></span> <span class='ocrx_word' id='word_1_205' title='bbox 2256 3885 2421 3939; x_wconf 87' lang='lat' dir='ltr'><strong>libris.</strong></span> <span class='ocrx_word' id='word_1_206' title='bbox 2434 3886 2589 3938; x_wconf 73' lang='lat' dir='ltr'><strong>me.</strong></span> 
     </span>
     <span class='ocr_line' id='line_1_29' title="bbox 495 3957 2591 4017; baseline 0.004 -11"><span class='ocrx_word' id='word_1_207' title='bbox 495 3983 517 4006; x_wconf 70' lang='grc' dir='ltr'><strong>α</strong></span> <span class='ocrx_word' id='word_1_208' title='bbox 539 3972 664 4012; x_wconf 84' lang='lat' dir='ltr'><strong>teat.</strong></span> <span class='ocrx_word' id='word_1_209' title='bbox 688 3982 711 4006; x_wconf 70' lang='lat' dir='ltr'>a</span> <span class='ocrx_word' id='word_1_210' title='bbox 739 3957 874 4010; x_wconf 84' lang='lat' dir='ltr'><strong>Vide</strong></span> <span class='ocrx_word' id='word_1_211' title='bbox 901 3959 1052 4012; x_wconf 84' lang='lat' dir='ltr'><strong>Grot.</strong></span> <span class='ocrx_word' id='word_1_212' title='bbox 1083 3959 1150 4012; x_wconf 88' lang='lat' dir='ltr'><strong>de</strong></span> <span class='ocrx_word' id='word_1_213' title='bbox 1171 3963 1286 4015; x_wconf 83' lang='lat' dir='ltr'><strong>Jur.</strong></span> <span class='ocrx_word' id='word_1_214' title='bbox 1313 3962 1418 4016; x_wconf 83' lang='lat' dir='ltr'><strong>Bel.</strong></span> <span class='ocrx_word' id='word_1_215' title='bbox 1444 3977 1499 4016; x_wconf 89' lang='lat' dir='ltr'><strong>et</strong></span> <span class='ocrx_word' id='word_1_216' title='bbox 1576 3963 1763 4016; x_wconf 86' lang='lat' dir='ltr'><strong>Forte:</strong></span> <span class='ocrx_word' id='word_1_217' title='bbox 1787 3987 1809 4010; x_wconf 77' lang='grc' dir='ltr'>ι</span> <span class='ocrx_word' id='word_1_218' title='bbox 1826 3966 1931 4016; x_wconf 82' lang='lat' dir='ltr'><strong>Aut</strong></span> <span class='ocrx_word' id='word_1_219' title='bbox 1952 3967 2094 4017; x_wconf 87' lang='lat' dir='ltr'><strong>enim</strong></span> <span class='ocrx_word' id='word_1_220' title='bbox 2108 3963 2278 4017; x_wconf 88' lang='lat' dir='ltr'><strong>redire</strong></span> <span class='ocrx_word' id='word_1_221' title='bbox 2294 3965 2342 4016; x_wconf 86' lang='lat' dir='ltr'><strong>ei</strong></span> <span class='ocrx_word' id='word_1_222' title='bbox 2360 3964 2591 4016; x_wconf 81' lang='lat' dir='ltr'><strong>omnino</strong></span> 
     </span>
    </p>
   </div>
   <div class='ocr_carea' id='block_1_11' title="bbox 488 4039 2591 4198">
    <p class='ocr_par' dir='ltr' id='par_1_12' title="bbox 488 4039 2591 4198">
     <span class='ocr_line' id='line_1_30' title="bbox 488 4039 2591 4112; baseline 0.005 -22"><span class='ocrx_word' id='word_1_223' title='bbox 488 4041 609 4091; x_wconf 74' lang='lat' dir='ltr'><strong>Pac.</strong></span> <span class='ocrx_word' id='word_1_224' title='bbox 637 4041 736 4104; x_wconf 86' lang='lat'>111,</span> <span class='ocrx_word' id='word_1_225' title='bbox 763 4041 900 4107; x_wconf 64' lang='lat' dir='ltr'><strong>ms.</strong></span> <span class='ocrx_word' id='word_1_226' title='bbox 935 4057 982 4091; x_wconf 84' lang='lat'><strong>2.</strong></span> <span class='ocrx_word' id='word_1_227' title='bbox 1011 4039 1230 4093; x_wconf 70' lang='lat' dir='ltr'><strong>Senum.</strong></span> <span class='ocrx_word' id='word_1_228' title='bbox 1581 4067 1604 4090; x_wconf 75' lang='grc' dir='ltr'>ι</span> <span class='ocrx_word' id='word_1_229' title='bbox 1626 4063 1735 4096; x_wconf 87' lang='lat' dir='ltr'><strong>non</strong></span> <span class='ocrx_word' id='word_1_230' title='bbox 1776 4043 1925 4108; x_wconf 86' lang='lat' dir='ltr'><strong>licet;</strong></span> <span class='ocrx_word' id='word_1_231' title='bbox 1969 4060 2059 4098; x_wconf 84' lang='lat' dir='ltr'><strong>aut</strong></span> <span class='ocrx_word' id='word_1_232' title='bbox 2106 4063 2216 4098; x_wconf 87' lang='lat' dir='ltr'><strong>non</strong></span> <span class='ocrx_word' id='word_1_233' title='bbox 2262 4045 2426 4112; x_wconf 82' lang='lat' dir='ltr'><strong>redit,</strong></span> <span class='ocrx_word' id='word_1_234' title='bbox 2478 4047 2591 4100; x_wconf 86' lang='lat' dir='ltr'><strong>nisi</strong></span> 
     </span>
     <span class='ocr_line' id='line_1_31' title="bbox 562 4121 2271 4198; baseline 0.002 -24"><span class='ocrx_word' id='word_1_235' title='bbox 562 4138 610 4174; x_wconf 77' lang='lat'><strong>2.</strong></span> <span class='ocrx_word' id='word_1_236' title='bbox 635 4121 744 4176; x_wconf 74' lang='lat' dir='ltr'><strong>Aut</strong></span> <span class='ocrx_word' id='word_1_237' title='bbox 777 4123 920 4176; x_wconf 78' lang='lat' dir='ltr'><strong>enim</strong></span> <span class='ocrx_word' id='word_1_238' title='bbox 953 4121 1112 4188; x_wconf 82' lang='lat' dir='ltr'><strong>redit,</strong></span> <span class='ocrx_word' id='word_1_239' title='bbox 1147 4124 1235 4176; x_wconf 76' lang='lat' dir='ltr'><strong>cui</strong></span> <span class='ocrx_word' id='word_1_240' title='bbox 1260 4123 1502 4178; x_wconf 51' lang='lat' dir='ltr'><strong>omnino,</strong></span> <span class='ocrx_word' id='word_1_241' title='bbox 1582 4148 1603 4172; x_wconf 73' lang='lat' dir='ltr'><em>a</em></span> <span class='ocrx_word' id='word_1_242' title='bbox 1622 4143 1789 4198; x_wconf 84' lang='lat' dir='ltr'><strong>quum</strong></span> <span class='ocrx_word' id='word_1_243' title='bbox 1810 4125 1948 4180; x_wconf 86' lang='lat' dir='ltr'><strong>licet.</strong></span> <span class='ocrx_word' id='word_1_244' title='bbox 1971 4151 1995 4176; x_wconf 70' lang='lat' dir='ltr'><em>n</em></span> <span class='ocrx_word' id='word_1_245' title='bbox 2022 4128 2271 4182; x_wconf 66' lang='lat' dir='ltr'><strong>Gnouov..</strong></span> 
     </span>
    </p>
   </div>
  </div>
 </body>
</html>
