2855 4871
676 408 1512 477 DECLAMA‘rloNES.
1561 410 1680 473 ιν.
2092 416 2218 505 529

154 535 445 626 includi,
486 536 607 608 ubi
644 562 787 607 non
827 532 1227 605 erubescas?
1270 533 1524 631 dignus
1565 560 1668 621 eS,
1705 535 2078 632 parricida,
2114 537 2221 609 di-

153 679 317 751 gnus
354 678 425 722 es
468 649 699 722 videre
750 670 1012 749 patrem
1041 703 1060 736 ‚
1108 648 1160 719 si
1212 668 1353 719 tam
1400 674 1600 745 grave
1636 662 1654 721 .¹
1695 669 1938 748 putas,
1987 672 2067 723 ut
2113 652 2224 725 vel
2278 694 2286 705 =

154 792 479 838 carcerem
523 764 745 837 malis.
792 763 1060 853 Debeo,
1088 763 1398 863 judices,
1441 762 1658 833 debeo
1696 762 1978 835 tandem
2021 792 2220 864 agere

154 879 376 951 mitius
415 900 627 977 pater,
668 878 723 949 si
767 898 911 949 tam
955 878 1243 974 graviter
1282 875 1413 947 sibi
1457 876 1828 949 damnatus
1866 878 2226 951 irascitur?

152 995 469 1083 Mirabar,
504 993 557 1065 si
594 994 749 1091 quis
787 1012 1057 1065 tantum
1091 991 1360 1063 sceleris
1396 991 1714 1081 auderet,
1753 993 1874 1091 qui
1909 1014 2224 1069 contem-

153 1136 305 1181 nere
342 1136 687 1182 carcerem
715 1122 740 1153 ²
766 1130 1032 1207 posset:
1068 1108 1281 1206 fugit,
1320 1104 1500 1197 odit,
1534 1109 1880 1198 avertitur,
1911 1130 1978 1181 et
2003 1109 2222 1183 limen

155 1224 351 1323 patris
371 1243 773 1295 exsecratur.
800 1226 1077 1319 Ignoras
1096 1222 1401 1320 profecto
1420 1242 1677 1293 sortem
1703 1243 1894 1295 tuam
1912 1280 1932 1311 ‚
1947 1225 2004 1296 si
2025 1246 2224 1324 putas

154 1337 329 1410 aliud
348 1337 621 1438 judices
652 1337 900 1408 debere
930 1335 1296 1433 respicere,
1331 1362 1544 1433 quam
1574 1336 1764 1435 quod
1797 1337 1994 1410 nolis,
2025 1341 2226 1413 Hanc

154 1478 415 1524 crucem
438 1450 466 1496 3
493 1471 753 1551 patere,
776 1451 829 1523 si
850 1449 1068 1549 gravis
1092 1470 1223 1522 est:
1247 1449 1438 1521 hunc
1467 1450 1656 1522 diem
1671 1508 1690 1539 ,
1712 1450 1767 1521 si
1788 1452 2018 1543 odisti,
2039 1454 2221 1526 vide:

154 1568 320 1641 nihil
336 1567 443 1640 illi
460 1568 777 1640 adversus
792 1587 1056 1667 patrem
1075 1566 1337 1655 liceret,
1356 1566 1484 1639 etsi
1505 1567 1842 1665 parricida
1861 1596 2006 1641 non
2029 1593 2222 1643 esset.

153 1808 2130 1834 “mmmmm
2140 1814 2231 1835 m

1136 1976 1233 2049 V.

1076 2164 1288 2235 Leno.

148 2338 407 2399 Juvenes
451 2338 802 2421 frequenter
844 2336 921 2397 ad
969 2336 1237 2420 lupanar
1282 2338 1656 2412 veniebant3
1702 2360 1896 2420 quum
1941 2339 2038 2401 his
2086 2342 2229 2404 leno

226 2434 580 2518 frequenter
619 2437 1076 2510 denunciasset,
1118 2457 1197 2496 ne
1235 2437 1620 2509 accederent,
1657 2434 1902 2498 foveam
1947 2439 2128 2515 fecit,
2173 2455 2235 2501 et

224 2533 569 2615 complevit
618 2534 883 2612 ignibus.
936 2532 1360 2592 Adolescentes
1406 2551 1604 2612 quum
1649 2538 1957 2594 venissent
1980 2580 1997 2611 ‚
2045 2539 2240 2596 exusti

224 2645 391 2692 sunt.
418 2635 748 2692 Accusatur
771 2651 807 2692 a
830 2631 1189 2712 parentibus
1213 2650 1432 2690 eorum
1455 2631 1598 2691 leno
1623 2631 1778 2690 laesae
1803 2632 2183 2714 reipublicae.

796 2813 1125 2861 CONTRA
1173 2812 1586 2859 LENONEM.

242 2935 684 3006 Denunciavi
706 2993 723 3024 ‚
759 2936 1025 3032 inquit:
1065 2934 1163 3006 dii
1193 2933 1399 3006 boni!
1438 2955 1782 3033 quantum
1819 2963 2024 3010 ausus
2057 2937 2239 3029 4est‚

214 3087 231 3121 t
246 3107 257 3120 .
270 3069 333 3121 Si
349 3078 455 3119 tam
467 3086 640 3140 grave.
657 3068 810 3134 An,si
826 3081 928 3120 tam
941 3086 1153 3142 gravem
1234 3067 1353 3118 stite
1373 3079 1538 3131 esset,
1565 3069 1662 3120 nisi
1681 3070 1772 3140 qui
1789 3083 2114 3124 contemnere
2131 3091 2243 3124 car-

156 3159 334 3219 putas,·
354 3165 541 3218 nempe
562 3160 765 3218 putrem
785 3164 993 3219 gravem
1011 3159 1063 3198 et
1076 3147 1156 3196 in·
1234 3166 1395 3200 cerem
1416 3160 1599 3220 posset.
1629 3151 1844 3203 Senum.

154 3231 321 3282 visum
350 3227 519 3282 oculis
544 3231 647 3280 tuis
670 3251 681 3280 :
710 3243 767 3281 nt
790 3247 939 3294 mox,
966 3229 1010 3280 si
1032 3246 1155 3301 qra-
1306 3230 1357 3282 3.
1380 3229 1538 3282 Hane
1555 3249 1772 3284 crucem.
1795 3235 1979 3300 Forte,
2001 3234 2136 3285 hanc
2161 3233 2239 3286 Iu-

158 3310 228 3364 vis
248 3320 351 3375 est,
376 3323 455 3373 et,
478 3312 521 3362 si
544 3310 722 3375 odisti,
745 3309 905 3362 scilic.
934 3322 1153 3380 patrem.
1236 3328 1360 3362 cem.
1385 3311 1550 3363 Gnon.
1577 3315 1651 3362 lta
1677 3331 1802 3364 crux
1824 3332 1924 3384 pro
1951 3315 2136 3382 quovis
2161 3313 2245 3366 vel

156 3391 392 3444 Juvenal.
424 3391 529 3444 Sat.
549 3395 646 3457 vl,
682 3391 809 3458 146:
846 3414 867 3436 σι
887 3392 1003 3444 Jam
1030 3409 1153 3461 gra·
1237 3388 1530 3460 supplicio,
1553 3391 1634 3443 vel
1670 3392 1904 3443 cruciatu
1938 3407 2114 3443 amant
2145 3411 2244 3444 an-

164 3493 185 3518 ·
202 3473 277 3522 vis
308 3489 365 3524 es
394 3468 583 3530 nobis,
602 3473 713 3541 jam
742 3489 877 3540 eaepe
907 3489 1158 3540 emunge-
1239 3469 1694 3522 oteres-Omnium
1705 3471 1924 3520 maxime
1935 3469 1988 3520 id
2000 3488 2055 3522 se
2067 3469 2245 3542 prodit

166 3573 185 3596 ι
206 3554 305 3618 ris,
320 3553 421 3603 exi.
440 3575 462 3599 n
483 3551 623 3604 Suet.
642 3554 839 3603 Neron.
860 3554 987 3604 LIV:
1011 3575 1033 3597 ι
1048 3553 1159 3604 sint
1239 3551 1293 3600 in
1314 3548 1403 3599 ino
1424 3549 1665 3602 Plautino
1679 3586 1696 3614 .,
1725 3571 1747 3594 ι
1768 3551 1898 3617 Quae
1919 3565 1969 3602 te
1989 3570 2119 3603 crux
2137 3555 2245 3622 egi-

166 3651 186 3674 ·
208 3632 295 3700 qui
333 3627 547 3682 tradant
578 3630 814 3682 Paridem
851 3629 1159 3682 histrionem
1245 3649 1267 3672 ι
1288 3627 1394 3678 tat?
1414 3650 1437 3672 ι·
1468 3626 1535 3677 de
1561 3644 1670 3697 quo
1695 3626 1847 3698 pflura
1873 3631 2148 3699 posuimus
2175 3629 2244 3681 ad

165 3730 187 3753 ι
206 3711 443 3760 occisum
468 3706 535 3759 ab
559 3726 651 3772 eo,
674 3709 823 3779 quasi
840 3726 1049 3779 gravem
1070 3710 1160 3761 ad·
1238 3703 1460 3774 Quintil.
1507 3704 1654 3757 Decl.
1693 3707 1739 3756 ΙῙ
1777 3710 1891 3760 init.
1930 3710 2104 3780 Atque
2141 3707 2245 3760 hoc

164 3791 523 3850 aversarium;
544 3811 565 3835 ι
598 3807 753 3858 quem
776 3788 911 3840 ferre
938 3808 1043 3841 non
1070 3809 1162 3860 po·
1242 3783 1520 3835 observato
1557 3801 1678 3834 cum
1709 3785 1822 3837 aliis
1855 3787 2162 3838 auctoribus
2191 3791 2244 3838 in

160 3866 447 3919 terat.Vid.
469 3869 667 3919 Passer.
684 3867 751 3918 ad
774 3871 925 3938 Prop.
949 3867 1091 3938 Eleg.
1112 3871 1161 3934 1,
1242 3862 1578 3916 concordiam
1617 3861 1800 3917 reduci
1834 3870 2032 3938 poterit
2061 3868 2248 3920 Florus

168 3961 213 4010 ι,
242 3963 331 4012 12,
354 3963 479 4017 pag.
509 3963 626 3998 ποι.
656 3949 821 3998 Bmm.
1243 3947 1316 4012 11,
1341 3962 1387 3997 α.
1415 3946 1534 3997 Scn.
1563 3945 1748 3996 Lucem
1775 3949 1976 4018 recepit
1994 3947 2245 4002 Obrecht.

246 4041 293 4078 α.
358 4025 463 4094 Qui
516 4037 840 4078 contemnere
892 4042 1162 4076 carcerem.
1316 4025 1365 4092 4.
1423 4027 1690 4096 Quantum
1740 4047 1891 4080 ausus
1936 4040 2023 4081 est.
2076 4033 2214 4100 Lege
2236 4053 2247 4082 :

163 4101 371 4156 Omissa
399 4103 660 4176 particula
684 4104 785 4158 nisi
804 4125 818 4154 .·
851 4121 955 4176 qua
982 4123 1168 4177 super·
1246 4107 1434 4180 quanti
1453 4125 1604 4162 ausus
1621 4118 1708 4162 est.
1733 4111 1849 4162 Hoc
1869 4123 1976 4176 est,
1997 4125 2254 4183 quantu-

382 4191 433 4246 6.
1943 4198 2012 4264 34
