2855 4871
643 404 1490 495 DECLAMATm'NEs.
1546 428 1787 493 com.
2182 428 2259 493 31

181 578 348 649 quos
371 551 740 623 necessitas
769 550 1070 651 pertinet
1099 549 1547 649 nuptiarum,
1574 550 1754 621 nihil
1788 552 1912 622 ista
1938 550 2085 622 lex:
2122 576 2263 621 non

181 668 394 767 magis
423 668 614 740 enim
640 668 1007 767 repudiare
1031 666 1221 756 licet,
1246 693 1460 765 quam
1489 694 1633 739 non
1663 668 1927 740 nubere
1948 683 1964 712 ¹
2004 667 2261 739 liceret.

181 785 358 856 Duas
385 785 576 857 enim
603 811 839 884 poenas
866 785 1190 856 adversus
1219 804 1521 882 raptores
1557 784 1985 857 constituisse
2012 785 2123 855 lex
2157 784 2266 855 vi-

184 896 404 987 detur,
452 896 738 970 alteram
791 896 1033 969 mortis
1055 952 1074 986 ,
1117 894 1399 967 alteram
1449 897 1890 994 nuptiarum;
1941 896 2265 969 leviorem

185 1010 387 1101 hanc,
413 1033 480 1085 et
508 1011 858 1085 beneficio
895 1012 1258 1111 popiorem
1279 1040 1296 1100 ;
1337 1033 1405 1084 et
1439 1031 1675 1083 tamen
1702 1011 1901 1083 illam
1938 1038 2081 1082 non
2118 1011 2265 1084 sine

183 1128 586 1200 necessitate.
637 1128 852 1217 Quod
885 1128 939 1199 si
977 1129 1127 1229 lege
1169 1155 1314 1200 non
1349 1127 1773 1219 defenderis,
1810 1129 2112 1228 profecto
2148 1126 2265 1199 in-

175 1240 430 1343 justum
476 1244 853 1316 divortium
888 1263 1029 1315 est:
1063 1244 1186 1317 sed
1219 1242 1569 1342 fingamus
1605 1265 1667 1315 te
1699 1243 1852 1341 lege
1886 1256 1914 1289 ²
1935 1241 2218 1315 defendi
2246 1268 2269 1315 2

183 1356 434 1457 reliqua
459 1358 607 1431 haec
638 1358 728 1431 sit
752 1358 1040 1458 quaestio
1058 1415 1079 1450 ,
1103 1385 1192 1430 an
1212 1359 1437 1431 facere
1460 1358 1805 1432 debueris.
1836 1356 2267 1435 Beneficium

183 1494 240 1545 te
268 1474 608 1575 accepisse
635 1502 998 1547 summum
1025 1474 1477 1547 manifestum
1502 1496 1633 1547 est:
1666 1474 1878 1547 vitam
1911 1474 2037 1547 tibi
2073 1476 2273 1549 dedit

183 1585 360 1677 laesa,
391 1588 590 1662 dedit
628 1590 848 1663 vitam
870 1590 1056 1690 juste
1085 1590 1291 1681 irata,
1335 1589 1530 1662 dedit
1561 1590 1771 1662 vitam
1799 1589 2100 1689 perituro
2141 1618 2270 1691 per

185 1704 507 1803 supplicia
523 1765 544 1797 ,
569 1733 694 1806 per
717 1706 1012 1778 dedecus
1032 1732 1054 1777 τ
1079 1732 1205 1806 pro
1236 1704 1347 1777 his
1370 1706 1551 1777 nihil
1577 1734 1720 1778 non
1748 1708 2049 1805 praestari
2071 1735 2266 1807 opor-

185 1834 334 1887 teret
360 1819 560 1890 uxori
593 1846 609 1889 :
657 1819 830 1917 quid
863 1818 1055 1890 aliud
1087 1820 1341 1918 exegit,
1375 1847 1593 1917 quam
1622 1842 1702 1894 ut
1730 1847 1901 1893 uxor
1934 1822 2147 1895 esset?
2177 1826 2268 1895 At

187 1932 353 2002 enim
377 1959 526 2005 non
554 1934 863 2033 pariebat
883 1933 1067 2005 intra
1090 1934 1689 2033 quinquennium.
1716 1936 1787 2007 Si
1812 1934 1938 2006 tibi
1964 1962 2117 2007 eam
2145 1964 2269 2037 pa-

187 2068 392 2119 rentes
425 2047 902 2140 collocassent,
937 2069 1061 2120 aut
1093 2054 1242 2149 ipsa
1273 2048 1589 2155 nubendi
1621 2071 1897 2151 tempus
1925 2050 2266 2150 elegisset,

187 2158 500 2252 dicerem,
547 2189 692 2234 non
737 2189 1014 2261 semper
1057 2163 1453 2236 fecunditas
1499 2163 1859 2264 properat?
1890 2164 2264 2265 aliquando

189 2276 374 2351 dilata
402 2279 621 2353 veluti
658 2279 1002 2380 pleniores
1031 2282 1296 2352 fructus
1327 2280 1575 2354 reddit.
1610 2284 1773 2355 Haec
1795 2310 1955 2355 vero
1980 2303 2048 2355 et
2071 2304 2264 2383 rapta

189 2410 273 2463 est
308 2414 683 2492 antequam
731 2392 1224 2485 destinaretur,
1267 2414 1649 2492 antequam
1701 2394 1969 2476 idonea,
1998 2397 2262 2497 nuptiis

187 2505 548 2597 videretur,
595 2529 664 2582 et
703 2507 958 2582 habuit
993 2510 1326 2586 maritum
1369 2511 1445 2584 in
1488 2537 1757 2592 amores
1797 2512 2219 2612 praecipitem
2243 2569 2261 2602 ,

187 2621 254 2692 in
300 2625 698 2724 cupiditates
731 2651 1072 2724 pronum:
1109 2643 1178 2697 et
1206 2637 1437 2723 quum'
1468 2627 1691 2699 invisa
1718 2627 1935 2698 fuerit
1954 2627 2218 2700 marito
2240 2681 2261 2717 ,

189 2756 400 2832 potest
417 2739 632 2812 videri
661 2739 853 2837 quod
884 2765 1031 2812 non
1059 2738 1366 2838 peperit,
1393 2739 1733 2838 pudicitia
1749 2739 1805 2828 3,
1840 2765 1987 2810 non
2014 2739 2263 2812 sterili-

187 2873 314 2924 tate
341 2854 594 2930 feeisse.
631 2857 748 2928 Tu
780 2883 982 2955 porro
1021 2855 1368 2954 quidquid
1400 2855 1591 2944 licet,
1620 2854 1853 2926 statim
1880 2875 2083 2952 putas
2116 2882 2261 2928 esse

187 2967 608 3044 faciendum:
638 2971 986 3071 quidquid
1011 2970 1477 3070 asperrimum
1501 2969 1719 3069 leges,
1743 2969 2093 3070 quidquid
2112 2997 2262 3044 cru-

191 3082 604 3160 delissimum
651 3087 910 3160 habent
946 3087 1143 3188 jura,
1183 3113 1523 3188 occupas:
1569 3085 1897 3158 voluisses
1938 3085 2259 3160 animum

189 3200 378 3275 talem
416 3205 633 3278 fuisse
667 3205 918 3305 puellae
952 3204 1074 3276 illo
1106 3225 1454 3304 tempore,
1500 3230 1640 3303 quo
1678 3203 1767 3276 ad
1804 3230 2033 3302 genua
2066 3204 2262 3305 jace-

189 3313 338 3389 bas?
379 3321 544 3392 Haec
583 3348 744 3394 vero
784 3347 927 3394 non
972 3341 1248 3393 tanturn
1284 3319 1566 3410 marito,
1606 3318 1726 3391 sed
1769 3317 1975 3391 etiam
2018 3321 2263 3419 reipu-

192 3428 364 3503 blicae
399 3435 688 3508 reddere
730 3436 1012 3535 plenam
1056 3457 1282 3535 potest
1321 3435 1701 3508 rationem:
1746 3461 1913 3506 nam
1954 3433 2159 3506 etiam
2202 3434 2257 3506 si

193 3569 316 3618 non
336 3547 546 3622 habet
565 3550 794 3623 filium
808 3609 828 3642 ,
852 3551 1212 3624 asservavit
1231 3571 1467 3622 tamen
1488 3551 1824 3652 juvenem
1839 3605 1857 3639 ,
1880 3569 2114 3622 tamen
2138 3549 2263 3622 ho·

195 3663 434 3738 minem
455 3725 474 3758 ,
507 3688 744 3741 tamen
773 3668 1016 3740 civem.

261 3829 296 3862 ¹-
335 3815 500 3885 Quam
549 3836 658 3869 non
707 3817 910 3872 nubere.
957 3817 1170 3870 Ducem.
1325 3815 1375 3868 3.
1400 3815 1679 3868 Pudicitia.
1696 3813 1856 3883 Quod
1877 3817 2079 3882 minus,
2100 3831 2267 3886 quam

195 3883 456 3946 dicendum
475 3897 630 3948 foret.
653 3896 873 3948 Senum.
1254 3899 1475 3952 maritus
1490 3936 1507 3964 ,
1531 3882 1703 3964 salax,
1726 3911 1779 3950 et
1803 3897 1985 3951 sedata
2004 3895 2267 3968 cupidine·

257 3989 298 4024 ει.
317 3974 460 4048 Finq.
480 3989 526 4030 te
540 3976 668 4050 lege.
685 3977 742 4028 F.
763 3989 814 4030 te
831 3990 922 4040 ma
941 3977 980 4033 ἱ.
997 3978 1116 4032 Sca.
1251 3977 1477 4050 predita
1492 3978 1669 4032 tuerit.
1692 3977 1911 4034 Senum.
