<?xml version="1.0" encoding="UTF-8"?>
<!DOCTYPE html PUBLIC "-//W3C//DTD XHTML 1.0 Transitional//EN"
    "http://www.w3.org/TR/xhtml1/DTD/xhtml1-transitional.dtd">
<html xmlns="http://www.w3.org/1999/xhtml" xml:lang="en" lang="en">
 <head>
  <title>
</title>
<meta http-equiv="Content-Type" content="text/html;charset=utf-8" />
  <meta name='ocr-system' content='tesseract 3.04.00' />
  <meta name='ocr-capabilities' content='ocr_page ocr_carea ocr_par ocr_line ocrx_word'/>
</head>
<body>
  <div class='ocr_page' id='page_1' title='image "./marcusfabiusqui06spalgoog_0421.png"; bbox 0 0 2855 4871; ppageno 0'>
   <div class='ocr_carea' id='block_1_1' title="bbox 583 405 708 483">
    <p class='ocr_par' dir='ltr' id='par_1_1' title="bbox 583 405 708 483">
     <span class='ocr_line' id='line_1_1' title="bbox 583 405 708 483; baseline 0 -13"><span class='ocrx_word' id='word_1_1' title='bbox 583 405 708 483; x_wconf 77' lang='lat'>416</span> 
     </span>
    </p>
   </div>
   <div class='ocr_carea' id='block_1_2' title="bbox 1085 403 2167 486">
    <p class='ocr_par' dir='ltr' id='par_1_2' title="bbox 1085 403 2167 486">
     <span class='ocr_line' id='line_1_2' title="bbox 1085 403 2167 486; baseline -0.002 -16"><span class='ocrx_word' id='word_1_2' title='bbox 1085 405 1478 472; x_wconf 83' lang='lat' dir='ltr'>M..FABII</span> <span class='ocrx_word' id='word_1_3' title='bbox 1525 403 2167 486; x_wconf 74' lang='lat' dir='ltr'>QmN&#39;rlLlAm</span> 
     </span>
    </p>
   </div>
   <div class='ocr_carea' id='block_1_3' title="bbox 579 526 2689 744">
    <p class='ocr_par' dir='ltr' id='par_1_3' title="bbox 579 526 2689 744">
     <span class='ocr_line' id='line_1_3' title="bbox 579 526 2689 628; baseline 0 -31"><span class='ocrx_word' id='word_1_4' title='bbox 579 526 733 625; x_wconf 83' lang='lat' dir='ltr'>lege</span> <span class='ocrx_word' id='word_1_5' title='bbox 750 541 766 571; x_wconf 90' lang='lat'>¹</span> <span class='ocrx_word' id='word_1_6' title='bbox 793 528 1291 628; x_wconf 86' lang='lat' dir='ltr'><strong>comprehendi</strong></span> <span class='ocrx_word' id='word_1_7' title='bbox 1317 528 1539 626; x_wconf 87' lang='lat' dir='ltr'>potuit</span> <span class='ocrx_word' id='word_1_8' title='bbox 1559 527 1690 599; x_wconf 90' lang='lat' dir='ltr'>hoc</span> <span class='ocrx_word' id='word_1_9' title='bbox 1714 529 2014 600; x_wconf 88' lang='lat' dir='ltr'>nocendi</span> <span class='ocrx_word' id='word_1_10' title='bbox 2040 547 2292 627; x_wconf 76' lang='lat' dir='ltr'>genu5‚</span> <span class='ocrx_word' id='word_1_11' title='bbox 2315 528 2507 626; x_wconf 90' lang='lat' dir='ltr'>quod</span> <span class='ocrx_word' id='word_1_12' title='bbox 2528 555 2689 598; x_wconf 88' lang='lat' dir='ltr'>rem</span> 
     </span>
     <span class='ocr_line' id='line_1_4' title="bbox 581 640 2689 744; baseline 0.001 -32"><span class='ocrx_word' id='word_1_13' title='bbox 581 643 1056 741; x_wconf 77' lang='lat' dir='ltr'>gravissimam</span> <span class='ocrx_word' id='word_1_14' title='bbox 1081 645 1242 718; x_wconf 89' lang='lat' dir='ltr'>fecit</span> <span class='ocrx_word' id='word_1_15' title='bbox 1265 640 1494 744; x_wconf 82' lang='lat' dir='ltr'>specie</span> <span class='ocrx_word' id='word_1_16' title='bbox 1518 642 1979 719; x_wconf 78' lang='lat' dir='ltr'>liberalitatis?</span> <span class='ocrx_word' id='word_1_17' title='bbox 1998 645 2269 716; x_wconf 87' lang='lat' dir='ltr'>Omnia</span> <span class='ocrx_word' id='word_1_18' title='bbox 2289 644 2501 743; x_wconf 76' lang='lat' dir='ltr'>igitur</span> <span class='ocrx_word' id='word_1_19' title='bbox 2524 643 2689 732; x_wconf 85' lang='lat' dir='ltr'>ista,</span> 
     </span>
    </p>
   </div>
   <div class='ocr_carea' id='block_1_4' title="bbox 581 867 1597 1332">
    <p class='ocr_par' dir='ltr' id='par_1_4' title="bbox 581 867 1597 1332">
     <span class='ocr_line' id='line_1_5' title="bbox 581 867 1591 940; baseline 0 -21"><span class='ocrx_word' id='word_1_20' title='bbox 581 869 1000 940; x_wconf 78' lang='lat' dir='ltr'>interpretationi</span> <span class='ocrx_word' id='word_1_21' title='bbox 1035 867 1427 938; x_wconf 63' lang='lat' dir='ltr'>adetipulantur</span> <span class='ocrx_word' id='word_1_22' title='bbox 1468 886 1591 919; x_wconf 83' lang='lat' dir='ltr'>mox</span> 
     </span>
     <span class='ocr_line' id='line_1_6' title="bbox 583 944 1595 1016; baseline -0.002 -18"><span class='ocrx_word' id='word_1_23' title='bbox 583 945 670 999; x_wconf 84' lang='lat' dir='ltr'>illa</span> <span class='ocrx_word' id='word_1_24' title='bbox 686 947 866 1014; x_wconf 83' lang='lat' dir='ltr'>verba,</span> <span class='ocrx_word' id='word_1_25' title='bbox 888 949 999 999; x_wconf 58' lang='lat' dir='ltr'>*An</span> <span class='ocrx_word' id='word_1_26' title='bbox 1023 962 1163 1010; x_wconf 88' lang='lat' dir='ltr'>eum,</span> <span class='ocrx_word' id='word_1_27' title='bbox 1183 947 1396 1016; x_wconf 84' lang='lat' dir='ltr'>quirem</span> <span class='ocrx_word' id='word_1_28' title='bbox 1415 944 1595 997; x_wconf 79' lang='lat' dir='ltr'>defor-</span> 
     </span>
     <span class='ocr_line' id='line_1_7' title="bbox 587 1028 1592 1094; baseline -0.002 -15"><span class='ocrx_word' id='word_1_29' title='bbox 587 1051 611 1074; x_wconf 74' lang='grc' dir='ltr'><strong><em>κ</em></strong></span> <span class='ocrx_word' id='word_1_30' title='bbox 631 1047 768 1080; x_wconf 88' lang='lat' dir='ltr'>mem</span> <span class='ocrx_word' id='word_1_31' title='bbox 797 1043 888 1080; x_wconf 83' lang='lat' dir='ltr'>aut</span> <span class='ocrx_word' id='word_1_32' title='bbox 916 1028 1157 1080; x_wconf 87' lang='lat' dir='ltr'>inutilem</span> <span class='ocrx_word' id='word_1_33' title='bbox 1187 1029 1454 1094; x_wconf 77' lang='lat' dir='ltr'>effecerit,</span> <span class='ocrx_word' id='word_1_34' title='bbox 1482 1044 1592 1078; x_wconf 88' lang='lat' dir='ltr'>non</span> 
     </span>
     <span class='ocr_line' id='line_1_8' title="bbox 587 1105 1596 1178; baseline -0.002 -20"><span class='ocrx_word' id='word_1_35' title='bbox 587 1129 610 1152; x_wconf 99' lang='lat'>⁸</span> <span class='ocrx_word' id='word_1_36' title='bbox 632 1125 747 1158; x_wconf 83' lang='lat' dir='ltr'>esse</span> <span class='ocrx_word' id='word_1_37' title='bbox 793 1107 1034 1159; x_wconf 80' lang='lat' dir='ltr'>maleficii</span> <span class='ocrx_word' id='word_1_38' title='bbox 1079 1107 1193 1176; x_wconf 73' lang='lat' dir='ltr'>lege</span> <span class='ocrx_word' id='word_1_39' title='bbox 1243 1105 1596 1178; x_wconf 86' lang='lat' dir='ltr'>comprehen-</span> 
     </span>
     <span class='ocr_line' id='line_1_9' title="bbox 587 1182 1597 1257; baseline -0.002 -21"><span class='ocrx_word' id='word_1_40' title='bbox 587 1207 612 1230; x_wconf 87' lang='lat'>⁸</span> <span class='ocrx_word' id='word_1_41' title='bbox 631 1203 766 1237; x_wconf 80' lang='lat' dir='ltr'>sum.</span> <span class='ocrx_word' id='word_1_42' title='bbox 789 1209 810 1231; x_wconf 80' lang='grc' dir='ltr'>ι·</span> <span class='ocrx_word' id='word_1_43' title='bbox 839 1187 1177 1257; x_wconf 83' lang='lat' dir='ltr'><strong>Quamquam</strong></span> <span class='ocrx_word' id='word_1_44' title='bbox 1197 1182 1304 1236; x_wconf 85' lang='lat' dir='ltr'>illic</span> <span class='ocrx_word' id='word_1_45' title='bbox 1322 1186 1437 1253; x_wconf 83' lang='lat' dir='ltr'>jam</span> <span class='ocrx_word' id='word_1_46' title='bbox 1459 1203 1597 1254; x_wconf 83' lang='lat' dir='ltr'>quae-</span> 
     </span>
     <span class='ocr_line' id='line_1_10' title="bbox 581 1260 1597 1332; baseline -0.003 -18"><span class='ocrx_word' id='word_1_47' title='bbox 581 1264 742 1328; x_wconf 67' lang='lat' dir='ltr'>fitur,</span> <span class='ocrx_word' id='word_1_48' title='bbox 775 1282 883 1314; x_wconf 88' lang='lat' dir='ltr'>non</span> <span class='ocrx_word' id='word_1_49' title='bbox 913 1281 980 1314; x_wconf 81' lang='lat' dir='ltr'>an</span> <span class='ocrx_word' id='word_1_50' title='bbox 1014 1263 1358 1332; x_wconf 87' lang='lat' dir='ltr'>inscriptum,</span> <span class='ocrx_word' id='word_1_51' title='bbox 1394 1260 1493 1316; x_wconf 76' lang='lat' dir='ltr'>sed</span> <span class='ocrx_word' id='word_1_52' title='bbox 1529 1279 1597 1312; x_wconf 86' lang='lat' dir='ltr'>an</span> 
     </span>
    </p>
   </div>
   <div class='ocr_carea' id='block_1_5' title="bbox 499 1339 1595 1412">
    <p class='ocr_par' dir='ltr' id='par_1_5' title="bbox 499 1339 1595 1412">
     <span class='ocr_line' id='line_1_11' title="bbox 499 1339 1595 1412; baseline -0.001 -20"><span class='ocrx_word' id='word_1_53' title='bbox 499 1371 502 1374; x_wconf 89' lang='lat'><strong>·</strong></span> <span class='ocrx_word' id='word_1_54' title='bbox 581 1339 900 1392; x_wconf 79' lang='lat' dir='ltr'>maleficium</span> <span class='ocrx_word' id='word_1_55' title='bbox 929 1342 1012 1391; x_wconf 87' lang='lat' dir='ltr'>sit.</span> <span class='ocrx_word' id='word_1_56' title='bbox 1043 1343 1178 1406; x_wconf 75' lang='lat' dir='ltr'>Fieri</span> <span class='ocrx_word' id='word_1_57' title='bbox 1202 1342 1360 1410; x_wconf 76' lang='lat' dir='ltr'>igitur</span> <span class='ocrx_word' id='word_1_58' title='bbox 1381 1353 1561 1412; x_wconf 88' lang='lat' dir='ltr'>potest</span> <span class='ocrx_word' id='word_1_59' title='bbox 1578 1378 1595 1406; x_wconf 92' lang='lat'>,</span> 
     </span>
    </p>
   </div>
   <div class='ocr_carea' id='block_1_6' title="bbox 583 1417 1612 4203">
    <p class='ocr_par' dir='ltr' id='par_1_6' title="bbox 583 1417 1612 4203">
     <span class='ocr_line' id='line_1_12' title="bbox 585 1417 1599 1493; baseline -0.004 -19"><span class='ocrx_word' id='word_1_60' title='bbox 585 1435 644 1474; x_wconf 91' lang='lat' dir='ltr'>ut</span> <span class='ocrx_word' id='word_1_61' title='bbox 673 1437 960 1493; x_wconf 79' lang='lat' dir='ltr'>quaeratur,</span> <span class='ocrx_word' id='word_1_62' title='bbox 991 1439 1060 1473; x_wconf 85' lang='lat' dir='ltr'>an</span> <span class='ocrx_word' id='word_1_63' title='bbox 1093 1422 1408 1491; x_wconf 85' lang='lat' dir='ltr'>inscriptum</span> <span class='ocrx_word' id='word_1_64' title='bbox 1440 1417 1497 1470; x_wconf 89' lang='lat' dir='ltr'>id</span> <span class='ocrx_word' id='word_1_65' title='bbox 1532 1421 1599 1472; x_wconf 80' lang='lat' dir='ltr'>sit</span> 
     </span>
     <span class='ocr_line' id='line_1_13' title="bbox 585 1501 1599 1574; baseline -0.002 -20"><span class='ocrx_word' id='word_1_66' title='bbox 585 1501 730 1574; x_wconf 89' lang='lat' dir='ltr'>quod</span> <span class='ocrx_word' id='word_1_67' title='bbox 751 1503 1004 1572; x_wconf 82' lang='lat' dir='ltr'>objicitur</span> <span class='ocrx_word' id='word_1_68' title='bbox 1025 1502 1204 1571; x_wconf 83' lang='lat' dir='ltr'>(forte</span> <span class='ocrx_word' id='word_1_69' title='bbox 1225 1515 1284 1554; x_wconf 89' lang='lat' dir='ltr'>ut</span> <span class='ocrx_word' id='word_1_70' title='bbox 1303 1503 1416 1572; x_wconf 81' lang='lat' dir='ltr'>ejus</span> <span class='ocrx_word' id='word_1_71' title='bbox 1436 1517 1599 1573; x_wconf 79' lang='lat' dir='ltr'>poena</span> 
     </span>
     <span class='ocr_line' id='line_1_14' title="bbox 583 1582 1599 1654; baseline -0.003 -19"><span class='ocrx_word' id='word_1_72' title='bbox 583 1583 912 1653; x_wconf 82' lang='lat' dir='ltr'>relinquatur</span> <span class='ocrx_word' id='word_1_73' title='bbox 945 1582 1160 1634; x_wconf 85' lang='lat' dir='ltr'>arbitrio</span> <span class='ocrx_word' id='word_1_74' title='bbox 1190 1583 1480 1654; x_wconf 75' lang='lat' dir='ltr'>judicantis</span> <span class='ocrx_word' id='word_1_75' title='bbox 1502 1621 1517 1648; x_wconf 89' lang='lat'>,</span> <span class='ocrx_word' id='word_1_76' title='bbox 1555 1583 1599 1634; x_wconf 78' lang='lat' dir='ltr'>si</span> 
     </span>
     <span class='ocr_line' id='line_1_15' title="bbox 585 1657 1600 1733; baseline -0.001 -22"><span class='ocrx_word' id='word_1_77' title='bbox 585 1659 899 1712; x_wconf 86' lang='lat' dir='ltr'>maleficium</span> <span class='ocrx_word' id='word_1_78' title='bbox 923 1674 1180 1733; x_wconf 81' lang='lat' dir='ltr'>appareat</span> <span class='ocrx_word' id='word_1_79' title='bbox 1205 1659 1356 1732; x_wconf 80' lang='lat' dir='ltr'>esse)</span> <span class='ocrx_word' id='word_1_80' title='bbox 1381 1674 1433 1713; x_wconf 90' lang='lat' dir='ltr'>et</span> <span class='ocrx_word' id='word_1_81' title='bbox 1452 1657 1600 1730; x_wconf 85' lang='lat' dir='ltr'>quod</span> 
     </span>
     <span class='ocr_line' id='line_1_16' title="bbox 583 1739 1597 1810; baseline 0 -20"><span class='ocrx_word' id='word_1_82' title='bbox 583 1741 852 1810; x_wconf 76' lang='lat' dir='ltr'>arguitur,</span> <span class='ocrx_word' id='word_1_83' title='bbox 882 1759 952 1792; x_wconf 85' lang='lat' dir='ltr'>an</span> <span class='ocrx_word' id='word_1_84' title='bbox 979 1739 1118 1791; x_wconf 86' lang='lat' dir='ltr'>idem</span> <span class='ocrx_word' id='word_1_85' title='bbox 1147 1740 1467 1792; x_wconf 79' lang='lat' dir='ltr'>maleficium</span> <span class='ocrx_word' id='word_1_86' title='bbox 1494 1741 1597 1791; x_wconf 83' lang='lat' dir='ltr'>sit:</span> 
     </span>
     <span class='ocr_line' id='line_1_17' title="bbox 587 1817 1601 1890; baseline -0.003 -21"><span class='ocrx_word' id='word_1_87' title='bbox 587 1832 646 1869; x_wconf 89' lang='lat' dir='ltr'>ut</span> <span class='ocrx_word' id='word_1_88' title='bbox 682 1817 803 1885; x_wconf 88' lang='lat' dir='ltr'>hic,</span> <span class='ocrx_word' id='word_1_89' title='bbox 841 1837 965 1870; x_wconf 84' lang='lat' dir='ltr'>nam</span> <span class='ocrx_word' id='word_1_90' title='bbox 998 1821 1312 1890; x_wconf 81' lang='lat' dir='ltr'>inscriptum</span> <span class='ocrx_word' id='word_1_91' title='bbox 1343 1836 1457 1870; x_wconf 80' lang='lat' dir='ltr'>esse</span> <span class='ocrx_word' id='word_1_92' title='bbox 1489 1833 1601 1868; x_wconf 88' lang='lat' dir='ltr'>non</span> 
     </span>
     <span class='ocr_line' id='line_1_18' title="bbox 585 1913 1599 1970; baseline -0.002 -20"><span class='ocrx_word' id='word_1_93' title='bbox 585 1914 811 1970; x_wconf 74' lang='lat' dir='ltr'>negatur</span> <span class='ocrx_word' id='word_1_94' title='bbox 829 1937 845 1966; x_wconf 90' lang='lat'>,</span> <span class='ocrx_word' id='word_1_95' title='bbox 893 1914 984 1952; x_wconf 80' lang='lat' dir='ltr'>aut</span> <span class='ocrx_word' id='word_1_96' title='bbox 1033 1913 1222 1952; x_wconf 84' lang='lat' dir='ltr'>contra</span> <span class='ocrx_word' id='word_1_97' title='bbox 1245 1921 1257 1950; x_wconf 70' lang='grc' dir='ltr'><strong><em>ε</em></strong></span> <span class='ocrx_word' id='word_1_98' title='bbox 1305 1917 1429 1951; x_wconf 85' lang='lat' dir='ltr'>raro</span> <span class='ocrx_word' id='word_1_99' title='bbox 1470 1916 1599 1949; x_wconf 83' lang='lat' dir='ltr'>vero</span> 
     </span>
     <span class='ocr_line' id='line_1_19' title="bbox 584 1976 1601 2050; baseline -0.004 -21"><span class='ocrx_word' id='word_1_100' title='bbox 584 1992 886 2050; x_wconf 86' lang='lat' dir='ltr'>utrumque.</span> <span class='ocrx_word' id='word_1_101' title='bbox 923 1981 1056 2030; x_wconf 85' lang='lat' dir='ltr'>Nam</span> <span class='ocrx_word' id='word_1_102' title='bbox 1091 1980 1138 2029; x_wconf 81' lang='lat' dir='ltr'>si</span> <span class='ocrx_word' id='word_1_103' title='bbox 1169 1995 1290 2030; x_wconf 83' lang='lat' dir='ltr'>reus</span> <span class='ocrx_word' id='word_1_104' title='bbox 1327 1990 1487 2046; x_wconf 76' lang='lat' dir='ltr'>negat</span> <span class='ocrx_word' id='word_1_105' title='bbox 1523 1976 1601 2026; x_wconf 90' lang='lat' dir='ltr'>in-</span> 
     </span>
     <span class='ocr_line' id='line_1_20' title="bbox 587 2060 1600 2132; baseline -0.002 -22"><span class='ocrx_word' id='word_1_106' title='bbox 587 2061 844 2132; x_wconf 73' lang='lat' dir='ltr'>scriptum</span> <span class='ocrx_word' id='word_1_107' title='bbox 864 2079 1006 2126; x_wconf 79' lang='lat' dir='ltr'>esse,</span> <span class='ocrx_word' id='word_1_108' title='bbox 1025 2061 1224 2112; x_wconf 85' lang='lat' dir='ltr'>fatetur</span> <span class='ocrx_word' id='word_1_109' title='bbox 1241 2060 1497 2130; x_wconf 78' lang='lat' dir='ltr'>scriptum</span> <span class='ocrx_word' id='word_1_110' title='bbox 1516 2076 1600 2109; x_wconf 82' lang='lat' dir='ltr'>es-</span> 
     </span>
     <span class='ocr_line' id='line_1_21' title="bbox 587 2140 1601 2211; baseline -0.002 -19"><span class='ocrx_word' id='word_1_111' title='bbox 587 2159 642 2194; x_wconf 84' lang='lat' dir='ltr'>se</span> <span class='ocrx_word' id='word_1_112' title='bbox 657 2140 996 2193; x_wconf 79' lang='lat' dir='ltr'>maleficium:</span> <span class='ocrx_word' id='word_1_113' title='bbox 1014 2142 1162 2211; x_wconf 84' lang='lat' dir='ltr'>atqui</span> <span class='ocrx_word' id='word_1_114' title='bbox 1177 2141 1329 2191; x_wconf 79' lang='lat' dir='ltr'>fateri</span> <span class='ocrx_word' id='word_1_115' title='bbox 1345 2142 1601 2210; x_wconf 82' lang='lat' dir='ltr'>scriptum</span> 
     </span>
     <span class='ocr_line' id='line_1_22' title="bbox 587 2220 1601 2290; baseline -0.004 -16"><span class='ocrx_word' id='word_1_116' title='bbox 587 2240 733 2285; x_wconf 77' lang='lat' dir='ltr'>esse,</span> <span class='ocrx_word' id='word_1_117' title='bbox 769 2234 822 2272; x_wconf 90' lang='lat' dir='ltr'>et</span> <span class='ocrx_word' id='word_1_118' title='bbox 849 2240 1044 2290; x_wconf 77' lang='lat' dir='ltr'>negare</span> <span class='ocrx_word' id='word_1_119' title='bbox 1077 2235 1252 2272; x_wconf 79' lang='lat' dir='ltr'>tamen</span> <span class='ocrx_word' id='word_1_120' title='bbox 1283 2220 1601 2272; x_wconf 83' lang='lat' dir='ltr'>maleficium</span> 
     </span>
     <span class='ocr_line' id='line_1_23' title="bbox 587 2302 1599 2374; baseline 0 -20"><span class='ocrx_word' id='word_1_121' title='bbox 587 2319 735 2366; x_wconf 76' lang='lat' dir='ltr'>esse,</span> <span class='ocrx_word' id='word_1_122' title='bbox 757 2303 840 2352; x_wconf 79' lang='lat' dir='ltr'>vix</span> <span class='ocrx_word' id='word_1_123' title='bbox 858 2339 874 2366; x_wconf 85' lang='lat'>‚</span> <span class='ocrx_word' id='word_1_124' title='bbox 899 2319 962 2353; x_wconf 85' lang='lat' dir='ltr'>ac</span> <span class='ocrx_word' id='word_1_125' title='bbox 985 2320 1052 2353; x_wconf 88' lang='lat' dir='ltr'>ne</span> <span class='ocrx_word' id='word_1_126' title='bbox 1077 2305 1160 2352; x_wconf 83' lang='lat' dir='ltr'>vix</span> <span class='ocrx_word' id='word_1_127' title='bbox 1183 2302 1392 2374; x_wconf 86' lang='lat' dir='ltr'>quidem</span> <span class='ocrx_word' id='word_1_128' title='bbox 1411 2341 1427 2368; x_wconf 93' lang='lat'>,</span> <span class='ocrx_word' id='word_1_129' title='bbox 1455 2305 1599 2354; x_wconf 88' lang='lat' dir='ltr'>acci-</span> 
     </span>
     <span class='ocr_line' id='line_1_24' title="bbox 587 2378 1599 2452; baseline -0.001 -21"><span class='ocrx_word' id='word_1_130' title='bbox 587 2378 713 2432; x_wconf 82' lang='lat' dir='ltr'>dere</span> <span class='ocrx_word' id='word_1_131' title='bbox 741 2393 948 2451; x_wconf 85' lang='lat' dir='ltr'>potest=</span> <span class='ocrx_word' id='word_1_132' title='bbox 979 2380 1140 2452; x_wconf 80' lang='lat' dir='ltr'>plane</span> <span class='ocrx_word' id='word_1_133' title='bbox 1171 2383 1278 2447; x_wconf 85' lang='lat' dir='ltr'>sic,</span> <span class='ocrx_word' id='word_1_134' title='bbox 1307 2399 1405 2432; x_wconf 89' lang='lat' dir='ltr'>nec</span> <span class='ocrx_word' id='word_1_135' title='bbox 1433 2383 1599 2451; x_wconf 80' lang='lat' dir='ltr'>scrip-</span> 
     </span>
     <span class='ocr_line' id='line_1_25' title="bbox 588 2458 1603 2526; baseline -0.003 -14"><span class='ocrx_word' id='word_1_136' title='bbox 588 2474 702 2512; x_wconf 83' lang='lat' dir='ltr'>tum</span> <span class='ocrx_word' id='word_1_137' title='bbox 727 2478 871 2526; x_wconf 82' lang='lat' dir='ltr'>esse,</span> <span class='ocrx_word' id='word_1_138' title='bbox 901 2478 997 2511; x_wconf 88' lang='lat' dir='ltr'>nec</span> <span class='ocrx_word' id='word_1_139' title='bbox 1023 2458 1340 2511; x_wconf 79' lang='lat' dir='ltr'>maleficium</span> <span class='ocrx_word' id='word_1_140' title='bbox 1367 2476 1510 2510; x_wconf 87' lang='lat' dir='ltr'>esse:</span> <span class='ocrx_word' id='word_1_141' title='bbox 1544 2470 1603 2509; x_wconf 86' lang='lat' dir='ltr'>ut</span> 
     </span>
     <span class='ocr_line' id='line_1_26' title="bbox 593 2538 1604 2610; baseline -0.003 -18"><span class='ocrx_word' id='word_1_142' title='bbox 593 2539 691 2592; x_wconf 80' lang='lat'>252</span> <span class='ocrx_word' id='word_1_143' title='bbox 729 2538 1165 2604; x_wconf 77' lang='lat' dir='ltr'>Declamatione,</span> <span class='ocrx_word' id='word_1_144' title='bbox 1202 2540 1257 2589; x_wconf 87' lang='lat' dir='ltr'>in</span> <span class='ocrx_word' id='word_1_145' title='bbox 1298 2556 1401 2610; x_wconf 84' lang='lat' dir='ltr'>qua</span> <span class='ocrx_word' id='word_1_146' title='bbox 1440 2556 1604 2608; x_wconf 73' lang='lat' dir='ltr'>nega-</span> 
     </span>
     <span class='ocr_line' id='line_1_27' title="bbox 590 2617 1603 2691; baseline -0.004 -20"><span class='ocrx_word' id='word_1_147' title='bbox 590 2620 682 2671; x_wconf 88' lang='lat' dir='ltr'>bat</span> <span class='ocrx_word' id='word_1_148' title='bbox 698 2618 841 2671; x_wconf 83' lang='lat' dir='ltr'>dives</span> <span class='ocrx_word' id='word_1_149' title='bbox 858 2620 1112 2691; x_wconf 83' lang='lat' dir='ltr'>scriptum</span> <span class='ocrx_word' id='word_1_150' title='bbox 1129 2637 1244 2671; x_wconf 81' lang='lat' dir='ltr'>esse</span> <span class='ocrx_word' id='word_1_151' title='bbox 1259 2617 1603 2681; x_wconf 82' lang='lat' dir='ltr'>maleficium,</span> 
     </span>
     <span class='ocr_line' id='line_1_28' title="bbox 591 2698 1604 2769; baseline -0.006 -20"><span class='ocrx_word' id='word_1_152' title='bbox 591 2700 715 2769; x_wconf 84' lang='lat' dir='ltr'>quia</span> <span class='ocrx_word' id='word_1_153' title='bbox 737 2698 896 2750; x_wconf 80' lang='lat' dir='ltr'>filiam</span> <span class='ocrx_word' id='word_1_154' title='bbox 921 2699 1169 2769; x_wconf 86' lang='lat' dir='ltr'>pauperis</span> <span class='ocrx_word' id='word_1_155' title='bbox 1195 2715 1304 2748; x_wconf 91' lang='lat' dir='ltr'>non</span> <span class='ocrx_word' id='word_1_156' title='bbox 1329 2708 1604 2767; x_wconf 84' lang='lat' dir='ltr'>stuprave-</span> 
     </span>
     <span class='ocr_line' id='line_1_29' title="bbox 590 2774 1603 2844; baseline -0.003 -16"><span class='ocrx_word' id='word_1_157' title='bbox 590 2792 704 2844; x_wconf 71' lang='lat' dir='ltr'>rat,</span> <span class='ocrx_word' id='word_1_158' title='bbox 746 2796 845 2829; x_wconf 89' lang='lat' dir='ltr'>nec</span> <span class='ocrx_word' id='word_1_159' title='bbox 885 2779 934 2829; x_wconf 88' lang='lat' dir='ltr'>ei</span> <span class='ocrx_word' id='word_1_160' title='bbox 970 2776 1250 2829; x_wconf 74' lang='lat' dir='ltr'>videbatur</span> <span class='ocrx_word' id='word_1_161' title='bbox 1287 2774 1603 2827; x_wconf 84' lang='lat' dir='ltr'>maleficium</span> 
     </span>
     <span class='ocr_line' id='line_1_30' title="bbox 591 2850 1600 2926; baseline -0.005 -19"><span class='ocrx_word' id='word_1_162' title='bbox 591 2874 705 2907; x_wconf 82' lang='lat' dir='ltr'>esse</span> <span class='ocrx_word' id='word_1_163' title='bbox 717 2895 734 2923; x_wconf 93' lang='lat'>,</span> <span class='ocrx_word' id='word_1_164' title='bbox 746 2855 932 2907; x_wconf 86' lang='lat' dir='ltr'>decem</span> <span class='ocrx_word' id='word_1_165' title='bbox 951 2855 1112 2921; x_wconf 78' lang='lat' dir='ltr'>millia</span> <span class='ocrx_word' id='word_1_166' title='bbox 1128 2854 1358 2926; x_wconf 79' lang='lat' dir='ltr'>parasito</span> <span class='ocrx_word' id='word_1_167' title='bbox 1375 2850 1600 2904; x_wconf 81' lang='lat' dir='ltr'>dedisse.</span> 
     </span>
     <span class='ocr_line' id='line_1_31' title="bbox 591 2936 1607 3008; baseline -0.006 -19"><span class='ocrx_word' id='word_1_168' title='bbox 591 2940 661 2989; x_wconf 83' lang='lat' dir='ltr'>At</span> <span class='ocrx_word' id='word_1_169' title='bbox 695 2939 740 2989; x_wconf 76' lang='lat' dir='ltr'>si</span> <span class='ocrx_word' id='word_1_170' title='bbox 771 2939 1028 3008; x_wconf 80' lang='lat' dir='ltr'>scriptum</span> <span class='ocrx_word' id='word_1_171' title='bbox 1059 2936 1378 2988; x_wconf 80' lang='lat' dir='ltr'>maleficium</span> <span class='ocrx_word' id='word_1_172' title='bbox 1401 2946 1515 2999; x_wconf 83' lang='lat' dir='ltr'>est,</span> <span class='ocrx_word' id='word_1_173' title='bbox 1546 2946 1607 2983; x_wconf 89' lang='lat' dir='ltr'>ut</span> 
     </span>
     <span class='ocr_line' id='line_1_32' title="bbox 591 3017 1603 3089; baseline -0.005 -19"><span class='ocrx_word' id='word_1_174' title='bbox 591 3020 1016 3089; x_wconf 73' lang='lat' dir='ltr'>interpretamur,</span> <span class='ocrx_word' id='word_1_175' title='bbox 1035 3017 1181 3089; x_wconf 90' lang='lat' dir='ltr'>quod</span> <span class='ocrx_word' id='word_1_176' title='bbox 1195 3017 1489 3086; x_wconf 79' lang='lat' dir='ltr'>legitimum</span> <span class='ocrx_word' id='word_1_177' title='bbox 1504 3028 1603 3079; x_wconf 81' lang='lat' dir='ltr'>est,</span> 
     </span>
     <span class='ocr_line' id='line_1_33' title="bbox 593 3096 1608 3173; baseline -0.003 -22"><span class='ocrx_word' id='word_1_178' title='bbox 593 3097 740 3173; x_wconf 88' lang='lat' dir='ltr'>quod</span> <span class='ocrx_word' id='word_1_179' title='bbox 771 3100 1086 3151; x_wconf 83' lang='lat' dir='ltr'>nominatim</span> <span class='ocrx_word' id='word_1_180' title='bbox 1121 3099 1326 3168; x_wconf 79' lang='lat' dir='ltr'>legibus</span> <span class='ocrx_word' id='word_1_181' title='bbox 1358 3096 1608 3169; x_wconf 86' lang='lat' dir='ltr'>publico-</span> 
     </span>
     <span class='ocr_line' id='line_1_34' title="bbox 593 3177 1605 3249; baseline -0.004 -18"><span class='ocrx_word' id='word_1_182' title='bbox 593 3199 710 3231; x_wconf 88' lang='lat' dir='ltr'>rum</span> <span class='ocrx_word' id='word_1_183' title='bbox 761 3192 852 3231; x_wconf 80' lang='lat' dir='ltr'>aut</span> <span class='ocrx_word' id='word_1_184' title='bbox 905 3182 1231 3249; x_wconf 79' lang='lat' dir='ltr'>privatorum</span> <span class='ocrx_word' id='word_1_185' title='bbox 1281 3177 1605 3247; x_wconf 86' lang='lat' dir='ltr'>judiciorum</span> 
     </span>
     <span class='ocr_line' id='line_1_35' title="bbox 593 3256 1609 3327; baseline -0.007 -15"><span class='ocrx_word' id='word_1_186' title='bbox 593 3261 913 3322; x_wconf 82' lang='lat' dir='ltr'>continetur,</span> <span class='ocrx_word' id='word_1_187' title='bbox 935 3274 1096 3327; x_wconf 78' lang='lat' dir='ltr'>quare</span> <span class='ocrx_word' id='word_1_188' title='bbox 1122 3256 1260 3306; x_wconf 87' lang='lat' dir='ltr'>actio</span> <span class='ocrx_word' id='word_1_189' title='bbox 1285 3256 1480 3325; x_wconf 69' lang='lat' dir='ltr'>Scripta·</span> <span class='ocrx_word' id='word_1_190' title='bbox 1501 3274 1609 3305; x_wconf 81' lang='lat' dir='ltr'>ma-</span> 
     </span>
     <span class='ocr_line' id='line_1_36' title="bbox 595 3332 1607 3410; baseline -0.006 -19"><span class='ocrx_word' id='word_1_191' title='bbox 595 3336 779 3410; x_wconf 66' lang='lat' dir='ltr'>leficii,</span> <span class='ocrx_word' id='word_1_192' title='bbox 799 3335 946 3388; x_wconf 89' lang='lat' dir='ltr'>unde</span> <span class='ocrx_word' id='word_1_193' title='bbox 965 3348 1016 3387; x_wconf 86' lang='lat' dir='ltr'>et</span> <span class='ocrx_word' id='word_1_194' title='bbox 1033 3334 1342 3406; x_wconf 75' lang='lat' dir='ltr'>simpliciter</span> <span class='ocrx_word' id='word_1_195' title='bbox 1365 3332 1607 3405; x_wconf 85' lang='lat' dir='ltr'>appella-</span> 
     </span>
     <span class='ocr_line' id='line_1_37' title="bbox 593 3414 1608 3489; baseline -0.007 -15"><span class='ocrx_word' id='word_1_196' title='bbox 593 3436 710 3485; x_wconf 88' lang='lat' dir='ltr'>tur,</span> <span class='ocrx_word' id='word_1_197' title='bbox 738 3438 846 3472; x_wconf 83' lang='lat' dir='ltr'>non</span> <span class='ocrx_word' id='word_1_198' title='bbox 877 3438 938 3470; x_wconf 87' lang='lat' dir='ltr'>ex</span> <span class='ocrx_word' id='word_1_199' title='bbox 969 3422 1083 3489; x_wconf 82' lang='lat' dir='ltr'>ejus</span> <span class='ocrx_word' id='word_1_200' title='bbox 1111 3417 1343 3469; x_wconf 81' lang='lat' dir='ltr'>criminis</span> <span class='ocrx_word' id='word_1_201' title='bbox 1369 3414 1525 3467; x_wconf 88' lang='lat' dir='ltr'>titulo</span> <span class='ocrx_word' id='word_1_202' title='bbox 1555 3430 1608 3467; x_wconf 88' lang='lat' dir='ltr'>et</span> 
     </span>
     <span class='ocr_line' id='line_1_38' title="bbox 595 3494 1608 3567; baseline -0.004 -18"><span class='ocrx_word' id='word_1_203' title='bbox 595 3500 810 3550; x_wconf 86' lang='lat' dir='ltr'>nomine</span> <span class='ocrx_word' id='word_1_204' title='bbox 849 3494 992 3567; x_wconf 89' lang='lat' dir='ltr'>quod</span> <span class='ocrx_word' id='word_1_205' title='bbox 1031 3496 1286 3566; x_wconf 80' lang='lat' dir='ltr'>scriptum</span> <span class='ocrx_word' id='word_1_206' title='bbox 1325 3494 1443 3545; x_wconf 78' lang='lat' dir='ltr'>est?</span> <span class='ocrx_word' id='word_1_207' title='bbox 1473 3506 1608 3564; x_wconf 84' lang='lat' dir='ltr'>puta</span> 
     </span>
     <span class='ocr_line' id='line_1_39' title="bbox 597 3574 1607 3648; baseline -0.004 -16"><span class='ocrx_word' id='word_1_208' title='bbox 597 3576 868 3641; x_wconf 83' lang='lat' dir='ltr'>adulterii,</span> <span class='ocrx_word' id='word_1_209' title='bbox 889 3575 1155 3648; x_wconf 77' lang='lat' dir='ltr'>parricidii</span> <span class='ocrx_word' id='word_1_210' title='bbox 1167 3614 1182 3641; x_wconf 88' lang='lat'>,</span> <span class='ocrx_word' id='word_1_211' title='bbox 1198 3575 1264 3627; x_wconf 90' lang='lat' dir='ltr'>de</span> <span class='ocrx_word' id='word_1_212' title='bbox 1279 3577 1357 3643; x_wconf 83' lang='lat' dir='ltr'>vi,</span> <span class='ocrx_word' id='word_1_213' title='bbox 1375 3590 1474 3628; x_wconf 86' lang='lat' dir='ltr'>etc.</span> <span class='ocrx_word' id='word_1_214' title='bbox 1498 3574 1607 3628; x_wconf 83' lang='lat' dir='ltr'>haec</span> 
     </span>
     <span class='ocr_line' id='line_1_40' title="bbox 595 3654 1605 3722; baseline -0.003 -12"><span class='ocrx_word' id='word_1_215' title='bbox 595 3661 732 3713; x_wconf 85' lang='lat' dir='ltr'>ratio</span> <span class='ocrx_word' id='word_1_216' title='bbox 763 3658 923 3722; x_wconf 80' lang='lat' dir='ltr'>facit,</span> <span class='ocrx_word' id='word_1_217' title='bbox 957 3668 1016 3707; x_wconf 88' lang='lat' dir='ltr'>ut</span> <span class='ocrx_word' id='word_1_218' title='bbox 1045 3658 1334 3709; x_wconf 73' lang='lat' dir='ltr'>existimem</span> <span class='ocrx_word' id='word_1_219' title='bbox 1363 3655 1457 3707; x_wconf 90' lang='lat' dir='ltr'>illo</span> <span class='ocrx_word' id='word_1_220' title='bbox 1484 3654 1605 3707; x_wconf 87' lang='lat' dir='ltr'>loco</span> 
     </span>
     <span class='ocr_line' id='line_1_41' title="bbox 595 3735 1605 3808; baseline -0.003 -16"><span class='ocrx_word' id='word_1_221' title='bbox 595 3739 935 3808; x_wconf 83' lang='lat' dir='ltr'>Quintiliani,</span> <span class='ocrx_word' id='word_1_222' title='bbox 975 3760 998 3784; x_wconf 74' lang='grc' dir='ltr'>ι</span> <span class='ocrx_word' id='word_1_223' title='bbox 1017 3738 1290 3807; x_wconf 72' lang='lat' dir='ltr'>finguntur</span> <span class='ocrx_word' id='word_1_224' title='bbox 1321 3739 1374 3787; x_wconf 91' lang='lat' dir='ltr'>in</span> <span class='ocrx_word' id='word_1_225' title='bbox 1409 3735 1605 3789; x_wconf 73' lang='lat' dir='ltr'>scholis</span> 
     </span>
     <span class='ocr_line' id='line_1_42' title="bbox 602 3815 1605 3889; baseline 0 -22"><span class='ocrx_word' id='word_1_226' title='bbox 602 3844 627 3867; x_wconf 73' lang='grc' dir='ltr'>ι</span> <span class='ocrx_word' id='word_1_227' title='bbox 647 3834 700 3872; x_wconf 87' lang='lat' dir='ltr'>et</span> <span class='ocrx_word' id='word_1_228' title='bbox 719 3820 899 3889; x_wconf 83' lang='lat' dir='ltr'>scripti</span> <span class='ocrx_word' id='word_1_229' title='bbox 919 3816 1190 3883; x_wconf 78' lang='lat' dir='ltr'>maleficii,</span> <span class='ocrx_word' id='word_1_230' title='bbox 1211 3819 1266 3867; x_wconf 91' lang='lat' dir='ltr'>in</span> <span class='ocrx_word' id='word_1_231' title='bbox 1285 3816 1481 3887; x_wconf 80' lang='lat' dir='ltr'>quibus</span> <span class='ocrx_word' id='word_1_232' title='bbox 1500 3815 1605 3867; x_wconf 86' lang='lat' dir='ltr'>hoc</span> 
     </span>
     <span class='ocr_line' id='line_1_43' title="bbox 604 3897 1609 3969; baseline -0.006 -17"><span class='ocrx_word' id='word_1_233' title='bbox 604 3922 626 3945; x_wconf 89' lang='lat'>⁸</span> <span class='ocrx_word' id='word_1_234' title='bbox 649 3900 922 3969; x_wconf 67' lang='lat' dir='ltr'>quaeritur,</span> <span class='ocrx_word' id='word_1_235' title='bbox 949 3915 1016 3948; x_wconf 85' lang='lat' dir='ltr'>an</span> <span class='ocrx_word' id='word_1_236' title='bbox 1040 3898 1294 3967; x_wconf 76' lang='lat' dir='ltr'>scriptum</span> <span class='ocrx_word' id='word_1_237' title='bbox 1320 3897 1412 3959; x_wconf 82' lang='lat' dir='ltr'>sit,</span> <span class='ocrx_word' id='word_1_238' title='bbox 1434 3918 1457 3941; x_wconf 69' lang='lat' dir='ltr'>a</span> <span class='ocrx_word' id='word_1_239' title='bbox 1486 3914 1609 3946; x_wconf 86' lang='lat' dir='ltr'>cor-</span> 
     </span>
     <span class='ocr_line' id='line_1_44' title="bbox 599 3973 1612 4046; baseline -0.002 -19"><span class='ocrx_word' id='word_1_240' title='bbox 599 3976 878 4046; x_wconf 73' lang='lat' dir='ltr'>rigendum</span> <span class='ocrx_word' id='word_1_241' title='bbox 903 3993 1020 4028; x_wconf 80' lang='lat' dir='ltr'>esse</span> <span class='ocrx_word' id='word_1_242' title='bbox 1045 3994 1107 4027; x_wconf 85' lang='lat' dir='ltr'>ex</span> <span class='ocrx_word' id='word_1_243' title='bbox 1128 3974 1230 4026; x_wconf 85' lang='lat' dir='ltr'>hac</span> <span class='ocrx_word' id='word_1_244' title='bbox 1254 3973 1612 4027; x_wconf 76' lang='lat' dir='ltr'>Declamatio-</span> 
     </span>
     <span class='ocr_line' id='line_1_45' title="bbox 601 4052 1611 4123; baseline -0.001 -20"><span class='ocrx_word' id='word_1_245' title='bbox 601 4072 700 4118; x_wconf 85' lang='lat' dir='ltr'>ne,</span> <span class='ocrx_word' id='word_1_246' title='bbox 727 4068 779 4105; x_wconf 88' lang='lat' dir='ltr'>et</span> <span class='ocrx_word' id='word_1_247' title='bbox 803 4052 893 4105; x_wconf 82' lang='lat' dir='ltr'>illa</span> <span class='ocrx_word' id='word_1_248' title='bbox 917 4054 1156 4119; x_wconf 84' lang='lat' dir='ltr'>Senecae,</span> <span class='ocrx_word' id='word_1_249' title='bbox 1187 4052 1418 4123; x_wconf 78' lang='lat' dir='ltr'>inscripti</span> <span class='ocrx_word' id='word_1_250' title='bbox 1445 4066 1497 4103; x_wconf 90' lang='lat' dir='ltr'>et</span> <span class='ocrx_word' id='word_1_251' title='bbox 1526 4053 1611 4103; x_wconf 79' lang='lat' dir='ltr'>in-</span> 
     </span>
     <span class='ocr_line' id='line_1_46' title="bbox 597 4129 1607 4203; baseline 0.005 -21"><span class='ocrx_word' id='word_1_252' title='bbox 597 4132 837 4202; x_wconf 80' lang='lat' dir='ltr'>scriptum</span> <span class='ocrx_word' id='word_1_253' title='bbox 859 4168 876 4196; x_wconf 92' lang='lat'>‚</span> <span class='ocrx_word' id='word_1_254' title='bbox 919 4144 980 4183; x_wconf 91' lang='lat' dir='ltr'>ut</span> <span class='ocrx_word' id='word_1_255' title='bbox 1021 4131 1122 4185; x_wconf 77' lang='lat'>252</span> <span class='ocrx_word' id='word_1_256' title='bbox 1168 4148 1382 4203; x_wconf 89' lang='lat' dir='ltr'>quoque</span> <span class='ocrx_word' id='word_1_257' title='bbox 1419 4129 1607 4187; x_wconf 80' lang='lat' dir='ltr'>Decla-</span> 
     </span>
    </p>
   </div>
   <div class='ocr_carea' id='block_1_7' title="bbox 1672 867 2703 4104">
    <p class='ocr_par' dir='ltr' id='par_1_7' title="bbox 1672 867 2703 3961">
     <span class='ocr_line' id='line_1_47' title="bbox 1672 867 2694 941; baseline -0.001 -22"><span class='ocrx_word' id='word_1_258' title='bbox 1672 870 1904 920; x_wconf 87' lang='lat' dir='ltr'>matione</span> <span class='ocrx_word' id='word_1_259' title='bbox 1925 888 2084 941; x_wconf 83' lang='lat' dir='ltr'>supra</span> <span class='ocrx_word' id='word_1_260' title='bbox 2104 871 2176 920; x_wconf 84' lang='lat' dir='ltr'>sic</span> <span class='ocrx_word' id='word_1_261' title='bbox 2196 867 2457 940; x_wconf 80' lang='lat' dir='ltr'>legerem,</span> <span class='ocrx_word' id='word_1_262' title='bbox 2484 890 2509 912; x_wconf 81' lang='lat'>⁸</span> <span class='ocrx_word' id='word_1_263' title='bbox 2524 869 2694 938; x_wconf 75' lang='lat' dir='ltr'>igitur</span> 
     </span>
     <span class='ocr_line' id='line_1_48' title="bbox 1678 947 2689 1018; baseline -0.002 -20"><span class='ocrx_word' id='word_1_264' title='bbox 1678 969 1700 992; x_wconf 84' lang='lat'>⁸</span> <span class='ocrx_word' id='word_1_265' title='bbox 1722 959 1775 998; x_wconf 84' lang='lat' dir='ltr'>et</span> <span class='ocrx_word' id='word_1_266' title='bbox 1802 949 2114 1018; x_wconf 82' lang='lat' dir='ltr'>inscriptum</span> <span class='ocrx_word' id='word_1_267' title='bbox 2142 961 2195 998; x_wconf 88' lang='lat' dir='ltr'>et</span> <span class='ocrx_word' id='word_1_268' title='bbox 2222 947 2541 998; x_wconf 80' lang='lat' dir='ltr'>maleficium</span> <span class='ocrx_word' id='word_1_269' title='bbox 2576 961 2689 1008; x_wconf 80' lang='lat' dir='ltr'>est,</span> 
     </span>
     <span class='ocr_line' id='line_1_49' title="bbox 1679 1027 2683 1100; baseline -0.003 -20"><span class='ocrx_word' id='word_1_270' title='bbox 1679 1051 1701 1074; x_wconf 87' lang='lat'>⁸</span> <span class='ocrx_word' id='word_1_271' title='bbox 1722 1027 1973 1081; x_wconf 80' lang='lat' dir='ltr'>adversus</span> <span class='ocrx_word' id='word_1_272' title='bbox 1996 1048 2145 1094; x_wconf 89' lang='lat' dir='ltr'>eum,</span> <span class='ocrx_word' id='word_1_273' title='bbox 2168 1047 2290 1080; x_wconf 84' lang='lat' dir='ltr'>cum</span> <span class='ocrx_word' id='word_1_274' title='bbox 2315 1047 2425 1100; x_wconf 91' lang='lat' dir='ltr'>quo</span> <span class='ocrx_word' id='word_1_275' title='bbox 2450 1031 2644 1098; x_wconf 77' lang='lat' dir='ltr'>agitur.</span> <span class='ocrx_word' id='word_1_276' title='bbox 2664 1053 2683 1072; x_wconf 72' lang='lat' dir='ltr'>n</span> 
     </span>
     <span class='ocr_line' id='line_1_50' title="bbox 1676 1105 2691 1178; baseline -0.002 -20"><span class='ocrx_word' id='word_1_277' title='bbox 1676 1108 1811 1158; x_wconf 84' lang='lat' dir='ltr'>Nam</span> <span class='ocrx_word' id='word_1_278' title='bbox 1858 1105 2005 1178; x_wconf 89' lang='lat' dir='ltr'>quod</span> <span class='ocrx_word' id='word_1_279' title='bbox 2044 1125 2163 1158; x_wconf 85' lang='lat' dir='ltr'>raro</span> <span class='ocrx_word' id='word_1_280' title='bbox 2205 1109 2367 1177; x_wconf 77' lang='lat' dir='ltr'>quaeri</span> <span class='ocrx_word' id='word_1_281' title='bbox 2403 1119 2691 1177; x_wconf 81' lang='lat' dir='ltr'>utrumque</span> 
     </span>
     <span class='ocr_line' id='line_1_51' title="bbox 1678 1185 2689 1258; baseline -0.004 -21"><span class='ocrx_word' id='word_1_282' title='bbox 1678 1188 1775 1252; x_wconf 82' lang='lat' dir='ltr'>ait,</span> <span class='ocrx_word' id='word_1_283' title='bbox 1793 1205 1859 1237; x_wconf 82' lang='lat' dir='ltr'>an</span> <span class='ocrx_word' id='word_1_284' title='bbox 1880 1187 2191 1258; x_wconf 87' lang='lat' dir='ltr'>inscriptum</span> <span class='ocrx_word' id='word_1_285' title='bbox 2207 1199 2259 1238; x_wconf 88' lang='lat' dir='ltr'>et</span> <span class='ocrx_word' id='word_1_286' title='bbox 2281 1205 2348 1237; x_wconf 88' lang='lat' dir='ltr'>an</span> <span class='ocrx_word' id='word_1_287' title='bbox 2370 1185 2689 1236; x_wconf 80' lang='lat' dir='ltr'>maleficium</span> 
     </span>
     <span class='ocr_line' id='line_1_52' title="bbox 1678 1265 2687 1339; baseline -0.005 -19"><span class='ocrx_word' id='word_1_288' title='bbox 1678 1269 1747 1320; x_wconf 85' lang='lat' dir='ltr'>sit</span> <span class='ocrx_word' id='word_1_289' title='bbox 1776 1289 1787 1316; x_wconf 72' lang='grc' dir='ltr'>ι</span> <span class='ocrx_word' id='word_1_290' title='bbox 1836 1265 1944 1318; x_wconf 84' lang='lat' dir='ltr'>illic</span> <span class='ocrx_word' id='word_1_291' title='bbox 2000 1267 2331 1339; x_wconf 71' lang='lat' dir='ltr'>quaerebatur</span> <span class='ocrx_word' id='word_1_292' title='bbox 2382 1282 2687 1336; x_wconf 85' lang='lat' dir='ltr'>utrumque.</span> 
     </span>
     <span class='ocr_line' id='line_1_53' title="bbox 1676 1344 2693 1416; baseline -0.003 -19"><span class='ocrx_word' id='word_1_293' title='bbox 1676 1346 1857 1412; x_wconf 81' lang='lat' dir='ltr'>Quare</span> <span class='ocrx_word' id='word_1_294' title='bbox 1880 1347 1953 1396; x_wconf 83' lang='lat' dir='ltr'>ita</span> <span class='ocrx_word' id='word_1_295' title='bbox 1978 1344 2274 1410; x_wconf 85' lang='lat' dir='ltr'>concludit,</span> <span class='ocrx_word' id='word_1_296' title='bbox 2300 1368 2325 1391; x_wconf 75' lang='grc' dir='ltr'>ι</span> <span class='ocrx_word' id='word_1_297' title='bbox 2345 1346 2518 1416; x_wconf 74' lang='lat' dir='ltr'>igitur</span> <span class='ocrx_word' id='word_1_298' title='bbox 2542 1357 2595 1396; x_wconf 86' lang='lat' dir='ltr'>et</span> <span class='ocrx_word' id='word_1_299' title='bbox 2618 1347 2693 1395; x_wconf 88' lang='lat' dir='ltr'>in-</span> 
     </span>
     <span class='ocr_line' id='line_1_54' title="bbox 1682 1425 2693 1496; baseline -0.005 -19"><span class='ocrx_word' id='word_1_300' title='bbox 1682 1447 1705 1471; x_wconf 82' lang='lat'>⁸</span> <span class='ocrx_word' id='word_1_301' title='bbox 1726 1425 1980 1496; x_wconf 80' lang='lat' dir='ltr'>scriptum</span> <span class='ocrx_word' id='word_1_302' title='bbox 2020 1437 2073 1476; x_wconf 88' lang='lat' dir='ltr'>et</span> <span class='ocrx_word' id='word_1_303' title='bbox 2111 1425 2431 1477; x_wconf 83' lang='lat' dir='ltr'>maleficium</span> <span class='ocrx_word' id='word_1_304' title='bbox 2476 1437 2559 1476; x_wconf 76' lang='lat' dir='ltr'>est</span> <span class='ocrx_word' id='word_1_305' title='bbox 2580 1446 2593 1474; x_wconf 92' lang='lat'>:</span> <span class='ocrx_word' id='word_1_306' title='bbox 2642 1435 2693 1473; x_wconf 87' lang='lat' dir='ltr'>et</span> 
     </span>
     <span class='ocr_line' id='line_1_55' title="bbox 1684 1503 2693 1556; baseline -0.001 -1"><span class='ocrx_word' id='word_1_307' title='bbox 1684 1525 1707 1549; x_wconf 84' lang='lat'>⁸</span> <span class='ocrx_word' id='word_1_308' title='bbox 1728 1503 2045 1556; x_wconf 84' lang='lat' dir='ltr'>maleficium</span> <span class='ocrx_word' id='word_1_309' title='bbox 2090 1522 2201 1556; x_wconf 85' lang='lat' dir='ltr'>non</span> <span class='ocrx_word' id='word_1_310' title='bbox 2250 1503 2430 1556; x_wconf 74' lang='lat' dir='ltr'>solum</span> <span class='ocrx_word' id='word_1_311' title='bbox 2478 1503 2693 1554; x_wconf 81' lang='lat' dir='ltr'>confes·</span> 
     </span>
     <span class='ocr_line' id='line_1_56' title="bbox 1685 1582 2691 1652; baseline -0.005 -16"><span class='ocrx_word' id='word_1_312' title='bbox 1685 1607 1707 1630; x_wconf 89' lang='lat'>⁸</span> <span class='ocrx_word' id='word_1_313' title='bbox 1726 1601 1845 1636; x_wconf 83' lang='lat' dir='ltr'>sum</span> <span class='ocrx_word' id='word_1_314' title='bbox 1865 1623 1883 1650; x_wconf 89' lang='lat'>,</span> <span class='ocrx_word' id='word_1_315' title='bbox 1915 1595 2015 1636; x_wconf 84' lang='lat' dir='ltr'>etc.</span> <span class='ocrx_word' id='word_1_316' title='bbox 2040 1608 2062 1632; x_wconf 70' lang='lat' dir='ltr'>n</span> <span class='ocrx_word' id='word_1_317' title='bbox 2102 1582 2246 1651; x_wconf 87' lang='lat' dir='ltr'>Quid</span> <span class='ocrx_word' id='word_1_318' title='bbox 2276 1585 2323 1634; x_wconf 77' lang='lat' dir='ltr'>si</span> <span class='ocrx_word' id='word_1_319' title='bbox 2357 1599 2583 1652; x_wconf 82' lang='lat' dir='ltr'>quoque</span> <span class='ocrx_word' id='word_1_320' title='bbox 2616 1583 2691 1633; x_wconf 88' lang='lat' dir='ltr'>in—</span> 
     </span>
     <span class='ocr_line' id='line_1_57' title="bbox 1678 1659 2695 1731; baseline -0.002 -19"><span class='ocrx_word' id='word_1_321' title='bbox 1678 1662 1933 1731; x_wconf 84' lang='lat' dir='ltr'>scriptum</span> <span class='ocrx_word' id='word_1_322' title='bbox 1966 1659 2283 1712; x_wconf 81' lang='lat' dir='ltr'>maleficium</span> <span class='ocrx_word' id='word_1_323' title='bbox 2320 1661 2397 1712; x_wconf 81' lang='lat' dir='ltr'>sic</span> <span class='ocrx_word' id='word_1_324' title='bbox 2436 1661 2695 1730; x_wconf 77' lang='lat' dir='ltr'>interpre-</span> 
     </span>
     <span class='ocr_line' id='line_1_58' title="bbox 1680 1740 2693 1808; baseline -0.003 -18"><span class='ocrx_word' id='word_1_325' title='bbox 1680 1741 1884 1790; x_wconf 75' lang='lat' dir='ltr'>temur?</span> <span class='ocrx_word' id='word_1_326' title='bbox 1905 1740 2185 1792; x_wconf 80' lang='lat' dir='ltr'>Inscribere</span> <span class='ocrx_word' id='word_1_327' title='bbox 2200 1756 2599 1808; x_wconf 80' lang='lat' dir='ltr'>nonnunquam</span> <span class='ocrx_word' id='word_1_328' title='bbox 2618 1749 2693 1788; x_wconf 79' lang='lat' dir='ltr'>est</span> 
     </span>
     <span class='ocr_line' id='line_1_59' title="bbox 1680 1815 2693 1890; baseline -0.004 -20"><span class='ocrx_word' id='word_1_329' title='bbox 1680 1817 1999 1883; x_wconf 76' lang='lat' dir='ltr'>attribuere,</span> <span class='ocrx_word' id='word_1_330' title='bbox 2024 1832 2078 1870; x_wconf 91' lang='lat' dir='ltr'>et</span> <span class='ocrx_word' id='word_1_331' title='bbox 2096 1815 2361 1890; x_wconf 89' lang='lat' dir='ltr'>quidquid</span> <span class='ocrx_word' id='word_1_332' title='bbox 2385 1817 2595 1868; x_wconf 76' lang='lat' dir='ltr'>fuctum</span> <span class='ocrx_word' id='word_1_333' title='bbox 2618 1829 2693 1868; x_wconf 70' lang='lat' dir='ltr'>eet</span> 
     </span>
     <span class='ocr_line' id='line_1_60' title="bbox 1678 1899 2693 1967; baseline -0.001 -17"><span class='ocrx_word' id='word_1_334' title='bbox 1678 1900 1734 1950; x_wconf 90' lang='lat' dir='ltr'>in</span> <span class='ocrx_word' id='word_1_335' title='bbox 1759 1900 1947 1967; x_wconf 86' lang='lat' dir='ltr'>alium,</span> <span class='ocrx_word' id='word_1_336' title='bbox 1971 1912 2061 1950; x_wconf 83' lang='lat' dir='ltr'>aut</span> <span class='ocrx_word' id='word_1_337' title='bbox 2084 1899 2239 1952; x_wconf 86' lang='lat' dir='ltr'>aliam</span> <span class='ocrx_word' id='word_1_338' title='bbox 2266 1917 2377 1951; x_wconf 86' lang='lat' dir='ltr'>rem</span> <span class='ocrx_word' id='word_1_339' title='bbox 2410 1900 2693 1950; x_wconf 77' lang='lat' dir='ltr'>transferre</span> 
     </span>
     <span class='ocr_line' id='line_1_61' title="bbox 1682 1976 2693 2048; baseline -0.004 -17"><span class='ocrx_word' id='word_1_340' title='bbox 1682 1981 1735 2031; x_wconf 87' lang='lat' dir='ltr'>e‘t</span> <span class='ocrx_word' id='word_1_341' title='bbox 1750 1977 2002 2030; x_wconf 77' lang='lat' dir='ltr'>derivare.</span> <span class='ocrx_word' id='word_1_342' title='bbox 2019 1978 2091 2030; x_wconf 89' lang='lat' dir='ltr'>Sit</span> <span class='ocrx_word' id='word_1_343' title='bbox 2107 1979 2265 2048; x_wconf 81' lang='lat' dir='ltr'>igitur</span> <span class='ocrx_word' id='word_1_344' title='bbox 2276 1979 2599 2048; x_wconf 84' lang='lat' dir='ltr'>inscriptum</span> <span class='ocrx_word' id='word_1_345' title='bbox 2616 1976 2693 2040; x_wconf 82' lang='lat' dir='ltr'>id,</span> 
     </span>
     <span class='ocr_line' id='line_1_62' title="bbox 1683 2058 2693 2132; baseline -0.004 -19"><span class='ocrx_word' id='word_1_346' title='bbox 1683 2060 1828 2132; x_wconf 86' lang='lat' dir='ltr'>quod</span> <span class='ocrx_word' id='word_1_347' title='bbox 1851 2061 1974 2114; x_wconf 89' lang='lat' dir='ltr'>licet</span> <span class='ocrx_word' id='word_1_348' title='bbox 1997 2060 2133 2112; x_wconf 80' lang='lat' dir='ltr'>trahi</span> <span class='ocrx_word' id='word_1_349' title='bbox 2155 2061 2324 2132; x_wconf 80' lang='lat' dir='ltr'>possit</span> <span class='ocrx_word' id='word_1_350' title='bbox 2346 2061 2402 2110; x_wconf 85' lang='lat' dir='ltr'>in</span> <span class='ocrx_word' id='word_1_351' title='bbox 2422 2058 2693 2131; x_wconf 79' lang='lat' dir='ltr'>quoddam</span> 
     </span>
     <span class='ocr_line' id='line_1_63' title="bbox 1684 2138 2693 2210; baseline -0.004 -18"><span class='ocrx_word' id='word_1_352' title='bbox 1684 2142 1835 2210; x_wconf 85' lang='lat' dir='ltr'>quasi</span> <span class='ocrx_word' id='word_1_353' title='bbox 1850 2139 2163 2192; x_wconf 86' lang='lat' dir='ltr'>maleficium</span> <span class='ocrx_word' id='word_1_354' title='bbox 2178 2155 2191 2189; x_wconf 89' lang='lat'>:</span> <span class='ocrx_word' id='word_1_355' title='bbox 2208 2151 2385 2190; x_wconf 83' lang='lat' dir='ltr'>tamen</span> <span class='ocrx_word' id='word_1_356' title='bbox 2402 2157 2471 2189; x_wconf 81' lang='lat' dir='ltr'>ex</span> <span class='ocrx_word' id='word_1_357' title='bbox 2488 2138 2667 2189; x_wconf 81' lang='lat' dir='ltr'>officio</span> <span class='ocrx_word' id='word_1_358' title='bbox 2677 2177 2693 2200; x_wconf 84' lang='lat'>‚</span> 
     </span>
     <span class='ocr_line' id='line_1_64' title="bbox 1683 2216 2693 2292; baseline -0.002 -21"><span class='ocrx_word' id='word_1_359' title='bbox 1683 2219 1943 2292; x_wconf 80' lang='lat' dir='ltr'>obsequio</span> <span class='ocrx_word' id='word_1_360' title='bbox 1956 2256 1973 2284; x_wconf 87' lang='lat'>,</span> <span class='ocrx_word' id='word_1_361' title='bbox 1994 2220 2215 2290; x_wconf 86' lang='lat' dir='ltr'>pietate,</span> <span class='ocrx_word' id='word_1_362' title='bbox 2236 2216 2589 2283; x_wconf 84' lang='lat' dir='ltr'>liberalitate,</span> <span class='ocrx_word' id='word_1_363' title='bbox 2610 2237 2693 2269; x_wconf 80' lang='lat' dir='ltr'>ac-</span> 
     </span>
     <span class='ocr_line' id='line_1_65' title="bbox 1680 2298 2695 2373; baseline -0.002 -21"><span class='ocrx_word' id='word_1_364' title='bbox 1680 2314 1846 2373; x_wconf 88' lang='lat' dir='ltr'>tuque</span> <span class='ocrx_word' id='word_1_365' title='bbox 1866 2319 1965 2352; x_wconf 87' lang='lat' dir='ltr'>nec</span> <span class='ocrx_word' id='word_1_366' title='bbox 1986 2298 2241 2366; x_wconf 86' lang='lat' dir='ltr'>deformi,</span> <span class='ocrx_word' id='word_1_367' title='bbox 2260 2319 2361 2351; x_wconf 86' lang='lat' dir='ltr'>nec</span> <span class='ocrx_word' id='word_1_368' title='bbox 2380 2299 2565 2351; x_wconf 84' lang='lat' dir='ltr'>inutili</span> <span class='ocrx_word' id='word_1_369' title='bbox 2584 2318 2695 2369; x_wconf 82' lang='lat' dir='ltr'>pro—</span> 
     </span>
     <span class='ocr_line' id='line_1_66' title="bbox 1680 2377 2693 2449; baseline 0 -19"><span class='ocrx_word' id='word_1_370' title='bbox 1680 2381 1878 2430; x_wconf 84' lang='lat' dir='ltr'>fectum</span> <span class='ocrx_word' id='word_1_371' title='bbox 1900 2392 2008 2430; x_wconf 83' lang='lat' dir='ltr'>est:</span> <span class='ocrx_word' id='word_1_372' title='bbox 2036 2377 2141 2430; x_wconf 87' lang='lat' dir='ltr'>hoc</span> <span class='ocrx_word' id='word_1_373' title='bbox 2160 2391 2263 2445; x_wconf 80' lang='lat' dir='ltr'>est,</span> <span class='ocrx_word' id='word_1_374' title='bbox 2284 2377 2437 2449; x_wconf 87' lang='lat' dir='ltr'>quod</span> <span class='ocrx_word' id='word_1_375' title='bbox 2456 2393 2521 2430; x_wconf 85' lang='lat' dir='ltr'>ut</span> <span class='ocrx_word' id='word_1_376' title='bbox 2540 2380 2693 2430; x_wconf 76' lang='lat' dir='ltr'>maxi-</span> 
     </span>
     <span class='ocr_line' id='line_1_67' title="bbox 1682 2457 2693 2531; baseline -0.001 -21"><span class='ocrx_word' id='word_1_377' title='bbox 1682 2478 1768 2511; x_wconf 88' lang='lat' dir='ltr'>me</span> <span class='ocrx_word' id='word_1_378' title='bbox 1788 2462 1853 2511; x_wconf 83' lang='lat' dir='ltr'>sit</span> <span class='ocrx_word' id='word_1_379' title='bbox 1868 2458 2183 2511; x_wconf 82' lang='lat' dir='ltr'>maleficium</span> <span class='ocrx_word' id='word_1_380' title='bbox 2198 2457 2314 2530; x_wconf 88' lang='lat' dir='ltr'>(sed</span> <span class='ocrx_word' id='word_1_381' title='bbox 2329 2458 2398 2510; x_wconf 89' lang='lat' dir='ltr'>de</span> <span class='ocrx_word' id='word_1_382' title='bbox 2412 2458 2519 2511; x_wconf 86' lang='lat' dir='ltr'>hoc</span> <span class='ocrx_word' id='word_1_383' title='bbox 2535 2462 2693 2531; x_wconf 81' lang='lat' dir='ltr'>quaeri</span> 
     </span>
     <span class='ocr_line' id='line_1_68' title="bbox 1685 2540 2691 2613; baseline -0.001 -20"><span class='ocrx_word' id='word_1_384' title='bbox 1685 2540 1855 2612; x_wconf 85' lang='lat' dir='ltr'>solet)</span> <span class='ocrx_word' id='word_1_385' title='bbox 1878 2556 2055 2593; x_wconf 87' lang='lat' dir='ltr'>tamen</span> <span class='ocrx_word' id='word_1_386' title='bbox 2084 2544 2133 2593; x_wconf 89' lang='lat' dir='ltr'>ei</span> <span class='ocrx_word' id='word_1_387' title='bbox 2152 2544 2297 2611; x_wconf 80' lang='lat' dir='ltr'>justa</span> <span class='ocrx_word' id='word_1_388' title='bbox 2326 2560 2523 2607; x_wconf 75' lang='lat' dir='ltr'>causa,</span> <span class='ocrx_word' id='word_1_389' title='bbox 2550 2560 2691 2613; x_wconf 71' lang='lat' dir='ltr'>a’qua</span> 
     </span>
     <span class='ocr_line' id='line_1_69' title="bbox 1684 2621 2695 2694; baseline -0.001 -20"><span class='ocrx_word' id='word_1_390' title='bbox 1684 2635 1736 2674; x_wconf 88' lang='lat' dir='ltr'>et</span> <span class='ocrx_word' id='word_1_391' title='bbox 1784 2624 2027 2694; x_wconf 80' lang='lat' dir='ltr'>speciosa</span> <span class='ocrx_word' id='word_1_392' title='bbox 2072 2621 2415 2693; x_wconf 66' lang='lat' dir='ltr'>praetenditur</span> <span class='ocrx_word' id='word_1_393' title='bbox 2430 2660 2449 2685; x_wconf 87' lang='lat'><strong>‚</strong></span> <span class='ocrx_word' id='word_1_394' title='bbox 2498 2637 2553 2675; x_wconf 86' lang='lat' dir='ltr'>et</span> <span class='ocrx_word' id='word_1_395' title='bbox 2600 2621 2695 2691; x_wconf 81' lang='lat' dir='ltr'>(ut</span> 
     </span>
     <span class='ocr_line' id='line_1_70' title="bbox 1684 2698 2691 2771; baseline -0.002 -19"><span class='ocrx_word' id='word_1_396' title='bbox 1684 2702 1849 2752; x_wconf 86' lang='lat' dir='ltr'>Graeci</span> <span class='ocrx_word' id='word_1_397' title='bbox 1876 2700 2094 2771; x_wconf 88' lang='lat' dir='ltr'>dicunt)</span> <span class='ocrx_word' id='word_1_398' title='bbox 2114 2698 2246 2764; x_wconf 65' lang='grc' dir='ltr'>μετὰ</span> <span class='ocrx_word' id='word_1_399' title='bbox 2272 2698 2488 2753; x_wconf 58' lang='lat' dir='ltr'>neum</span> <span class='ocrx_word' id='word_1_400' title='bbox 2518 2704 2691 2751; x_wconf 58' lang='lat' dir='ltr'>&amp;wo-</span> 
     </span>
     <span class='ocr_line' id='line_1_71' title="bbox 1686 2778 2693 2835; baseline 0 -5"><span class='ocrx_word' id='word_1_401' title='bbox 1686 2778 1815 2835; x_wconf 75' lang='grc' dir='ltr'>σᾶνιιε</span> <span class='ocrx_word' id='word_1_402' title='bbox 1835 2778 1861 2833; x_wconf 76' lang='grc' dir='ltr'>ι’</span> <span class='ocrx_word' id='word_1_403' title='bbox 1879 2780 2045 2833; x_wconf 58' lang='grc' dir='ltr'>ἀδικία</span> <span class='ocrx_word' id='word_1_404' title='bbox 2062 2778 2311 2832; x_wconf 55' lang='lat' dir='ltr'>ianuam.</span> <span class='ocrx_word' id='word_1_405' title='bbox 2322 2779 2507 2832; x_wconf 86' lang='lat' dir='ltr'>Veluti</span> <span class='ocrx_word' id='word_1_406' title='bbox 2526 2783 2581 2833; x_wconf 86' lang='lat' dir='ltr'>in</span> <span class='ocrx_word' id='word_1_407' title='bbox 2596 2779 2693 2831; x_wconf 85' lang='lat' dir='ltr'>hoc</span> 
     </span>
     <span class='ocr_line' id='line_1_72' title="bbox 1685 2858 2695 2931; baseline -0.002 -20"><span class='ocrx_word' id='word_1_408' title='bbox 1685 2858 1835 2926; x_wconf 75' lang='lat' dir='ltr'>loc-0,</span> <span class='ocrx_word' id='word_1_409' title='bbox 1861 2862 1905 2911; x_wconf 82' lang='lat' dir='ltr'>si</span> <span class='ocrx_word' id='word_1_410' title='bbox 1926 2879 2022 2931; x_wconf 84' lang='lat' dir='ltr'>per</span> <span class='ocrx_word' id='word_1_411' title='bbox 2044 2876 2101 2911; x_wconf 82' lang='lat' dir='ltr'>se</span> <span class='ocrx_word' id='word_1_412' title='bbox 2122 2858 2444 2911; x_wconf 79' lang='lat' dir='ltr'>maleficium</span> <span class='ocrx_word' id='word_1_413' title='bbox 2470 2872 2553 2911; x_wconf 76' lang='lat' dir='ltr'>est</span> <span class='ocrx_word' id='word_1_414' title='bbox 2576 2859 2695 2912; x_wconf 80' lang='lat' dir='ltr'>dare</span> 
     </span>
     <span class='ocr_line' id='line_1_73' title="bbox 1685 2936 2696 3012; baseline -0.001 -21"><span class='ocrx_word' id='word_1_415' title='bbox 1685 2940 1970 3012; x_wconf 85' lang='lat' dir='ltr'>pecuniam</span> <span class='ocrx_word' id='word_1_416' title='bbox 1996 2936 2351 3003; x_wconf 77' lang='lat' dir='ltr'>adolescenti,</span> <span class='ocrx_word' id='word_1_417' title='bbox 2378 2950 2440 2990; x_wconf 89' lang='lat' dir='ltr'>ut</span> <span class='ocrx_word' id='word_1_418' title='bbox 2464 2938 2696 2991; x_wconf 77' lang='lat' dir='ltr'>meoetri-</span> 
     </span>
     <span class='ocr_line' id='line_1_74' title="bbox 1687 3015 2695 3083; baseline 0 -14"><span class='ocrx_word' id='word_1_419' title='bbox 1687 3036 1803 3069; x_wconf 87' lang='lat' dir='ltr'>cem</span> <span class='ocrx_word' id='word_1_420' title='bbox 1822 3016 2070 3083; x_wconf 86' lang='lat' dir='ltr'>redimat,</span> <span class='ocrx_word' id='word_1_421' title='bbox 2092 3034 2199 3068; x_wconf 86' lang='lat' dir='ltr'>non</span> <span class='ocrx_word' id='word_1_422' title='bbox 2222 3016 2436 3069; x_wconf 85' lang='lat' dir='ltr'>videtur</span> <span class='ocrx_word' id='word_1_423' title='bbox 2450 3015 2545 3068; x_wconf 84' lang='lat' dir='ltr'>hic</span> <span class='ocrx_word' id='word_1_424' title='bbox 2560 3034 2695 3079; x_wconf 74' lang='lat' dir='ltr'>esse,</span> 
     </span>
     <span class='ocr_line' id='line_1_75' title="bbox 1688 3094 2695 3166; baseline -0.003 -19"><span class='ocrx_word' id='word_1_425' title='bbox 1688 3099 1809 3166; x_wconf 83' lang='lat' dir='ltr'>quia</span> <span class='ocrx_word' id='word_1_426' title='bbox 1834 3099 2151 3166; x_wconf 83' lang='lat' dir='ltr'>caeteroquin</span> <span class='ocrx_word' id='word_1_427' title='bbox 2180 3097 2421 3166; x_wconf 86' lang='lat' dir='ltr'>perituro</span> <span class='ocrx_word' id='word_1_428' title='bbox 2446 3094 2577 3147; x_wconf 77' lang='lat' dir='ltr'>data</span> <span class='ocrx_word' id='word_1_429' title='bbox 2604 3110 2695 3147; x_wconf 78' lang='lat' dir='ltr'>est.</span> 
     </span>
     <span class='ocr_line' id='line_1_76' title="bbox 1686 3172 2698 3245; baseline -0.001 -20"><span class='ocrx_word' id='word_1_430' title='bbox 1686 3174 1833 3226; x_wconf 83' lang='lat' dir='ltr'>Idem</span> <span class='ocrx_word' id='word_1_431' title='bbox 1872 3174 1940 3226; x_wconf 89' lang='lat' dir='ltr'>de</span> <span class='ocrx_word' id='word_1_432' title='bbox 1978 3174 2093 3226; x_wconf 84' lang='lat' dir='ltr'>aliis</span> <span class='ocrx_word' id='word_1_433' title='bbox 2136 3172 2393 3244; x_wconf 78' lang='lat' dir='ltr'>exemplis</span> <span class='ocrx_word' id='word_1_434' title='bbox 2438 3174 2698 3245; x_wconf 79' lang='lat' dir='ltr'>praedictis</span> 
     </span>
     <span class='ocr_line' id='line_1_77' title="bbox 1688 3253 2699 3326; baseline 0.001 -22"><span class='ocrx_word' id='word_1_435' title='bbox 1688 3253 1793 3306; x_wconf 86' lang='lat' dir='ltr'>dici</span> <span class='ocrx_word' id='word_1_436' title='bbox 1812 3257 1995 3325; x_wconf 79' lang='lat' dir='ltr'>possit.</span> <span class='ocrx_word' id='word_1_437' title='bbox 2023 3256 2087 3306; x_wconf 87' lang='lat' dir='ltr'>Et</span> <span class='ocrx_word' id='word_1_438' title='bbox 2106 3256 2159 3306; x_wconf 87' lang='lat' dir='ltr'>in</span> <span class='ocrx_word' id='word_1_439' title='bbox 2178 3254 2317 3305; x_wconf 80' lang='lat' dir='ltr'>hanc</span> <span class='ocrx_word' id='word_1_440' title='bbox 2336 3258 2699 3326; x_wconf 82' lang='lat' dir='ltr'>conjecturam</span> 
     </span>
     <span class='ocr_line' id='line_1_78' title="bbox 1688 3330 2699 3404; baseline 0 -21"><span class='ocrx_word' id='word_1_441' title='bbox 1688 3350 1787 3383; x_wconf 82' lang='lat' dir='ltr'>nos</span> <span class='ocrx_word' id='word_1_442' title='bbox 1808 3331 2073 3383; x_wconf 83' lang='lat' dir='ltr'>adducent</span> <span class='ocrx_word' id='word_1_443' title='bbox 2092 3331 2203 3383; x_wconf 80' lang='lat' dir='ltr'>haec</span> <span class='ocrx_word' id='word_1_444' title='bbox 2222 3330 2412 3398; x_wconf 76' lang='lat' dir='ltr'>verba,</span> <span class='ocrx_word' id='word_1_445' title='bbox 2430 3334 2579 3404; x_wconf 73' lang='lat' dir='ltr'>quod</span> <span class='ocrx_word' id='word_1_446' title='bbox 2598 3352 2699 3385; x_wconf 71' lang='lat' dir='ltr'>rem</span> 
     </span>
     <span class='ocr_line' id='line_1_79' title="bbox 1682 3412 2703 3485; baseline 0 -20"><span class='ocrx_word' id='word_1_447' title='bbox 1682 3413 2039 3485; x_wconf 63' lang='lat' dir='ltr'>gravissimam</span> <span class='ocrx_word' id='word_1_448' title='bbox 2059 3412 2193 3485; x_wconf 78' lang='lat' dir='ltr'>fecit</span> <span class='ocrx_word' id='word_1_449' title='bbox 2218 3414 2385 3485; x_wconf 79' lang='lat' dir='ltr'>specie</span> <span class='ocrx_word' id='word_1_450' title='bbox 2412 3414 2703 3468; x_wconf 74' lang='lat' dir='ltr'>liberalita-</span> 
     </span>
     <span class='ocr_line' id='line_1_80' title="bbox 1688 3491 2701 3563; baseline 0 -20"><span class='ocrx_word' id='word_1_451' title='bbox 1688 3492 1750 3543; x_wconf 72' lang='lat' dir='ltr'>tis</span> <span class='ocrx_word' id='word_1_452' title='bbox 1767 3513 1782 3541; x_wconf 92' lang='lat'>.·</span> <span class='ocrx_word' id='word_1_453' title='bbox 1804 3504 1857 3543; x_wconf 88' lang='lat' dir='ltr'>et</span> <span class='ocrx_word' id='word_1_454' title='bbox 1871 3491 2018 3563; x_wconf 86' lang='lat' dir='ltr'>quod</span> <span class='ocrx_word' id='word_1_455' title='bbox 2034 3495 2231 3562; x_wconf 73' lang='lat' dir='ltr'>passim</span> <span class='ocrx_word' id='word_1_456' title='bbox 2244 3506 2474 3563; x_wconf 86' lang='lat' dir='ltr'>uterque</span> <span class='ocrx_word' id='word_1_457' title='bbox 2490 3508 2547 3545; x_wconf 85' lang='lat' dir='ltr'>et</span> <span class='ocrx_word' id='word_1_458' title='bbox 2560 3494 2701 3545; x_wconf 68' lang='lat' dir='ltr'>dives</span> 
     </span>
     <span class='ocr_line' id='line_1_81' title="bbox 1690 3570 2703 3641; baseline 0 -20"><span class='ocrx_word' id='word_1_459' title='bbox 1690 3584 1741 3621; x_wconf 87' lang='lat' dir='ltr'>et</span> <span class='ocrx_word' id='word_1_460' title='bbox 1767 3588 1973 3641; x_wconf 79' lang='lat' dir='ltr'>pauper</span> <span class='ocrx_word' id='word_1_461' title='bbox 1996 3570 2196 3623; x_wconf 85' lang='lat' dir='ltr'>attendi</span> <span class='ocrx_word' id='word_1_462' title='bbox 2225 3571 2413 3621; x_wconf 87' lang='lat' dir='ltr'>volunt</span> <span class='ocrx_word' id='word_1_463' title='bbox 2444 3590 2557 3641; x_wconf 89' lang='lat' dir='ltr'>quo</span> <span class='ocrx_word' id='word_1_464' title='bbox 2590 3572 2703 3624; x_wconf 77' lang='lat' dir='ltr'>ani-</span> 
     </span>
     <span class='ocr_line' id='line_1_82' title="bbox 1688 3649 2699 3722; baseline 0 -21"><span class='ocrx_word' id='word_1_465' title='bbox 1688 3668 1804 3716; x_wconf 85' lang='lat' dir='ltr'>mo,</span> <span class='ocrx_word' id='word_1_466' title='bbox 1826 3669 1930 3722; x_wconf 84' lang='lat' dir='ltr'>qua</span> <span class='ocrx_word' id='word_1_467' title='bbox 1950 3667 2111 3702; x_wconf 79' lang='lat' dir='ltr'>causa</span> <span class='ocrx_word' id='word_1_468' title='bbox 2132 3649 2189 3701; x_wconf 89' lang='lat' dir='ltr'>id</span> <span class='ocrx_word' id='word_1_469' title='bbox 2209 3650 2413 3702; x_wconf 78' lang='lat' dir='ltr'>factum</span> <span class='ocrx_word' id='word_1_470' title='bbox 2436 3653 2535 3703; x_wconf 71' lang='lat' dir='ltr'>sit:</span> <span class='ocrx_word' id='word_1_471' title='bbox 2559 3651 2699 3703; x_wconf 73' lang='lat' dir='ltr'>dives</span> 
     </span>
     <span class='ocr_line' id='line_1_83' title="bbox 1688 3726 2695 3799; baseline -0.002 -20"><span class='ocrx_word' id='word_1_472' title='bbox 1688 3746 1717 3779; x_wconf 88' lang='lat' dir='ltr'>a</span> <span class='ocrx_word' id='word_1_473' title='bbox 1746 3746 1803 3779; x_wconf 84' lang='lat' dir='ltr'>se</span> <span class='ocrx_word' id='word_1_474' title='bbox 1828 3726 2007 3779; x_wconf 88' lang='lat' dir='ltr'>bono:</span> <span class='ocrx_word' id='word_1_475' title='bbox 2041 3746 2276 3799; x_wconf 78' lang='lat' dir='ltr'>pauper,</span> <span class='ocrx_word' id='word_1_476' title='bbox 2310 3726 2453 3779; x_wconf 82' lang='lat' dir='ltr'>malo</span> <span class='ocrx_word' id='word_1_477' title='bbox 2483 3748 2515 3781; x_wconf 84' lang='lat' dir='ltr'>a</span> <span class='ocrx_word' id='word_1_478' title='bbox 2542 3728 2695 3781; x_wconf 72' lang='lat' dir='ltr'>divite</span> 
     </span>
     <span class='ocr_line' id='line_1_84' title="bbox 1688 3808 2693 3863; baseline 0 -2"><span class='ocrx_word' id='word_1_479' title='bbox 1688 3811 1883 3861; x_wconf 76' lang='lat' dir='ltr'>animo.</span> <span class='ocrx_word' id='word_1_480' title='bbox 1912 3810 2090 3861; x_wconf 74' lang='lat' dir='ltr'>AEnon.</span> <span class='ocrx_word' id='word_1_481' title='bbox 2113 3808 2245 3861; x_wconf 87' lang='lat' dir='ltr'>Vide</span> <span class='ocrx_word' id='word_1_482' title='bbox 2270 3808 2505 3862; x_wconf 82' lang='lat' dir='ltr'>Declam.</span> <span class='ocrx_word' id='word_1_483' title='bbox 2530 3810 2693 3863; x_wconf 77' lang='lat' dir='ltr'>cem</span> 
     </span>
     <span class='ocr_line' id='line_1_85' title="bbox 1692 3888 2387 3961; baseline -0.001 -20"><span class='ocrx_word' id='word_1_484' title='bbox 1692 3888 1931 3959; x_wconf 82' lang='lat' dir='ltr'>ejusdem</span> <span class='ocrx_word' id='word_1_485' title='bbox 1956 3892 2263 3961; x_wconf 76' lang='lat' dir='ltr'>argumenti.</span> <span class='ocrx_word' id='word_1_486' title='bbox 2292 3890 2387 3941; x_wconf 82' lang='lat' dir='ltr'>Eo.</span> 
     </span>
    </p>

    <p class='ocr_par' dir='ltr' id='par_1_8' title="bbox 1690 3970 2693 4104">
     <span class='ocr_line' id='line_1_86' title="bbox 1770 3970 2693 4044; baseline 0 -21"><span class='ocrx_word' id='word_1_487' title='bbox 1770 3990 1813 4023; x_wconf 75' lang='grc' dir='ltr'>ι.</span> <span class='ocrx_word' id='word_1_488' title='bbox 1840 3974 1955 4042; x_wconf 82' lang='lat' dir='ltr'>Qua</span> <span class='ocrx_word' id='word_1_489' title='bbox 1975 3972 2102 4044; x_wconf 77' lang='lat' dir='ltr'>leqe.</span> <span class='ocrx_word' id='word_1_490' title='bbox 2132 3972 2298 4043; x_wconf 80' lang='lat' dir='ltr'>Quale</span> <span class='ocrx_word' id='word_1_491' title='bbox 2319 3990 2519 4044; x_wconf 81' lang='lat' dir='ltr'>compr.</span> <span class='ocrx_word' id='word_1_492' title='bbox 2542 3970 2693 4024; x_wconf 85' lang='lat' dir='ltr'>debe·</span> 
     </span>
     <span class='ocr_line' id='line_1_87' title="bbox 1690 4050 2689 4104; baseline 0 -3"><span class='ocrx_word' id='word_1_493' title='bbox 1690 4064 1777 4104; x_wconf 87' lang='lat' dir='ltr'>tur</span> <span class='ocrx_word' id='word_1_494' title='bbox 1798 4052 1999 4103; x_wconf 83' lang='lat' dir='ltr'>Aurato</span> <span class='ocrx_word' id='word_1_495' title='bbox 2024 4065 2205 4104; x_wconf 78' lang='lat' dir='ltr'>nostro</span> <span class='ocrx_word' id='word_1_496' title='bbox 2234 4050 2346 4104; x_wconf 67' lang='lat' dir='ltr'>hnc</span> <span class='ocrx_word' id='word_1_497' title='bbox 2375 4051 2689 4104; x_wconf 77' lang='lat' dir='ltr'>emendatio.</span> 
     </span>
    </p>
   </div>
   <div class='ocr_carea' id='block_1_8' title="bbox 1688 4130 2061 4200">
    <p class='ocr_par' dir='ltr' id='par_1_9' title="bbox 1688 4130 2061 4200">
     <span class='ocr_line' id='line_1_88' title="bbox 1688 4130 2061 4200; baseline -0.005 -17"><span class='ocrx_word' id='word_1_498' title='bbox 1688 4133 1855 4200; x_wconf 74' lang='lat' dir='ltr'>Mar-g.</span> <span class='ocrx_word' id='word_1_499' title='bbox 1882 4130 2061 4183; x_wconf 83' lang='lat' dir='ltr'>AErod.</span> 
     </span>
    </p>
   </div>
  </div>
 </body>
</html>
