2855 4871
623 404 1463 474 DECLAMATIONES.
1512 406 1791 471 chn.
2170 405 2249 475 33

865 576 1560 668 DECLAMAE'mo.
1658 674 1667 693 ⁸

273 753 582 859 Inscripti
619 760 945 833 maleficii
995 762 1250 859 agitur:
1301 787 1525 860 quum
1568 761 1946 833 maximam
1989 785 2253 862 partem

193 874 600 948 defensionis
649 876 1072 950 adversarius
1121 876 1200 947 in·
1243 875 1373 949 hoc
1421 874 1627 948 ducat
1652 932 1671 964 ,
1723 896 1801 947 ut
1841 876 2255 979 inscriptum
2284 944 2295 955 .

194 1016 315 1062 esse
343 990 780 1063 maleficium
804 1011 1034 1091 neget,
1065 1012 1330 1091 poterat
1362 990 1551 1075 brevi
1582 990 1979 1065 conditione
2004 992 2255 1089 decidi,

195 1130 260 1179 ut
279 1108 537 1181 diceret
565 1128 710 1207 qua
723 1108 859 1180 alia
887 1110 1038 1207 lege
1061 1134 1222 1179 cum
1253 1107 1389 1180 alio
1411 1123 1427 1152 ¹
1470 1109 1837 1181 consistere
1865 1112 2257 1209 potuerim:

191 1248 394 1312 nunc,
430 1222 689 1295 callido
724 1244 793 1295 et
818 1244 1073 1313 vetere,
1105 1249 1183 1294 ac
1211 1222 1329 1294 diu
1351 1222 1507 1323 jam
1536 1223 1903 1323 excogitato
1938 1227 2260 1319 consilio,

191 1338 398 1436 legem
421 1366 574 1410 non
605 1339 693 1410 ad
722 1366 920 1411 reum
953 1340 1186 1428 refert,
1219 1337 1338 1411 sed
1361 1337 1448 1409 ad
1479 1339 1741 1411 crimen
1761 1398 1781 1431 ,
1812 1363 1881 1413 et
1904 1363 2261 1442 tamquam

192 1482 304 1553 ego
335 1454 518 1527 nihil
554 1455 783 1545 aliud,
824 1482 1037 1555 quam
1074 1455 1160 1527 de
1191 1454 1445 1527 amissa
1474 1456 1859 1555 virginitate
1893 1457 2049 1529 filiae
2086 1486 2263 1557 que-

190 1593 320 1659 rar,
349 1571 593 1643 recitat
625 1571 854 1669 legem
873 1623 892 1659 ‚
920 1597 1074 1667 quae
1104 1590 1341 1642 contra
1365 1592 1669 1670 raptores
1702 1573 1949 1671 scripta
1976 1594 2093 1645 est.
2114 1576 2293 1673 Ege,

191 1703 442 1775 autem,
479 1684 750 1757 etiamsi
781 1711 943 1756 cum
975 1684 1124 1784 ipso
1168 1712 1481 1784 agerem,
1526 1688 1649 1785 qui
1693 1711 2043 1786 rapuerat,
2088 1709 2266 1789 pote·

193 1824 324 1870 ram
355 1820 595 1871 tamen
640 1826 788 1871 non
823 1819 1185 1872 contentus
1220 1819 1270 1871 x
1310 1799 1658 1891 millibus,
1698 1828 1853 1900 quae
1885 1804 2153 1902 accepi,
2190 1803 2265 1877 in

194 1935 673 2012 argumentum
713 1914 1027 2014 inscripti
1061 1913 1403 1991 maleficii,
1432 1914 1579 2014 lege
1623 1943 1821 2014 agere
1855 1918 2064 1990 etiam
2104 1946 2265 1993 cum

192 2029 494 2127 parasito.
516 2032 663 2103 Lex
690 2030 936 2121 enim‚.
959 2057 1112 2129 quae
1144 2050 1194 2101 x
1227 2029 1451 2101 millia
1473 2030 1727 2103 solvere
1764 2052 2104 2131 raptorem
2140 2060 2263 2132 pro

193 2143 396 2217 ablata
413 2144 816 2244 virginitate
835 2144 1053 2217 voluit
1068 2203 1088 2236 ,
1112 2166 1348 2218 contra
1371 2172 1487 2217 eos
1506 2145 1763 2246 scripta
1787 2167 1921 2251 est,
1945 2147 2066 2246 qui
2089 2147 2267 2220 nihil

194 2257 366 2330 aliud
401 2280 739 2359 egerunt:
774 2258 1109 2331 differunt
1131 2282 1364 2341 autem
1391 2258 1535 2332 haec
1560 2280 1627 2332 et
1644 2260 1983 2359 personis,
2010 2283 2076 2333 et
2104 2283 2267 2333 tem-

193 2375 454 2472 poribus
471 2433 491 2467 ,
519 2396 587 2449 et
607 2375 798 2448 locis.
823 2378 1001 2447 Nam
1025 2395 1104 2447 ut
1119 2374 1429 2476 pulsatus
1449 2376 1615 2460 civis
1636 2375 2055 2478 injuriarum
2080 2398 2283 2477 aget,⁴

191 2493 241 2563 si
279 2497 718 2594 magistratus
749 2497 908 2586 erit,
944 2496 1322 2596 majestatis
1363 2499 1673 2573 crimen?
1706 2499 2171 2597 obligabitur:
2210 2499 2267 2571 si

189 2606 443 2708 legatus
485 2611 653 2700 erit,
700 2610 884 2683 bello
931 2611 1396 2686 vindicabitur
1434 2633 1502 2685 et
1540 2611 1698 2713 jure
1746 2612 2150 2710 gentium-⁹⁹:
2204 2633 2271 2684 et

191 2727 424 2798 eadem
457 2729 756 2827 pecunia
786 2728 1058 2802 sublata
1090 2755 1169 2800 ex
1195 2731 1492 2829 privato,
1532 2732 1799 2802 furtum
1842 2729 2005 2817 erit;
2049 2757 2129 2802 ex
2160 2757 2271 2802 sa-

190 2841 402 2914 crario
421 2844 816 2943 temploque
839 2844 1298 2943 sacrilegium.
1325 2846 1439 2918 Sic
1460 2865 1688 2944 raptor
1705 2845 1853 2946 ejus
1867 2901 1886 2935 ‚
1910 2871 2067 2944 quae
2086 2845 2269 2919 nihil

190 2957 408 3050 aliud,
443 2987 662 3057 quam
688 2961 1150 3059 virginitatem
1196 2961 1424 3033 ultum
1470 2959 1631 3052 ibit,
1670 2980 1721 3032 x
1756 2960 1979 3032 millia
2010 2961 2263 3033 solvet:

191 3073 318 3146 alia
353 3076 476 3147 erit
509 3075 818 3147 conditio
851 3077 1034 3178 ejus,
1062 3075 1184 3175 qui
1218 3075 1523 3175 rapuerit
1551 3077 1622 3146 in
1658 3075 1991 3166 comitiis,
2022 3077 2145 3176 qui
2179 3103 2270 3148 ra-

191 3189 402 3286 puerit
445 3217 640 3280 eam,
689 3217 844 3289 quae
889 3191 1346 3263 sacerdotium
1377 3191 1682 3291 petebat3
1722 3192 1975 3281 immo,
2023 3218 2112 3263 ne
2161 3193 2269 3262 in-

191 3328 406 3403 gratus
437 3307 573 3380 sim
604 3306 924 3378 adversus
952 3307 1294 3379 beneficia
1324 3307 1567 3407 populi
1587 3364 1606 3396 ‚
1633 3307 1781 3407 jam
1813 3328 2158 3406 quantum
2190 3308 2265 3378 in

189 3423 302 3498 illo
328 3446 502 3516 erat,
533 3445 913 3522 acceperat.
943 3425 1185 3522 Longa
1208 3423 1380 3496 ratio
1407 3446 1505 3495 est
1520 3420 1575 3513 4,
1606 3423 1942 3522 quoniam
1975 3423 2048 3494 in
2075 3450 2268 3522 argu·

257 3594 300 3628 ι.
318 3579 446 3630 Cum
461 3575 574 3630 alio
588 3576 876 3630 consistere.
891 3577 1048 3648 Lege,
1062 3593 1183 3629 cum
1336 3575 1386 3628 3.
1412 3575 1487 3626 Et
1494 3578 1623 3648 jure
1636 3573 1895 3647 gentium.
1914 3573 2125 3645 Exjure
2140 3591 2266 3644 qen-

191 3653 290 3707 illo.
315 3656 482 3709 Guon.
498 3657 579 3708 lta
604 3670 658 3709 et
680 3657 980 3725 conjecerat
1000 3653 1186 3707 Schul-
1265 3655 1413 3708 tium.
1440 3655 1624 3706 Senum.

187 3733 398 3804 uagina,
421 3749 476 3788 et
497 3736 700 3806 recepit
715 3733 969 3788 Obrecht.
1336 3739 1386 3805 4.
1417 3737 1599 3809 Lonqa
1636 3735 1767 3788 ratio
1800 3746 1887 3786 est.
1918 3733 1978 3787 ld
2015 3747 2119 3796 est,
2150 3731 2267 3785 lon-

253 3833 298 3866 a.
329 3814 622 3888 Majestatis
642 3814 855 3866 crimene.
879 3816 1002 3884 Leg.
1039 3811 1184 3865 vide·
1260 3833 1390 3889 qum
1409 3827 1505 3879 est,
1528 3816 1657 3866 ratio
1682 3832 1782 3884 pro
1810 3833 1892 3880 re,
1916 3811 2103 3865 deinde
2124 3811 2267 3880 lege,

189 3905 292 3960 tur,
309 3898 547 3948 crimine.
579 3897 727 3948 Prrn.
756 3893 937 3946 Barth.
961 3892 1180 3946 Advers.
1263 3911 1563 3968 quanquam
1585 3895 1639 3945 in
1657 3899 2024 3966 aryumentum
2040 3925 2056 3953 ‚
2075 3901 2165 3940 etc.
2194 3887 2269 3939 lo-

185 3973 360 4043 lib.x,
375 3977 670 4050 c.3;legit:
696 4001 718 4024 a
738 3977 1030 4045 Majestatis
1052 3975 1186 4028 obli·
1263 3992 1412 4048 quar.
1444 3989 1501 4026 ut
1532 3975 1928 4026 Deciamatione
1964 3973 2061 4039 257
2081 3993 2094 4020 :
2140 3993 2161 4016 ι
2184 3969 2266 4022 Ne

190 4075 212 4096 ι
227 4054 465 4124 pisitur,
503 4058 548 4108 si
579 4057 790 4126 legatus
826 4056 950 4122 erit,
987 4056 1184 4108 crimen
1270 4079 1294 4104 α
1313 4056 1608 4127 argumenti
1632 4053 1847 4127 quidem
1868 4069 2030 4106 causa
2046 4050 2267 4104 dicenda

191 4158 212 4180 ιι
229 4133 368 4187 bello
397 4134 770 4189 vindicabitur.
795 4157 816 4180 ¹·
1265 4148 1401 4187 sunt.
1423 4158 1445 4180 n
1479 4133 1697 4186 Scuutr.

393 4227 443 4278 6.
1946 4219 1985 4272 ὃ
