2855 4871
640 419 767 487 260
1142 414 1234 477 M.
1284 412 1537 476 FABn
1581 409 2220 493 QUINTILIANI

634 539 1080 619 confitebitur,
1104 537 1159 603 si
1178 534 1341 627 quid
1361 533 1823 611 confitendum
1842 550 1963 601 est.
1983 535 2070 600 Et
2085 536 2340 627 quoties
2359 520 2663 625 causa‘plus

627 648 795 739 juris
822 644 1055 725 habet,
1083 666 1283 733 quam
1313 639 1592 731 pudoris
1609 690 1628 723 ,
1655 640 1742 709 ad
1772 662 1928 707 eum
1960 640 2406 709 transferenda
2437 659 2552 721 est,
2577 644 2663 731 qui

641 778 778 821 non
808 751 1157 819 erubescit.

1326 900 2033 971 DECLAMATIO.

732 1046 965 1126 Reum
1006 1052 1254 1152 capitis
1303 1051 1635 1125 arcessitis
1685 1052 1761 1124 in
1804 1080 1886 1125 ea
1931 1052 2197 1127 civitate
2224 1109 2244 1144 ,
2296 1052 2367 1124 in
2406 1078 2531 1151 qua
2565 1050 2665 1121 hoc

564 1154 571 1161 ’
638 1194 842 1269 grave
876 1190 945 1241 et
974 1164 1355 1267 indignum
1386 1168 1662 1241 videtur
1693 1195 1708 1240 ε
1748 1189 1816 1241 et
1857 1196 2058 1242 reum
2095 1169 2330 1276 capitis
2361 1166 2664 1251 arcessitis,

638 1284 763 1383 qui
796 1282 929 1382 ipsi
966 1282 1481 1356 intolerabilem
1507 1283 1689 1355 hanc
1721 1283 2203 1357 crudelitatem
2227 1282 2484 1356 vocatis.
2516 1282 2667 1353 Con-

634 1398 957 1471 veniebat
999 1398 1083 1469 iis
1108 1410 1159 1488 ¹,
1206 1398 1329 1497 qui
1371 1398 1836 1472 temeritatem
1877 1398 2334 1472 accusationis
2365 1400 2667 1483 incusant,

640 1512 822 1585 nihil
846 1534 853 1539 ·
876 1510 1009 1584 nisi
1062 1532 1327 1585 certum
1378 1512 1948 1612 exploratumque
2001 1513 2265 1587 deferre
2305 1542 2320 1586 ε
2373 1539 2516 1611 ergo
2553 1510 2668 1609 lege

643 1626 867 1699 occidi
909 1626 1118 1698 vultis
1164 1626 1355 1698 hunc
1398 1626 1629 1698 statim
1651 1683 1670 1717 ,
1724 1626 1846 1725 qui
1894 1654 2094 1700 reum
2141 1628 2342 1700 caedis
2382 1623 2667 1698 detulerit.

640 1736 999 1813 Hactenus
1031 1766 1367 1839 agnosco:
1395 1740 1647 1813 detulit
1669 1740 1862 1813 enim
1880 1798 1899 1832 ,
1926 1760 2141 1841 quem
2174 1742 2497 1831 defendo,
2518 1739 2673 1810 dam-

643 1854 1013 1954 navitque:
1042 1854 1175 1927 hoc
1193 1856 1351 1957 jam
1374 1854 1465 1927 ad
1492 1882 1617 1927 nos
1644 1856 1981 1955 pertinet:
2013 1858 2130 1930 hic
2155 1858 2348 1931 enim
2368 1855 2675 1928 indemna-

642 1990 753 2044 tus
784 1991 905 2045 est.
948 1971 1274 2071 Sequitur
1313 1998 1513 2071 ergo,
1563 1991 1640 2042 ut
1672 1972 1888 2045 aliam
1921 1973 2149 2072 legem
2183 1974 2562 2058 afferamuS,
2586 1985 2676 2039 aut

640 2088 827 2161 hanc
858 2106 1121 2177 muteS,
1168 2108 1289 2159 aut
1331 2087 1468 2159 hoc
1510 2087 1763 2160 audeas
1810 2088 2071 2180 dicere,
2110 2090 2232 2191 jus
2277 2084 2540 2189 aliquod
2581 2080 2674 2154 tibi

643 2230 790 2276 esse
836 2202 1315 2274 constitutum.
1369 2200 1482 2273 Ad
1538 2202 2178 2302 interpretationem
2221 2230 2347 2277 nos
2388 2226 2593 2289 vocaS,
2630 2214 2680 2266 et

644 2344 726 2388 ex
775 2316 909 2388 hac
952 2316 1141 2415 lege,
1182 2342 1325 2415 qua
1375 2316 1640 2415 litigaS,
1696 2318 1910 2389 aliam
1955 2319 2371 2392 constituere
2418 2309 2676 2388 conaris:

648 2459 792 2506 non
826 2430 954 2504 ista
993 2457 1099 2504 res
1131 2429 1498 2533 judicum,
1534 2459 1681 2505 non
1713 2433 2007 2527 horum,
2053 2434 2177 2532 qui
2221 2435 2309 2509 ad
2343 2453 2506 2506 certa
2521 2430 2678 2532 jura,

646 2567 717 2621 et
753 2545 1043 2646 quidem
1067 2545 1327 2647 jurati,
1370 2547 1834 2621 consederunt
1857 2563 1926 2620 ²:
1973 2549 2248 2623 deflecti
2278 2551 2438 2652 jura
2473 2571 2550 2618 ne
2587 2565 2680 2641 pro

724 2716 769 2758 1·
806 2699 1153 2751 Conveniebat
1189 2702 1265 2753 iis.
1310 2702 1656 2754 Conveniebat
1735 2720 1846 2754 non
1875 2704 2290 2774 pronunciatum
2322 2715 2400 2755 est
2423 2699 2593 2768 injuste
2615 2691 2684 2742 de-

646 2797 731 2832 eos
765 2798 816 2851 q.
856 2775 1039 2831 AErod.
1068 2807 1141 2817 —-
1182 2778 1286 2848 Qui
1326 2798 1472 2830 reum
1509 2779 1659 2830 caedis
1735 2780 1936 2832 tulisse.
1957 2780 2056 2832 Vel
2084 2783 2278 2848 etiam,
2303 2781 2406 2832 Hic
2429 2779 2556 2829 enim
2575 2773 2683 2824 dam-

646 2854 909 2911 detulerit.
938 2859 1206 2912 Hactenus
1236 2877 1475 2932 agnosco.
1507 2860 1659 2912 AEro-
1739 2869 1888 2911 natus
1905 2869 2004 2927 est,
2027 2879 2222 2932 nempe
2243 2879 2398 2932 quem
2415 2854 2594 2909 detulit.
2610 2853 2686 2902 lta·

649 2937 795 2989 dius:
813 2936 1059 2989 detulerit
1070 2938 1662 3009 damnaveritque.11ac-
1740 2955 1842 3008 que
1867 2939 2047 3004 miror,
2069 2937 2200 3008 quid
2222 2941 2277 2990 in
2299 2949 2518 2990 mentem
2530 2928 2687 2984 venerit

652 3031 797 3072 tenus
830 3017 995 3091 legem
1024 3037 1261 3092 agnosco.
1296 3019 1395 3071 Cui
1427 3019 1662 3071 subscri-

652 3092 779 3146 bere
814 3111 925 3146 non
961 3111 1195 3165 possum.
1230 3095 1487 3148 Nondum
1519 3096 1660 3148 enim

654 3170 895 3224 additum
931 3171 1099 3223 voluit
1140 3171 1464 3225 declamator
1507 3173 1659 3226 dam-

654 3268 837 3316 nasse,
866 3262 919 3301 et
950 3247 1017 3302 de
1046 3249 1164 3322 lege
1196 3252 1391 3303 sufficit
1418 3251 1656 3322 intelligi.

652 3332 943 3398 Hactenus,
958 3333 1156 3403 inquit,
1170 3351 1389 3406 aqnosco
1400 3373 1419 3400 ,
1435 3333 1658 3399 scilicet,

655 3411 802 3484 quod
825 3423 905 3464 est
930 3412 984 3462 in
1008 3409 1123 3482 lege
1140 3449 1156 3477 ,
1186 3410 1438 3484 quodque
1472 3413 1540 3464 de
1567 3432 1658 3466 reo

653 3489 863 3543 dicitur.
876 3492 1165 3562 Hucusque
1176 3509 1462 3561 agnoscere
1477 3509 1658 3563 cogor.

652 3569 759 3622 Sed
790 3583 869 3622 est
890 3572 1188 3640 proximum
1224 3570 1393 3638 aliud,
1429 3589 1536 3642 quo
1569 3591 1660 3624 ea·-

656 3647 779 3702 dem
804 3648 919 3719 lege
951 3663 1171 3720 apparet
1200 3669 1300 3703 nos
1331 3668 1442 3704 non
1475 3655 1658 3704 teneri.

654 3725 859 3780 Detulit
880 3729 1051 3794 enim,
1072 3747 1226 3800 quem
1248 3729 1498 3801 defendo,
1519 3731 1664 3784 dam-

654 3805 937 3879 navitque:
966 3805 1063 3858 hoc
1074 3809 1195 3878 jam
1217 3809 1289 3860 ad
1314 3827 1405 3861 nos
1431 3804 1522 3878 (id
1549 3823 1659 3878 est,

652 3885 755 3938 hac
776 3885 963 3958 parte)
991 3903 1097 3938 non
1124 3889 1367 3960 pertinet.
1402 3888 1488 3941 Sic
1519 3902 1660 3942 recte

654 3965 919 4018 AErodius.
944 3967 1079 4018 Hinc
1104 3979 1331 4039 apparet
1351 3981 1516 4022 totam
1544 3989 1660 4024 eam

654 4043 825 4114 legem
846 4044 1002 4100 nobis
1026 4048 1195 4118 aptari
1217 4065 1327 4099 non
1351 4065 1538 4120 posse,
1559 4049 1662 4101 Hie

654 4120 793 4172 enim
818 4123 1147 4177 indemnatus
1168 4137 1271 4178 est.-
1296 4125 1351 4177 id
1376 4139 1454 4178 eet
1470 4163 1486 4190 ‚
1516 4125 1660 4180 hunc

1737 3011 1954 3069 AErodio
1970 3055 1987 3083 ‚
2017 3035 2182 3089 quum
2209 3018 2436 3070 faceretz
2466 3013 2560 3066 Hic
2580 3009 2688 3061 enim

1738 3098 2072 3152 indemnatus
2087 3109 2189 3163 est,
2211 3101 2339 3174 quia
2355 3105 2590 3150 accusatus
2607 3104 2690 3140 “⁰²⁸
2798 3143 2799 3158 2

1737 3187 1824 3232 est.
1853 3177 2020 3229 Giton.
2045 3208 2118 3217 —
2142 3179 2530 3250 Damnavitque.
2559 3171 2690 3224 Dam-

1739 3257 1886 3308 navit
1919 3275 2128 3329 quoque
2143 3279 2159 3306 .·
2194 3256 2279 3310 hie
2290 3259 2410 3330 jam
2430 3255 2496 3308 ad
2513 3267 2590 3304 ΜΒ
2607 3261 2692 3299 ¹²⁰⁸

1735 3335 1977 3407 pertinet.
2007 3335 2228 3388 Senum.
2255 3331 2637 3404 Damnavitque,
2661 3323 2692 3374 si

1741 3414 2076 3465 intervenerit
2088 3415 2128 3467 is
2145 3414 2242 3487 qui
2259 3415 2445 3468 occisus
2459 3409 2692 3466 dicebatur,

1742 3491 1840 3544 hoc
1850 3495 1972 3564 jam
1997 3513 2045 3544 a.
2078 3512 2131 3545 n.
2159 3512 2268 3546 non
2290 3513 2346 3566 p.
2371 3487 2538 3544 AErod.
2557 3513 2616 3526 -
2640 3480 2695 3531 Ut
2797 3483 2799 3508 *

1738 3569 1904 3624 aliam
1921 3572 2086 3648 legem
2101 3573 2404 3646 affer-amm.
2423 3574 2572 3624 Immo
2583 3561 2696 3636 affe·

1741 3667 1835 3704 ras.
1857 3681 1930 3692 —
1949 3653 2076 3706 Non
2101 3651 2215 3705 ista.
2242 3651 2506 3704 interserit
2524 3655 2586 3698 est
2605 3642 2693 3708 Rip-

1813 3747 1862 3782 a.
1885 3729 1973 3782 Aa
1991 3739 2126 3783 certa
2143 3733 2268 3803 jura
2289 3729 2612 3784 consederunt.
2633 3719 2695 3771 sic

1747 3833 1770 3856 ιι
1783 3807 2024 3880 judicare
2049 3808 2118 3862 ad
2141 3809 2284 3881 leges
2307 3834 2329 3859 a·
2357 3808 2482 3861 dixit
2497 3800 2694 3858 Declam-

1739 3891 2012 3956 cccvul,
2033 3891 2128 3944 ubi
2147 3892 2282 3945 vide.
2310 3921 2378 3931 -
2398 3891 2570 3960 Neque
2584 3881 2696 3936 enim

1734 3989 1959 4046 possum.
1981 3974 2188 4043 Nempe
2207 3971 2338 4024 illud
2359 3983 2461 4036 est,
2481 3961 2610 4038 quod
2625 3963 2698 4012 Ju-

1737 4047 1774 4100 li
1781 4067 1910 4102 anus
1925 4051 2014 4117 ait,
2035 4073 2059 4098 ι
2073 4053 2120 4102 N
2125 4069 2198 4102 on
2212 4051 2448 4102 omnium
2461 4063 2564 4117 que
2577 4061 2603 4094 a
2615 4055 2698 4090 ¹²²·

1735 4128 1942 4197 jor-ibus
1969 4131 2254 4182 constituta
2283 4141 2434 4192 sunt,
2453 4138 2546 4179 etc.
2564 4146 2586 4169 ι
2617 4119 2696 4172 De·
