2855 4871
650 411 1490 479 DECLAMATIONES.
1534 414 1839 480 ccclx.
2160 418 2294 502 245·

201 532 607 631 permisceat
639 535 956 625 fortuna,
992 561 1217 633 quum
1255 536 1634 635 praesertim
1667 538 2024 610 accesserit
2055 518 2132 611 et·
2161 538 2288 612 ob-

185 648 483 722 ‘scuritas
516 649 772 739 noctis,
807 670 875 723 et
910 649 1230 749 paullum
1268 650 1610 747 liberioris
1647 650 1860 724 meri:
1897 653 2058 751 quis
2093 653 2288 725 enim

198 763 396 837 aliter
417 765 697 839 vitiator
718 766 857 839 est?
878 767 1271 867 ignorantia
1293 768 1440 840 haec
1468 795 1585 841 me
1603 826 1622 859 ‚
1657 789 1726 840 et
1753 769 1940 869 frugi
1976 792 2045 843 et
2073 770 2288 843 inno-

198 900 473 951 centem
512 882 685 977 (non
718 902 819 955 est
847 880 1169 955 dubitare
1191 882 1344 983 jam
1369 883 1498 979 fas)
1530 882 1961 955 fefellerunt:
1997 886 2090 957 ita
2111 884 2292 958 vixe-

200 1020 345 1065 ram
372 1020 677 1094 semper,
710 995 803 1069 ita
834 994 1169 1069 custodire
1203 995 1564 1095 probitatis
1596 1022 1780 1069 meae
1799 996 2156 1097 cupieram
2191 1001 2292 1072 fa-

200 1098 393 1181 mam
412 1166 433 1201 ,
470 1130 549 1185 ut
580 1138 696 1184 me
723 1138 1035 1210 peccasse
1069 1112 1391 1185 mirarer..
1406 1112 1654 1210 Itaque
1677 1114 2030 1203 confiteor,
2056 1135 2290 1188 actum

200 1225 283 1298 de
300 1253 422 1300 me
442 1247 622 1317 erat,
638 1225 696 1299 si
718 1226 797 1298 in
818 1226 1029 1299 aliam
1055 1226 1456 1313 incidissem
1477 1255 1500 1298 ε,
1525 1254 1693 1301 nam
1707 1286 1728 1319 ,
1753 1248 1832 1300 ut
1859 1227 2033 1319 dixi,
2063 1255 2292 1329 neque

200 1342 283 1413 ad
316 1368 556 1442 genua
585 1343 1093 1442 procubueram
1113 1399 1132 1433 ,
1172 1369 1401 1441 neque
1446 1343 1878 1442 propinquos
1899 1400 1919 1434 ‚
1955 1366 2078 1418 aut
2105 1346 2292 1417 ami-

201 1483 307 1529 cos
340 1456 837 1529 advocaveram
865 1484 882 1529 :
918 1455 1038 1529 sed
1074 1458 1293 1530 movit
1318 1456 1629 1557 puellam
1656 1459 1889 1557 ipsum
1909 1518 1928 1551 ,
1956 1482 2033 1532 ut
2055 1461 2292 1552 credo,

202 1572 607 1671 ignorantiae
641 1598 811 1644 meae
840 1571 1269 1673 periculum3
1304 1595 1731 1671 persuaserat
1765 1574 1934 1665 sibi,
1966 1575 2146 1647 nihil
2177 1602 2298 1648 me

200 1688 437 1761 fecisse
462 1687 842 1763 temerariae
866 1688 1177 1761 libidinis
1206 1714 1433 1761 causa.
1455 1691 1600 1761 Nec
1633 1716 1748 1762 me
1773 1690 1958 1763 malo
1991 1690 2124 1765 hoc
2145 1691 2296 1763 ani-

202 1830 315 1877 mo
338 1830 663 1904 negasse,
694 1830 777 1875 ex
796 1803 930 1877 hoc
952 1816 1283 1903 aPparere
1306 1802 1502 1877 vobis
1526 1826 1748 1903 potest
1765 1832 1790 1875 ·.
1804 1806 2086 1903 negavi,
2117 1827 2297 1905 post·-

204 1946 415 2019 quam
463 1919 595 1993 ista
638 1920 917 2021 nuptias
966 1920 1243 2020 optavit.
1290 1920 1562 1993 Gratias
1604 1946 1736 2020 ago
1782 1942 1853 1994 et
1882 1921 2294 2022 judicibus:

204 2036 749 2107 emendaverunt
776 2034 1230 2108 contumaciae
1254 2060 1427 2106 meae
1462 2034 2004 2107 detrimentum:
2049 2036 2296 2109 amise-

204 2178 345 2223 ram
368 2150 621 2250 puellae
641 2149 919 2251 optimae
941 2150 1417 2224 conditionem
1433 2208 1452 2241 ,
1471 2150 1528 2223 si
1549 2150 1898 2224 vicissem:
1921 2178 2082 2251 ergo
2103 2152 2294 2249 quod

204 2287 545 2368 superest,
580 2266 1033 2367 gratulemur.
1072 2266 1199 2340 Jus
1237 2292 1381 2337 esse
1411 2284 1620 2364 raptae
1649 2265 1938 2365 optandi
1974 2266 2296 2338 adversus

204 2406 589 2486 raptorem,
632 2383 766 2458 hoc
798 2384 953 2486 jam
996 2410 1140 2462 nou
1190 2408 1535 2483 negamus
1571 2410 1586 2456 :
1634 2382 1754 2454 sed
1795 2381 1974 2456 illud
2014 2410 2296 2484 quoque

206 2527 394 2602 aeque
423 2501 791 2575 conveniat
816 2528 1093 2574 necesse
1122 2522 1253 2591 est,
1282 2500 1385 2574 his
1414 2499 1742 2573 adversus
1771 2501 2106 2574 eumdem
2136 2529 2299 2598 rap-
2408 2513 2412 2518 ’

206 2637 419 2688 torem
455 2616 743 2716 optandi
770 2617 927 2689 'uon
963 2641 1103 2689 esse
1127 2615 1293 2717 jus:
1332 2635 1399 2688 et
1429 2616 1486 2688 si
1518 2614 1650 2688 hoc
1683 2615 1761 2688 in
1795 2617 2108 2687 confesso
2144 2617 2300 2686 fue-

212 2730 329 2820 rit,
365 2730 535 2804 illud
564 2758 846 2832 quoque
880 2752 1281 2833 teneamus,
1318 2752 1591 2829 optasse
1616 2730 1765 2829 jam
1805 2729 2138 2830 puellam.

180 2845 213 2875 ἱ

1063 2935 1430 3004 SERMO.

286 3099 451 3164 Haec
480 3113 667 3177 sunt,
694 3121 845 3187 quae
873 3099 1049 3162 inter
1074 3111 1426 3185 utramque
1452 3111 1707 3183 partem
1737 3096 2108 3162 necessario
2137 3119 2295 3164 con-

207 3223 496 3272 veniunt.

893 3349 1594 3417 DECLAMATIO.

291 3509 523 3604 Negat
556 3505 853 3606 optionis
886 3505 1239 3604 expletum
1274 3528 1413 3576 esse
1437 3501 1558 3604 jus
1582 3517 1633 3592 ¹,
1675 3499 1867 3600 quod
1906 3519 2066 3571 ante
2100 3520 2298 3600 opta-

208 3659 431 3726 primere
462 3669 641 3711 autem
676 3657 845 3712 voluit
874 3656 966 3710 illa
995 3659 1207 3710 Terent.
1290 3652 1437 3726 apud
1449 3652 1726 3718 Senecam,
1745 3651 2018 3723 optionem
2031 3667 2148 3702 eam
2163 3668 2296 3716 esse,

208 3734 350 3792 ΛΜ.
379 3738 477 3802 111,
508 3735 568 3802 5,
589 3736 659 3804 24
684 3758 695 3786 :
734 3759 757 3784 α
784 3738 1049 3790 Persuasit
1074 3755 1211 3802 nox,
1290 3752 1407 3805 quae
1440 3731 1670 3802 legitime
1706 3731 1850 3782 facta
1888 3732 1983 3782 sit:
2020 3729 2160 3782 hanc
2196 3747 2298 3780 nee

212 3839 233 3859 ·
250 3835 417 3885 amor,
432 3817 641 3882 vinum3
664 3842 687 3867 n
708 3831 763 3870 et
783 3817 937 3871 Ovid.
953 3819 1135 3872 Amor.
1153 3819 1177 3868 1
1190 3853 1211 3884 ,
1287 3813 1546 3885 legitime,
1565 3831 1662 3864 nec
1681 3812 1802 3884 jure
1822 3812 2048 3863 factam:
2075 3811 2200 3881 quia
2221 3807 2296 3860 le-

213 3895 315 3959 ·6‚
349 3895 419 3965 59
440 3915 455 3945 ε
489 3897 613 3948 Nox
644 3909 696 3948 et
728 3913 895 3962 amor,
922 3898 1209 3965 vinumque
1286 3909 1407 3963 gem
1440 3891 1663 3965 optandi
1701 3889 1898 3942 habere
1935 3906 2043 3940 non
2080 3899 2296 3958 potest,

214 3973 378 4026 mihil
400 3970 727 4029 moderabile
740 3973 1015 4028 suadent„-
1034 3975 1207 4026 Eunu.
1290 3975 1422 4046 quin
1465 3975 1610 4044 prius
1648 3973 1988 4024 confitentem
2028 3979 2296 4038 raptorem

281 4069 325 4102 1.
350 4054 527 4126 Negat
563 4054 786 4126 optionis
814 4053 1077 4127 expletum
1110 4071 1209 4108 esse
1286 4051 1514 4106 habeat:
1556 4066 1609 4106 at
1648 4049 1736 4101 hic
1773 4041 2114 4119 pernegabat.
2156 4045 2294 4118 Ergo

196 4131 302 4198 jus.
328 4133 445 4184 Hoc
476 4145 559 4184 est
587 4131 733 4204 quod
762 4133 963 4186 Fuscus
995 4129 1211 4186 dicebat
1290 4133 1630 4206 repetendam
1655 4131 1955 4202 optionem,
1977 4127 2128 4199 quasi
2149 4127 2300 4200 prior·
