2855 4871
1073 450 1166 513 Μ.
1212 446 1467 511 FABu
1510 446 2149 529 QUINTILIANI

566 572 688 646 illo
709 593 1046 671 tempore,
1060 597 1199 669 quo
1213 596 1377 643 sane
1396 596 1537 641 non
1558 569 1910 661 vacabam,
1928 570 1981 641 si
1996 570 2391 671 protulisset
2406 597 2661 670 corpus

567 714 812 761 meum
829 745 848 778 ,
869 687 1060 788 quod
1080 713 1224 759 non
1251 686 1481 759 solum
1511 706 1713 789 motu
1733 686 2066 784 corporis,
2090 686 2373 761 familiae
2398 686 2667 759 concla-

568 802 880 875 matione
896 800 1168 875 excitari
1185 828 1330 873 non
1346 798 1575 899 potuit
1589 856 1609 889 ,
1627 799 1744 873 sed
1762 797 1931 873 belli
1946 800 2253 873 tumultu
2269 857 2288 889 ,
2307 821 2372 872 et
2388 800 2663 901 fragore

566 918 928 1018 signorum
943 974 962 1007 ,
983 938 1055 989 et
1075 914 1535 1014 trepidatione
1554 914 1763 987 totius
1790 913 2105 1006 civitatis,
2129 915 2473 989 victurum
2498 942 2666 1015 pro-

567 1032 902 1106 mitteres?
915 1030 1358 1105 veneficium
1371 1029 1661 1103 scientia
1671 1028 1907 1120 docui,
1920 1029 2338 1102 veneficium
2346 1029 2666 1129 periculo

567 1147 776 1220 docui
791 1175 806 1220 :
824 1147 982 1221 volo
999 1146 1226 1219 dicere
1241 1167 1313 1218 et
1325 1144 1411 1217 de
1426 1144 1687 1217 animo.
1706 1144 2072 1216 Potionem
2090 1142 2291 1217 istam
2306 1144 2419 1216 cui
2434 1142 2669 1216 dedis-

567 1264 643 1355 ti,
665 1292 809 1363 quo
828 1286 1142 1363 tempore
1163 1260 1457 1335 dedisti?
1476 1259 1789 1361 privigno
1808 1260 2087 1335 dedisti:
2110 1260 2166 1333 si
2190 1260 2327 1333 alio
2346 1280 2667 1360 tempore
2758 1353 2769 1367 ⁸

569 1380 901 1470 dedisses,
933 1379 1292 1481 deceptam
1320 1399 1386 1452 te
1419 1400 1740 1479 putarem
1758 1433 1778 1467 ,
1808 1403 2001 1450 nunc
2029 1376 2412 1477 excogitasti
2446 1377 2671 1475 potio-

567 1522 757 1585 nem,
779 1522 933 1595 quae
949 1522 1064 1567 me
1089 1494 1242 1595 lege
1262 1492 1647 1567 occiderit2.
1664 1490 2013 1592 Equidem
2034 1492 2091 1564 si
2116 1519 2227 1564 me
2250 1493 2627 1592 interroges
2642 1551 2671 1585 ,

566 1610 811 1683 vixisse
845 1638 957 1682 me
995 1610 1116 1682 illo
1153 1632 1464 1713 tempore
1507 1636 1651 1681 non
1688 1606 2021 1681 arbitror:
2066 1606 2240 1709 quid
2270 1609 2500 1701 enim,
2535 1635 2669 1709 pro

569 1725 668 1798 dii
699 1724 1164 1798 immortales!
1196 1723 1415 1797 autin
1442 1751 1579 1824 qua
1605 1743 1792 1823 parte
1822 1744 2082 1797 naturae
2109 1721 2357 1797 locavit
2384 1748 2499 1795 me
2528 1748 2672 1795 no-

567 1824 801 1911 'vercai‘
819 1840 1095 1912 Bellum
1121 1838 1299 1912 mihi
1318 1840 1716 1912 nuntiatum
1732 1859 1861 1929 est,
1894 1858 1966 1910 et
1985 1836 2347 1913 hominem
2361 1894 2381 1929 ,
2408 1834 2671 1937 3quem

571 1983 716 2030 non
749 1956 1212 2057 peregrinatio
1244 1956 1572 2048 detinuit,
1602 1982 1747 2028 non
1780 1955 2093 2027 absentia
2122 1954 2267 2026 ulla
2288 1982 2330 2027 a
2353 1952 2673 2053 periculo

574 2072 866 2145 civitatis
914 2072 1241 2173 relegavit
1266 2131 1285 2163 ,
1337 2070 1509 2170 quid
1550 2071 1680 2144 acti
1698 2070 1731 2127 4
1776 2069 1862 2143 sit
1886 2128 1905 2161 ,
1959 2090 2287 2142 manente
2331 2094 2448 2141 me
2487 2067 2677 2141 intra

571 2213 847 2278 muros,
879 2186 1400 2261 commilitones
1436 2187 1577 2259 mei
1610 2206 2099 2259 narraverunt:
2136 2184 2391 2257 dicitur
2422 2183 2677 2283 ingens

572 2300 785 2375 fuisse
815 2302 1134 2402 praelium
1153 2358 1174 2391 ‚
1209 2302 1581 2375 commissa
1613 2300 1965 2401 utrimque
1990 2301 2205 2388 acieS,
2240 2298 2457 2372 dubia
2486 2324 2679 2397 saepe

575 2416 854 2492 victoria
869 2477 890 2510 ,
911 2440 980 2492 et
992 2418 1134 2494 huc
1147 2439 1357 2518 atque
1376 2418 1713 2520 illucspes
1739 2417 2081 2492 inclinata
2098 2475 2118 2509 ,
2142 2443 2367 2515 quum
2386 2412 2679 2488 interim

575 2534 818 2625 mile-8,
863 2535 938 2606 in
995 2563 1136 2633 quo
1179 2535 1571 2634 plurimum
1612 2535 1928 2624 fiduciae,
1968 2535 2043 2606 in
2084 2561 2227 2632 quo
2278 2530 2679 2626 maximum

577 2674 1022 2726 momentum
1067 2652 1477 2741 videbatur,
1522 2653 1598 2724 in
1641 2652 1837 2725 nulla
1882 2671 2075 2751 parte
2124 2650 2309 2725 visus
2364 2647 2679 2721 auditur.

577 2768 776 2860 Quid
828 2768 987 2868 plus
1033 2770 1437 2869 contingere
1482 2770 1713 2869 potuit
1749 2767 1959 2858 hosti,
2006 2768 2067 2841 si
2108 2763 2483 2866 petissem?
2526 2789 2681 2836 non

569 2883 714 2968 ‚alio
754 2883 966 2958 modo
1006 2885 1244 2958 audivi
1285 2885 1500 2976 bella,
1543 2913 1761 2985 quam
1797 2911 2085 2958 avorum
2118 2905 2683 2983 proavorumque

580 2996 1036 3095 temporibus.
1069 3001 1162 3072 At
1183 3000 1242 3072 si
1269 3000 1446 3072 mihi
1478 3001 1685 3074 detur
1712 2996 2107 3072 emendatio
2139 2994 2681 3097 praeteritorum,

569 473 651 515 10

579 3139 832 3192 mbnistat
875 3141 1014 3192 citra
1065 3153 1289 3194 monem
1309 3179 1327 3205 ‚
1373 3157 1593 3212 sopor-et

585 3220 834 3292 quidem,
857 3219 953 3273 sed
980 3241 1091 3274 non
1115 3221 1354 3287 occidat,
1375 3223 1497 3276 vide
1522 3223 1592 3276 ad

581 3297 731 3352 Decl.
759 3298 860 3364 111,
893 3299 971 3352 13.
999 3300 1076 3352 lta
1095 3314 1280 3352 contra
1300 3299 1429 3354 dixit
1447 3301 1590 3354 Flor.

581 3379 664 3443 11,
690 3394 718 3447 7
738 3399 753 3429 ε
787 3399 808 3422 ι
829 3376 1063 3430 Vulnera
1091 3378 1232 3432 ultra
1255 3393 1480 3432 mortem
1502 3397 1596 3450 pa·

591 3479 612 3502 οι
635 3455 838 3510 tebant.
859 3480 882 3504 ιι
920 3455 1040 3510 vid.
1076 3457 1322 3510 Albinov.
1358 3457 1499 3529 Eleg.
1537 3460 1592 3510 in

585 3537 820 3590 Drusum
831 3537 898 3601 V,
913 3535 1000 3589 50.
1017 3537 1184 3588 nunu.
1201 3536 1340 3590 Edit.
1357 3538 1470 3608 Rip.
1488 3538 1592 3590 cir·

491 3675 501 3686 ‚
585 3637 646 3670 ca
669 3631 885 3672 mortem
897 3639 916 3679 ;
939 3637 1049 3670 non
1072 3618 1276 3671 meliori
1302 3636 1475 3670 sensu.
1497 3619 1591 3670 En.

665 3717 708 3754 ι.
739 3699 856 3770 Quo
895 3718 1020 3752 sam
1055 3718 1162 3752 non
1205 3700 1436 3752 vacabat.
1480 3699 1593 3768 Quo

585 3795 766 3830 somno
799 3777 1029 3832 vacabat.
1059 3775 1196 3830 Obr.
1235 3791 1287 3830 et
1313 3778 1369 3828 in
1413 3793 1596 3828 emen-

589 3859 892 3912 dationibus
911 3857 1074 3910 habet
1099 3859 1360 3912 vacabam.

662 3959 710 3994 2.
733 3941 864 4014 Lege
887 3939 1146 3993 occiderit.
1163 3939 1286 4007 Qua
1301 3940 1599 4008 puniuntur

589 4023 901 4076 desertores.
919 4019 1138 4074 sonum.
1156 4017 1420 4074 occideret
1434 4018 1475 4070 1³
1478 4035 1595 4070 rau-

591 4103 706 4154 cius
729 4099 976 4154 malebat.

664 4183 714 4233 3.
744 4182 1027 4234 [seminem
1059 4199 1228 4252 quem.
1261 4176 1443 4230 Malim
1462 4216 1477 4242 ,
1506 4175 1600 4228 ho-

1670 3142 1825 3194 mini.
1844 3141 1977 3196 Pith.
2004 3139 2148 3192 Nihil
2170 3151 2365 3192 temere
2380 3149 2649 3188 mutarem
2663 3175 2684 3202 ‚

1672 3239 1797 3274 nam
1824 3233 1879 3272 et
1906 3219 2171 3272 hominem
2202 3217 2409 3289 posuit,
2442 3229 2503 3267 ut
2541 3234 2685 3288 σερε

1672 3301 1779 3366 alii,
1797 3300 2035 3352 referens
2056 3298 2125 3352 ad
2142 3297 2385 3363 detinuit,
2402 3298 2475 3349 ita
2486 3297 2682 3350 ut'l'er.

1672 3379 1808 3431 Eun.
1828 3381 1915 3444 lv,
1936 3379 1968 3430 3
1987 3399 1999 3429 ε
2023 3401 2043 3425 ι
2059 3374 2377 3428 Eunuchum
2401 3393 2565 3447 quem
2586 3373 2686 3430 «le-

1678 3483 1701 3508 α
1722 3459 1871 3526 disti,
1894 3459 2053 3514 nobis
2077 3477 2213 3531 qum
2236 3455 2417 3510 turbas
2444 3455 2595 3510 dedit
2609 3495 2628 3517 ..
2654 3481 2681 3505 ι

1674 3539 1767 3592 nbi
1788 3537 1881 3592 vid
1902 3540 2096 3592 Donat.
2114 3537 2283 3590 Cicer.
2304 3537 2401 3596 IV;
2420 3534 2493 3590 ad
2512 3535 2605 3588 fin.
2626 3537 2651 3588 1
2668 3557 2684 3586 z

1682 3641 1703 3664 α
1718 3621 1845 3671 Rem
1866 3616 2012 3672 vides
2027 3635 2135 3690 quo
2152 3614 2313 3668 modo
2334 3633 2393 3668 se
2410 3613 2637 3668 hume-12
2655 3638 2682 3662 ιι

1672 3695 1765 3750 ubi
1804 3697 2008 3750 Mannt.
2051 3710 2103 3748 et
2145 3697 2219 3748 ita
2262 3693 2449 3746 millias
2488 3694 2693 3764 optimi

1676 3777 1905 3848 quique:
1927 3774 2047 3828 vide
2076 3773 2255 3826 Lamb.
2282 3771 2350 3826 ad
2378 3773 2565 3826 Horat.
2595 3773 2690 3837 lv,

1676 3855 1779 3912 Οὐ.
1792 3856 1853 3923 43
1872 3853 2145 3908 Muncker.
2163 3854 2231 3906 ad
2246 3853 2435 3926 Hygia.
2450 3851 2565 3906 sub.
2582 3853 2657 3920 34
2669 3891 2689 3919 ,

1678 3936 1809 4005 949,
1832 3947 1886 3986 et
1914 3935 2045 4004 ²74³
2068 3947 2121 3986 et
2144 3933 2294 3986 alios.
2318 3935 2491 3986 Bona.

1748 4014 1799 4081 4.
1832 4013 1971 4082 Quid
2004 4013 2123 4065 acti.
2160 4013 2231 4064 Ut
2252 4007 2407 4064 Ovid.
2430 4010 2545 4064 Art.
2576 4029 2687 4064 um.

1678 4097 1755 4160 n,
1782 4094 1917 4164 637:
1950 4116 1973 4140 ι
1994 4091 2137 4162 Quid
2158 4093 2257 4144 tuti
2286 4103 2555 4162 superest,
2591 4091 2693 4146 ubi

1686 4197 1708 4220 a
1733 4175 1960 4226 nominis
1987 4184 2151 4226 exstet
2176 4170 2401 4224 adulter.
2422 4195 2443 4218 a
