2855 4871
637 412 1479 479 DECLAMA'rioNEs.
1526 412 1901 481 cccxm.
2188 420 2313 499 403
2380 394 2395 407 '

213 539 402 637 galia
439 564 640 637 porro
670 538 860 637 quod
889 537 1150 638 aequius
1176 536 1471 608 inveniri
1503 558 1761 635 potest,
1791 560 1858 610 et
1884 541 2033 613 sine
2058 541 2319 643 majore

211 654 597 727 hominum
619 654 904 751 querela
921 667 934 696 ¹
953 650 981 721 P
1003 672 1263 750 quanto
1283 651 1460 723 illud
1484 652 1807 753 injustius
1826 654 2041 727 videri
2064 678 2316 755 potest,

213 796 362 866 quo
403 790 672 869 partem
717 767 1108 841 hereditatis
1145 767 1274 839 sibi
1311 765 1659 838 vindicat?
1690 768 1778 839 At
1818 767 2208 866 plurimum
2244 775 2319 847 in

213 887 352 959 hoc
380 886 666 985 vectigal
695 886 960 957 confert
991 884 1364 982 negotiatio
1391 911 1405 953 :
1444 883 1790 981 quidquid
1816 904 1945 977 est,
1976 886 2062 958 de
2086 890 2321 963 futuro

213 1002 415 1075 lucro
451 1024 572 1075 est.
603 1004 853 1073 Praeter
884 1000 956 1071 id
980 1056 1000 1089 ,
1031 998 1221 1099 quod
1253 1026 1394 1072 non
1438 1020 1659 1097 potest
1693 999 1909 1071 videri
1948 1002 2277 1101 iniquum
2300 1064 2319 1097 ‚

215 1118 308 1189 ad
341 1118 530 1215 quod
561 1116 788 1189 accedi
801 1130 990 1189 tur22
1029 1136 1096 1187 et
1119 1114 1404 1213 vectigal
1434 1114 1725 1211 quidem
1756 1115 1987 1215 ipsum
2015 1145 2323 1195 necessa·

211 1232 442 1321 rium,
473 1258 616 1305 non
647 1232 1011 1330 iniquum3
1042 1256 1219 1313 num
1247 1227 1378 1302 hoc
1407 1229 1665 1329 injusta
1692 1256 1895 1327 poena
1923 1251 2054 1323 est,
2084 1234 2159 1305 in
2184 1262 2323 1334 qua

209 1350 403 1419 furta
451 1347 1102 1446 deprehenduntur,
1151 1372 1289 1444 qua
1335 1342 1444 1417 lex
1484 1346 1909 1437 vindicatur,
1953 1375 2095 1447 qua
2136 1352 2323 1423 fraus

211 1450 784 1539 transferentium
815 1460 1200 1560 detegitur?
1231 1460 1447 1533 Aliter
1480 1482 1655 1533 stare
1690 1462 1978 1561 vectigal
2012 1490 2155 1535 non
2190 1492 2324 1564 po-

209 1600 380 1652 test:
413 1579 663 1651 eodem
693 1579 1102 1651 revertimur
1139 1578 1432 1649 iterum:
1472 1578 1601 1649 hac
1636 1578 1895 1650 ratione
1930 1581 2327 1679 respublica

212 1694 433 1785 locat,
478 1693 609 1767 hac
649 1694 1048 1767 necessitate
1091 1720 1219 1765 nos
1254 1691 1759 1781 conduximu5‚
1802 1713 1870 1764 et
1910 1694 2128 1791 pretio
2163 1696 2329 1769 vici-

213 1807 446 1881 mus-²⁸.
471 1814 559 1883 Et
585 1810 908 1881 adversus
934 1808 1177 1907 quales
1201 1806 1529 1879 homines
1554 1806 2056 1879 conduximus?
2086 1836 2329 1907 quam-

209 1925 314 1997 vis
347 1952 550 2024 poena
583 1926 706 2015 sit,
738 1925 1054 2023 quamvis
1095 1925 1170 1996 in
1211 1924 1665 1995 commissum
1700 1922 1984 1994 veniant
2016 1950 2135 2015 ea,
2172 1952 2324 2021 quae

211 2041 372 2139 quis
397 2042 741 2139 professus
766 2066 909 2112 non
937 2062 1072 2129 est,
1099 2060 1336 2111 tamen
1360 2038 1597 2110 fallere
1628 2064 1754 2109 nos
1781 2036 2058 2124 volunt,
2086 2060 2321 2111 tamen

209 2157 408 2230 mille
435 2159 700 2231 artibus
729 2153 1473 2229 circumscribuntur4:
1514 2176 2027 2252 quotaquaeque
2060 2182 2165 2227 res
2190 2179 2317 2247 est,

209 2302 369 2373 quae
421 2271 1027 2373 deprehendatur?
1070 2274 1477 2343 Poteramus
1530 2268 1656 2339 tihi
1711 2268 1923 2339 etiam
1971 2268 2319 2368 imputare

209 2391 643 2464 beneficium
688 2389 870 2463 istud
895 2448 913 2482 ‚
956 2388 1146 2487 quod
1191 2387 1319 2460 tihi
1364 2384 1749 2485 extorqueri
1792 2387 2138 2484 quereriS,
2174 2415 2317 2462 non

208 2506 404 2607 apud
451 2532 576 2578 nos
628 2503 986 2603 perdidisti
1013 2532 1028 2574 :
1084 2502 1361 2574 interim
1381 2559 1400 2592 ,
1452 2501 1641 2599 quod
1695 2500 1855 2572 satis
1904 2522 2040 2589 est,
2080 2504 2313 2575 furem

207 2623 396 2722 apud
421 2647 548 2694 nos
569 2618 888 2692 invenisti
912 2644 927 2689 ε
953 2618 1333 2715 ignorares,
1357 2615 1495 2687 nisi
1522 2641 1650 2685 nos
1678 2614 2078 2702 fuissemus,
2102 2635 2314 2688 trans-

283 2817 304 2851 1
317 2837 330 2848 .
353 2799 426 2849 Et
444 2798 554 2849 sine
571 2800 768 2870 majore
794 2796 1064 2848 hominum
1089 2811 1218 2866 que·
1299 2811 1384 2844 ma
1401 2805 1567 2854 esset,
1588 2790 1797 2842 sublata
1816 2809 1846 2841 a
1862 2791 2163 2843 Justiniano
2178 2794 2305 2845 fuit:

209 2875 336 2928 cela.
357 2879 647 2928 Fortassis:
673 2887 726 2927 ct
741 2877 906 2948 magis
921 2873 1032 2926 sine
1049 2873 1167 2924 hom
1176 2874 1218 2924 ἰ-
1299 2887 1414 2940 quaa
1438 2889 1565 2920 vero
1591 2867 1671 2919 lex
1694 2869 1939 2920 Memmia
1964 2869 2125 2920 fuerit
2150 2869 2219 2922 de
2235 2874 2307 2923 vi-

207 2977 336 3010 uum
357 2957 599 3030 querela?
615 2961 748 3024 Aut,
769 2967 820 3007 et
839 2956 1036 3006 minore
1056 2953 1219 3004 homi·
1289 2949 1503 3026 ncesimis
1548 2965 1669 2998 cum
1714 2949 2043 3016 ignarissimo
2094 2950 2302 3018 ignoro.

203 3057 334 3089 num
373 3036 597 3109 querela.
635 3037 804 3088 Giton.
841 3035 966 3086 Sine
994 3033 1212 3084 minore.
1369 3043 1418 3076 2·
1462 3025 1550 3076 Ad
1582 3027 1725 3097 quod
1756 3026 2029 3078 acceditur.
2060 3027 2193 3079 Vide
2236 3028 2307 3082 ad

204 3117 430 3168 Senon-r.
452 3145 526 3156 —-
556 3115 670 3184 Quo
693 3124 894 3185 partem
925 3111 1217 3163 hereditatis
1295 3106 1505 3158 Senecae
1534 3108 1698 3178 Epist.
1726 3122 1842 3159 101.
1873 3107 2037 3160 Gnott.
2063 3110 2302 3178 Accedit,

203 3197 297 3248 sibi
327 3195 575 3250 vindicat.
603 3197 672 3246 Ut
701 3195 784 3246 lex
809 3194 948 3246 Julia
977 3206 1029 3244 et
1053 3192 1213 3263 Papia
1293 3188 1555 3241 AErodius.
1594 3217 1665 3230 —-
1698 3190 1842 3242 Nam
1882 3189 1995 3242 hoc.
2030 3193 2143 3244 Nos
2179 3211 2301 3246 cum

205 3287 258 3326 et
285 3275 536 3327 Memmia
565 3274 632 3326 de
659 3275 917 3324 vicesimis
947 3270 1212 3322 heredita·
1290 3271 1404 3342 Bip.
1431 3289 1579 3322 num.
1602 3272 1695 3322 En.

205 3367 320 3406 tum
341 3391 360 3416 ‚
401 3353 622 3424 aliisque
663 3348 984 3420 hujusmodi.
1029 3349 1209 3400 AEuon.
1363 3347 1412 3399 3.
1441 3349 1685 3402 Vicimus.
1713 3350 2021 3402 Licitatores
2044 3349 2211 3402 alios:
2242 3367 2301 3404 ut

205 3433 396 3484 Utrum
413 3430 686 3486 subaudiri
705 3442 879 3501 potest
903 3427 1213 3498 respublica,
1291 3431 1460 3484 Cicer.
1484 3431 1550 3482 ad
1570 3435 1677 3483 Act.
1699 3433 1847 3496 xm,
1870 3447 1960 3498 29:
1988 3451 2011 3476 ι
2028 3431 2307 3486 Othonem-

205 3527 272 3560 an
289 3508 628 3561 scribendum
639 3547 656 3572 ‚
670 3508 813 3580 quod
823 3517 1024 3577 partem
1035 3529 1051 3558 .-
1069 3525 1214 3558 nem-

205 3607 272 3658 pe
305 3588 550 3658 vectigal.
585 3587 748 3640 Giton.
785 3586 1008 3655 Intelligi
1040 3599 1211 3658 potest

205 3665 424 3737 quidem
455 3668 700 3718 vicesima
733 3663 1082 3715 hereditatum
1100 3702 1117 3729 ‚
1146 3664 1210 3715 de

205 3765 310 3817 qua
337 3749 392 3798 in
418 3745 788 3801 dissertatione
807 3744 874 3796 de
893 3744 1132 3815 vectigal.
1153 3747 1208 3796 P.

201 3827 265 3878 R.
291 3845 412 3898 cap.
439 3826 538 3886 X1;
564 3825 658 3877 sed
680 3827 856 3897 potius
879 3823 965 3875 hic
989 3836 1120 3894 puto
1143 3824 1214 3876 le-

201 3903 438 3972 gendum
455 3941 472 3970 ‚
518 3923 623 3976 qno
671 3914 874 3976 partem
923 3901 1214 3954 hereditatis

186 3979 352 4052 fiscus
366 3982 612 4034 vindicat.
631 3985 710 4034 Ita
724 3996 782 4032 ut
795 3980 1116 4050 intelligatur
1129 3981 1213 4033 lex

203 4064 402 4136 Pappia
443 4064 700 4134 Poppaea,
733 4062 799 4114 de
835 4062 1048 4114 caducis
1083 4064 1210 4114 lisco

205 4141 564 4198 vindicandis:
593 4161 733 4213 que,
760 4161 926 4216 quum
948 4142 1214 4214 iniquissi-

1298 3533 1321 3556 α
1339 3511 1518 3562 vincas
1538 3510 1677 3562 volo.
1700 3533 1723 3558 n
1748 3507 1850 3560 Ubi
1870 3509 1989 3560 vide
2010 3510 2226 3563 Coi-rad.
2248 3528 2302 3566 et

1291 3594 1366 3643 ita
1378 3594 1535 3664 capio
1551 3592 1637 3643 illa
1655 3590 1890 3660 ejusdem
1900 3590 2215 3644 Cicer.Verr.
2234 3597 2297 3660 11,

1295 3687 1322 3720 2
1337 3708 1354 3734 ‚
1378 3687 1465 3737 19:
1488 3671 1709 3720 «Auctio
1725 3669 1865 3720 facta
1886 3683 1993 3732 est,
2012 3671 2065 3720 in
2088 3689 2192 3741 qua
2208 3690 2301 3721 co·

1298 3771 1320 3793 α
1341 3749 1469 3804 ᾗσι-.-
1484 3750 1632 3800 istius
1645 3745 1839 3799 invicta
1860 3747 2131 3800 dominata
2152 3761 2249 3800 est.
2270 3773 2293 3796 n

1292 3826 1467 3893 Quam
1492 3845 1647 3878 nemo
1672 3825 1925 3878 licitando
1950 3827 2125 3897 potuit
2144 3845 2300 3899 supe·

1292 3923 1426 3956 rare.
1455 3905 1623 3956 Bnuu.
2166 3910 2185 3930 ⁸

1362 3982 1412 4049 4.
1440 3981 1946 4035 Circumscribuntur.
1972 3981 2300 4034 Circumscri-

1293 4063 1584 4128 bunt,0br.
1602 4059 2097 4127 Circumscribimur‚
2118 4061 2296 4115 AErod.

1293 4157 1346 4195 et
1369 4143 1495 4198 edit.
1524 4142 1589 4195 al.

1970 4229 2050 4281 26.
