2855 4871
569 376 692 495 204
1065 413 1157 476 Μ.
1209 410 1458 474 FABn
1504 408 2136 491 QUINTILIANI

561 537 882 609 universo
904 535 1319 631 loquamur-3
1356 531 1512 631 quis
1540 558 1707 603 usus
1740 531 2047 631 ipsorum
2080 533 2478 605 virorum⁸?
2510 532 2634 605 mi-

557 652 812 724 litiaene
847 651 1084 736 utiles,
1120 676 1206 721 an
1245 647 1561 719 civilibus
1589 646 1881 719 officiis?
1912 646 2085 747 quid
2130 646 2202 718 in
2244 647 2353 718 his
2395 646 2634 745 depre-

559 763 856 853 hendas,
903 785 1144 863 praeter
1190 765 1420 836 fictam
1465 761 1769 835 frontem
1817 784 1888 834 et
1932 784 2347 862 perpetuum
2384 762 2632 851 otium,

557 902 624 953 et
664 882 1047 978 quamdam
1090 907 1169 951 ex
1219 878 1606 976 arrogantia
1647 878 2167 957 auctoritatem?
2200 882 2469 950 Verum
2510 878 2637 949 sint

557 996 720 1082 ista,
755 1017 832 1068 ut
865 996 1138 1081 dicitur,
1170 1020 1464 1092 magna:
1496 1020 1625 1091 ego
1657 992 1801 1067 haec
1832 992 1923 1064 ad
1944 994 2248 1065 formam
2278 995 2634 1091 legemque

558 1112 824 1208 paterni
856 1108 1245 1182 testamenti
1283 1133 1451 1179 voco
1480 1135 1497 1177 z
1532 1106 1700 1207 quid
1741 1107 1989 1181 civitati
2022 1107 2355 1206 prosunt?
2386 1134 2636 1206 ampu-

557 1244 712 1297 tant
738 1224 904 1296 vitia
933 1251 946 1294 :
988 1223 1326 1294 nimirum
1361 1248 1577 1295 nemo
1609 1222 2003 1294 luxuriosus
2032 1244 2165 1311 est,
2201 1249 2412 1295 nemo
2444 1248 2639 1319 pecu-

559 1340 783 1411 cuniae
827 1338 1144 1437 cupidus,
1199 1340 1366 1409 Haec
1409 1337 1497 1409 de
1539 1336 1957 1439 philosopho
2005 1337 2252 1410 dixisse
2290 1337 2455 1409 satis
2498 1356 2633 1407 cst:

557 1475 996 1526 transeamus
1029 1454 1117 1525 ad
1151 1475 1491 1525 oratorem
1512 1485 1531 1544 ;
1580 1480 1795 1553 quem
1842 1452 2153 1551 intelligo
2198 1452 2463 1525 fiducia
2503 1452 2639 1524 elo-

559 1568 865 1668 quentiae
886 1568 974 1639 ad
1004 1567 1184 1639 hanc
1210 1568 1646 1641 descendisse
1672 1595 1979 1641 causam.
2000 1568 2315 1640 Multum
2334 1596 2407 1639 se
2426 1565 2639 1639 valere

557 1686 631 1767 in
658 1684 942 1785 judiciis
972 1706 1260 1784 putant:
1299 1685 1583 1784 rapiunt
1610 1684 1829 1757 malas
1856 1683 2239 1784 aliquando
2268 1710 2511 1757 causas
2538 1712 2553 1753 :
2584 1704 2645 1754 et

558 1825 725 1870 sane
768 1800 823 1871 si
857 1798 1125 1899 justitia
1156 1798 1414 1890 valeat,
1452 1798 1625 1896 quid
1670 1821 1771 1872 est
1800 1799 2242 1900 eloquentia?
2282 1798 2456 1897 quid
2488 1825 2643 1897 ergo

555 1914 808 1987 civitati
854 1914 1260 1988 conferunt?
1305 1913 1429 1986 illa
1460 1915 1651 1986 enim
1696 1942 1861 1987 sane
1906 1915 2387 1989 remittamus:
2438 1939 2643 1986 omne

554 2030 731 2100 circa
757 2030 964 2102 verba
993 2030 1306 2101 studium
1329 2084 1348 2116 ,
1377 2051 1479 2119 et,
1506 2056 1734 2127 quum
1766 2056 2001 2102 rerum
2030 2051 2279 2103 natura
2310 2028 2645 2101 beneficio

557 2171 682 2215 suo
709 2144 807 2215 ita
828 2145 1154 2216 homines
1182 2143 1611 2232 instruxerit,
1646 2166 1729 2215 ut
1760 2143 1957 2217 nulla
1990 2171 2093 2216 res
2123 2171 2267 2216 non
2294 2170 2463 2215 voce
2482 2158 2509 2187 ²
2539 2171 2647 2215 ex-

557 2259 878 2357 plicetur,
932 2285 1443 2357 supervacuum
1477 2258 1865 2357 ‚quemdam
1911 2259 1987 2331 in
2024 2259 2422 2332 exornando
2462 2260 2648 2332 labo-

560 2399 751 2445 rem:
803 2372 1051 2446 eodem
1101 2373 1394 2446 redeunt
1439 2374 1705 2462 omnia.
1741 2373 1939 2464 Quid
1985 2373 2239 2448 civitati
2287 2372 2648 2473 profuisti?

555 2491 1005 2564 advocatione
1035 2512 1152 2564 tua
1181 2491 1505 2564 defensus
1530 2513 1640 2569 -est
1666 2493 1951 2591 aliquis;
1987 2493 2108 2567 sed
2148 2492 2350 2564 laesus
2368 2551 2387 2583 ,
2418 2493 2544 2592 qui
2577 2517 2647 2563 ex

501 2661 507 2670 .
558 2605 822 2678 diverso
849 2626 1021 2677 erat:
1052 2605 1363 2705 eripuisti
1384 2607 1699 2706 peniculo
1720 2633 1955 2693 reum;
1984 2608 2171 2680 unde
2204 2607 2372 2698 scio,
2402 2635 2499 2679 an
2528 2635 2648 2680 uo-

556 2721 879 2816 centem?
911 2723 1319 2795 Innocentia
1341 2723 1635 2823 quidem
1662 2751 1783 2821 per
1808 2750 1879 2795 se
1902 2723 2080 2795 valet
2106 2751 2120 2794 ε
2156 2722 2533 2796 damnatus
2556 2743 2651 2794 est

543 2833 806 2932 ‚aliquis
848 2859 1214 2909 accusante
1256 2859 1320 2909 te
1344 2869 1362 2926 ;
1413 2838 1603 2910 unde
1644 2838 1788 2910 scio
1835 2866 1926 2911 an
1958 2839 2375 2937 eloquentiae
2404 2839 2650 2912 vitium

557 2945 678 3018 sit?
699 2948 893 3036 Quid
914 2977 1042 3047 ego
1069 2950 1154 3022 de
1177 2952 1456 3049 privatis
1478 2951 1765 3050 loquor?
1788 2952 2147 3026 civitatum
2168 2973 2381 3026 status
2400 2954 2649 3025 scimus

558 3060 646 3132 ab
678 3062 1063 3135 oratoribus
1093 3092 1232 3136 esse
1263 3093 1624 3139 conversos
1654 3095 1668 3138 :
1714 3067 1849 3140 sive
1886 3067 2081 3140 illam
2114 3069 2647 3142 Atheniensium

557 3175 940 3268 civitatem,
975 3180 1336 3277 quondam
1384 3182 1517 3254 late
1560 3183 1989 3283 principem,
2039 3185 2297 3256 intueri
2343 3185 2647 3284 placeat,

555 3291 814 3362 accisas
836 3292 984 3393 ejus
1004 3293 1180 3366 vires
1200 3293 1840 3370 animadvertemus
1858 3298 2023 3370 vitio
2046 3299 2645 3371 concionantium:

555 3405 694 3476 sive
725 3407 968 3504 populi
999 3410 1272 3482 romani
1297 3430 1551 3482 statum
1579 3433 1895 3486 excutere
1922 3413 2349 3486 voluerimus
2366 3471 2386 3503 ,
2414 3439 2650 3485 nonne

555 3519 988 3617 gravissimas
1020 3510 1429 3616 seditiones,
1473 3553 1711 3599 nonne
1750 3527 2257 3600 turbidissimas
2287 3529 2649 3601 conciones

555 3633 1160 3732 eloquentissimus
1201 3641 1498 3741 quisque
1532 3641 1868 3714 habuit-²⁵?
1908 3647 2161 3715 Nonne
2208 3642 2311 3715 illi
2355 3641 2651 3718 Gracchi

632 3829 674 3864 ι.
701 3813 940 3886 Ipsorum
966 3815 1212 3869 virorum.
1237 3818 1360 3870 Non
1385 3817 1563 3889 placet
1716 3837 1763 3872 2.
1798 3821 1975 3874 Nulla
2007 3840 2081 3874 res
2112 3839 2219 3872 nou
2254 3839 2392 3872 voce.
2428 3823 2651 3875 contra-

553 3889 683 3942 illud
705 3893 954 3959 virorum,
982 3911 1142 3964 quum
1165 3896 1389 3967 ipsorum
1411 3896 1562 3948 suffi·
1642 3903 1777 3954 rium
1792 3889 1949 3955 docet
1958 3902 2169 3967 Fabius,
2182 3901 2273 3954 lib.
2286 3904 2355 3968 X,
2374 3921 2421 3968 ι,
2438 3917 2491 3956 et
2506 3902 2649 3956 alibi.

557 3973 660 4024 ciat
679 3975 968 4028 sententiae.
985 3975 1244 4029 Caeterum
1265 3977 1455 4030 similia
1478 3977 1561 4032 his
1712 3983 1763 4034 3.
1794 3983 2019 4055 Quisque
2052 3984 2247 4036 habuit.
2278 3983 2489 4036 Habere
2512 3997 2652 4036 recte

556 4047 622 4101 de
641 4051 977 4126 philosophis
996 4054 1190 4108 Fabius
1211 4056 1380 4109 Instit.
1399 4056 1493 4108 lib.
1509 4059 1561 4122 1,
1642 4063 1710 4116 ad
1733 4065 2029 4130 conciones,
2056 4065 2149 4118 sed
2172 4063 2245 4116 ad
2266 4064 2540 4118 seditiones
2556 4065 2650 4116 mi—

565 4131 812 4200 tzetxu,
837 4151 882 4197 ις
902 4148 955 4187 et
973 4135 1096 4189 alibi
1116 4135 1292 4190 tradit.
1315 4140 1486 4191 Bunu.
1641 4160 1743 4194 nus
1785 4142 1924 4196 bene
1974 4145 2159 4196 referri
2204 4157 2402 4216 potest.
2446 4145 2647 4199 Scimus
