2855 4871
586 434 671 518 46
1089 431 1182 494 M.
1231 431 1482 494 FABu
1521 399 2159 514 ‘Q'UINTI'LIANI

584 557 945 660 privatim.
996 547 1345 653 litigavit
1326 579 1664 627 innocens
1703 583 1898 649 rem,
1941 557 2308 630 damnatus
2347 579 2502 631 est:
2563 559 2682 630 de-

584 675 745 748 tulit
796 674 1123 744 affectatae
1171 670 1562 770 tyrannidis
1605 695 1839 762 reum,
1874 694 1952 744 ut
1993 696 2147 771 pars
2182 671 2516 774 judicum
2554 701 2680 775 pu-

581 808 717 881 tat,
768 790 1265 862 manifestum²
1318 787 1824 887 impedimento
1877 790 2170 888 publicae
2217 790 2684 864 humanitatis

579 905 798 982 victus
841 927 961 980 est.
1006 905 1237 978 Hodie
1287 916 1526 977 contra
1573 906 2040 1005 rogationem,
2091 915 2334 979 contra
2366 905 2485 1008 jus
2531 933 2684 980 ves-

577 1047 799 1112 trum,
844 1044 1085 1095 contra
1116 1033 1524 1120 potestatem
1558 1021 1799 1120 populi
1843 1022 2230 1120 pugnabit?
2263 1021 2386 1094 Ille
2427 1041 2680 1095 tamen

577 1143 755 1217 mihi
801 1139 966 1212 alias
1010 1158 1110 1226 et,
1160 1157 1237 1207 ut
1278 1136 1452 1226 dixi,
1497 1137 1833 1235 graviores
1883 1139 1958 1210 in
2005 1139 2324 1210 exsilium
2359 1140 2680 1213 abeundi

574 1281 811 1332 causas
834 1253 1111 1326 videtur
1132 1250 1482 1324 habuisse:
1507 1252 1858 1326 absolutus
1882 1275 1984 1326 est
2007 1254 2295 1353 quidem
2321 1281 2478 1327 reus
2505 1283 2521 1326 z
2557 1255 2680 1329 sed

573 1376 1022 1446 innocentem
1056 1393 1128 1439 se
1159 1393 1300 1438 esse
1334 1368 1704 1438 accusatori
1745 1368 2066 1440 nondum
2111 1370 2476 1468 persuasit.
2525 1373 2680 1468 Ego

570 1511 732 1560 vero
763 1509 933 1556 ·non
991 1482 1241 1568 miror,
1300 1482 1489 1580 quod
1542 1481 1902 1562 hicxtimet
1949 1485 2178 1556 adhuc
2239 1485 2596 1558 civitatem
2627 1501 2676 1576 ¹,

535 1601 764 1702 ⁴quod
822 1598 968 1670 vult
1035 1596 1562 1697 impendentem
1625 1599 2008 1696 quamdam
2068 1601 2400 1673 omnibus
2465 1601 2676 1674 nobis

570 1719 849 1791 ruinam
901 1715 1282 1812 suffugere3
1336 1733 1404 1784 et
1458 1714 1750 1803 evitare,
1804 1716 1992 1810 quod
2041 1715 2349 1816 praevidit
2401 1717 2680 1817 pericu·

568 1833 762 1924 lum,
799 1829 1031 1930 cupit:
1078 1830 1197 1902 sed
1230 1849 1420 1901 tanto
1461 1829 1682 1927 magis
1723 1830 2130 1903 retinendus
2159 1853 2280 1903 est.
2327 1835 2677 1906 Putemus

568 1941 831 2047 alioqui
861 1947 1027 2019 citra
1050 1946 1522 2046 rogationem,
1551 1945 1758 2016 talem
1795 1946 2178 2018 institutam
2213 1973 2358 2019 esse
2393 1948 2634 2047 legem
2655 2007 2675 2037 ,

490 2049 496 2054 ’
568 2063 793 2164 qualis
819 2082 993 2134 esset
1011 2118 1031 2150 ,
1070 2061 1125 2131 si
1150 2059 1263 2131 hic
1296 2061 1369 2130 in
1396 2059 1662 2130 civitate
1696 2085 2048 2132 remanere
2073 2059 2297 2133 vellet.
2323 2064 2472 2133 Lex
2495 2063 2679 2162 quid

568 2177 779 2253 dicit?
826 2180 963 2274 Qui
994 2194 1320 2286 secretum
1346 2179 1442 2246 ad
1467 2175 1956 2276 rempublicam
1983 2184 2328 2278 pertinens
2357 2180 2679 2252 indicare

566 2322 651 2367 vo
659 2295 828 2368 lueri
833 2312 853 2365 t
868 2351 886 2382 ‚
914 2290 1159 2366 habeat
1174 2293 1569 2363 remanendi
1586 2309 2002 2390 potestatem.
2027 2295 2254 2366 Nemo
2271 2305 2297 2338 ²
2311 2293 2680 2367 dubitabit

564 2419 655 2483 an
688 2405 1133 2495 indicaverit3
1169 2406 1376 2479 verba
1405 2406 1615 2503 igitur
1640 2407 1808 2507 legis
1839 2419 1960 2509 'pro
1993 2409 2194 2482 nobis
2229 2411 2517 2482 omnia:
2547 2410 2678 2483 sed

560 2525 649 2599 ad
704 2523 1341 2624 interpretationem
1402 2524 1771 2595 voluntatis
1835 2550 2216 2596 vocamur:
2279 2550 2410 2597 nec
2465 2526 2674 2598 enim

548 2644 895 2745 scriptum
943 2661 1197 2742 putant
1237 2666 1417 2728 esse,
1463 2640 1600 2710 nisi
1645 2642 1833 2737 quod
1881 2663 2144 2714 certum
2191 2640 2676 2742 approbatum

559 2762 687 2835 sit:
721 2781 979 2859 negant
1002 2757 1328 2846 indicari,
1360 2756 1497 2863 nisi
1530 2757 1633 2846 id,
1661 2756 1746 2829 de
1771 2784 1912 2856 quo
1937 2784 2078 2836 non
2105 2758 2492 2832 dubitetur.
2516 2762 2676 2860 Ego

559 2898 792 2963 autem
824 2875 1169 2962 existimo,
1216 2871 1453 2971 legum
1499 2872 1693 2944 latori
1745 2900 1887 2945 non
1936 2872 2239 2946 defuisse
2277 2874 2678 2973 eloquendi

558 2990 962 3062 facultatem
986 3044 1005 3079 ‚
1055 3010 1131 3060 ut
1170 2989 1572 3087 approbatis
1615 2988 1914 3079 demum
1941 2989 2046 3061 his
2078 3016 2231 3088 quae
2263 2987 2676 3082 detulisset,

559 3116 915 3177 remanere
956 3103 1027 3173 in
1076 3102 1342 3174 civitate
1387 3102 1689 3175 exsulem
1731 3104 1982 3176 vellet:
2033 3106 2106 3176 id
2165 3106 2394 3205 ipsum
2444 3104 2676 3205 plane

556 3242 932 3319 aperteque
964 3216 1191 3293 dicere
1219 3245 1360 3291 non
1387 3240 1790 3291 contentum
1829 3242 1996 3318 puto
2039 3247 2181 3293 esse
2210 3220 2448 3318 legum
2478 3220 2678 3295 lato-

556 3363 738 3409 rem:
768 3332 1237 3407 voluntatem³
1268 3335 1415 3435 ejus
1447 3322 1747 3407 retinuit.
1775 3336 1948 3409 Satis
1973 3360 2071 3408 est
2092 3337 2333 3437 igitur,
2365 3357 2448 3408 ut
2475 3336 2678 3410 nihil

558 3450 860 3537 finxerit,
902 3448 1083 3522 nihil
1116 3450 1494 3549 cupiditate
1528 3452 1906 3524 revertendi
1945 3452 2274 3524 mentitus
2303 3452 2431 3541 sit,
2469 3452 2679 3527 nihil

555 3566 857 3663 denique
895 3565 1051 3637 ideo
1088 3566 1358 3653 fecerit,
1407 3586 1486 3636 ut
1521 3588 1926 3640 remaneret.
1972 3572 2116 3640 Vos
2153 3567 2328 3664 quid
2377 3567 2678 3643 dicitis?

554 3680 929 3754 mentitum
965 3706 1130 3751 eum
1157 3679 1404 3751 vultis?
1443 3681 1948 3779 interrogemus
1989 3703 2258 3781 partem
2289 3682 2672 3783 judicum.

628 3866 673 3902 1.
708 3848 857 3921 Quod
886 3848 971 3902 hic
1000 3848 1145 3901 timet
1171 3848 1343 3901 adhuc
1370 3850 1558 3900 civita·
1639 3852 1899 3903 civitatem
1924 3852 2064 3924 quod
2087 3852 2228 3905 velut
2242 3852 2670 3924 impendentem

552 3942 674 3985 tem.
712 3934 875 4003 hege:
911 3930 1051 4003 quod
1088 3929 1172 3980 hic
1210 3930 1357 3980 timet
1386 3930 1561 3981 alhuc
1714 3951 1761 3985 2.
1787 3933 2069 3987 Dubitabit.
2101 3934 2331 3985 Dubitat.
2355 3936 2544 3988 AErod.
2567 3938 2674 4009 qui

552 4012 767 4063 civitati.
796 4008 851 4062 ld
875 4025 982 4077 est,
1008 4028 1106 4081 pro
1132 4008 1358 4061 civitate.
1389 4010 1556 4060 Gnon.
1638 4012 1692 4061 in
1723 4028 1884 4079 marg.
1911 4012 2154 4065 dubitata
2175 4032 2246 4063 cm
2269 4011 2547 4065 dicaverit.

558 4092 705 4160 Quod
728 4092 811 4142 hic
832 4092 1010 4144 timeat
1030 4088 1151 4141 huic
1170 4087 1388 4141 civitati.
1418 4088 1561 4140 [Ἐνο-
1711 4087 1760 4140 3.
1801 4088 2161 4143 Voluntatem.
2185 4088 2289 4143 Alii
2323 4090 2670 4146 voluntatem

552 4168 700 4235 dius,
720 4174 815 4242 qui
833 4174 889 4223 in
914 4172 1177 4241 margine,
1200 4169 1378 4221 timet·
1362 4206 1374 4218 .
1398 4176 1457 4219 at
1476 4168 1561 4221 hic
1639 4165 1783 4219 enim
1809 4166 2055 4220 intuetur.
