2855 4871
644 428 766 515 194
1140 428 1232 491 M.
1278 428 1532 492 FABII
1577 428 2218 511 QUINTILIANI

632 692 1113 715 mmmm
1120 694 1504 715 mmm
1513 694 2466 719 vum-mmmmm
2471 698 2557 717 w!
2563 698 2636 717 w!
2641 698 2686 719 Ἃ

1362 896 1965 974 CCXCVIII.

1332 1126 1642 1197 Rusticus
1661 1131 2016 1225 parasitus.

997 1328 1279 1387 Rusticus
1300 1328 1642 1409 parasitum
1665 1326 1870 1389 filium
1893 1327 2158 1390 abdicat.
2181 1331 2252 1391 C.
2276 1332 2355 1392 D.

1324 1517 2025 1584 DECLAMATIO.

722 1682 883 1751 Non
918 1679 1163 1777 ignoro
1180 1734 1199 1769 ‚
1224 1676 1536 1778 judices,
1567 1704 2002 1775 quamquam
2031 1704 2176 1751 non
2205 1705 2250 1749 a
2273 1678 2534 1751 forensi
2558 1704 2684 1751 oon·

630 1798 939 1869 tentione
960 1796 1193 1868 solum
1210 1852 1229 1885 ‚
1256 1794 1377 1867 sed
1400 1794 1492 1866 ab
1519 1794 1840 1867 universa
1867 1794 2153 1869 civitatis
2177 1798 2681 1891 convergufinm,

628 1910 835 2011 longe
868 1932 1209 2001 remotus,
1239 1909 1375 1982 boc
1401 1910 1747 2009 praecipue
1777 1910 1928 1982 fieri
1959 1910 2385 1989 miserabiles
2419 1940 2558 2005 eos,
2587 1910 2682 2009 qui

624 2048 930 2129 paternae
954 2026 1572 2101 animadversionis
1607 2046 1848 2098 notam
1879 2025 2360 2125 deprecantur,
2391 2029 2574 2127 quod
2598 2052 2684 2125 pe·

626 2142 901 2214 riclitari
938 2142 1028 2214 de
1068 2142 1405 2241 praeterita
1448 2140 1786 2240 dignitate
1814 2141 2198 2231 videantur,
2241 2142 2332 2215 de
2367 2170 2514 2242 qua
2537 2164 2684 2215 certe

626 2256 1006 2329 sollicitum
1026 2282 1171 2329 esse
1190 2254 1425 2327 filium
1447 2284 1689 2329 meum
1710 2255 2120 2329 incredibile
2138 2278 2238 2329 est
2256 2284 2273 2328 ε
2294 2257 2684 2356 quantulum

628 2391 732 2444 est
758 2372 985 2462 enim,
1020 2372 1211 2471 quod
1244 2371 1606 2445 abdicatus
1635 2372 1802 2463 erit,
1833 2373 1956 2472 qui
1979 2372 2132 2474 jam
2167 2373 2541 2472 parasitus¹
2573 2368 2686 2445 est?

626 2488 863 2579 Quem
894 2515 1045 2588 ego,
1064 2488 1366 2590 judiceS,
1386 2511 1532 2562 tam
1561 2490 1902 2566 obstinate
1930 2518 2076 2564 non
2109 2493 2470 2591 praeceptis
2495 2490 2682 2564 solum

624 2605 839 2694 meis,
872 2605 994 2678 sed
1036 2606 1245 2678 etiam
1284 2606 1608 2705 precibus
1641 2607 2070 2680 resistentem
2089 2665 2108 2696 ‚
2146 2607 2421 2680 utinam
2467 2606 2683 2708 possim
2787 2683 2789 2694 ,

626 2720 851 2792 dicere
876 2742 1359 2794 contumacem
1385 2721 1400 2792 ἔ
1437 2745 1628 2794 nunc
1652 2722 1836 2796 banc
1859 2723 2208 2795 licentiam
2233 2723 2552 2824 concepit
2569 2720 2685 2793 ani·

626 2859 745 2906 mo
765 2836 1103 2910 servitutis
1127 2865 1142 2907 z
1172 2837 1480 2909 multum
1501 2837 1692 2909 enim
1714 2837 1816 2908 illi
1836 2894 1855 2927 ‚
1881 2859 1958 2910 ut
1981 2865 2086 2911 res
2105 2861 2205 2912 est
2219 2897 2239 2930 ,
2267 2839 2538 2912 fiduciae
2557 2834 2685 2910 facit

627 2949 845 3046 gratia
870 2950 1319 3024 adolescentis
1348 2951 1716 3050 locupletis
1742 2972 1809 3025 et
1833 2953 2107 3053 prodigi
2126 3013 2145 3044 ,
2175 2954 2297 3053 qui
2331 2981 2478 3027 non
2507 2953 2686 3038 aliter,

626 3089 841 3160 quam
867 3063 923 3134 si
954 3064 1039 3136 de
1063 3067 1342 3166 proprio
1366 3067 1724 3166 mancipio
1746 3085 2087 3167 ageretur3
2117 3069 2192 3140 in
2217 3069 2350 3140 hoc
2374 3072 2544 3141 vires
2561 3091 2687 3140 suas

629 3177 947 3248 ostendit.
969 3179 1217 3250 Infelix
1246 3203 1314 3252 et
1344 3180 1500 3254 ille:
1528 3204 1669 3254 tam
1694 3203 1969 3282 turpem
1999 3183 2189 3256 enim
2219 3182 2446 3256 filium
2473 3183 2686 3268 habeo,

630 3312 709 3363 ut
748 3291 957 3364 etiam
1000 3292 1134 3392 ipsi
1174 3294 1566 3394 objiciatur.
1609 3299 1754 3368 Nec
1801 3324 1919 3371 me
1959 3297 2292 3397 praeterit,
2341 3299 2530 3370 unde
2571 3295 2688 3366 haec

628 3406 1017 3505 frequentia
1044 3435 1059 3478 z
1103 3433 1605 3484 concurrerunt
1631 3412 1720 3484 ad
1757 3413 2166 3511 spectandos
2199 3412 2376 3485 duos
2407 3413 2688 3494 rusticos,

631 3541 701 3593 et
725 3521 796 3592 hi
831 3524 1118 3596 forsitan
1154 3523 1298 3597 haec
1326 3525 1475 3624 ipso
1505 3526 1923 3600 indicante2.
1959 3529 2252 3619 Merito,
2283 3530 2342 3602 si
2379 3531 2506 3602 iste
2539 3527 2690 3600 ride-

631 3657 764 3726 tur,
797 3637 994 3738 cujus
1032 3665 1295 3713 nomen
1324 3642 1656 3742 equidem
1691 3669 1819 3716 nec
1851 3643 2194 3744 intelligo,
2231 3672 2360 3717 nec
2393 3645 2690 3744 interpre-

630 3755 757 3828 tari
804 3781 1125 3854 possum3
1171 3759 1363 3859 quod
1408 3781 1691 3832 vocatur
1705 3757 1760 3852 ³,
1803 3789 2030 3834 unum
2078 3762 2309 3836 nescio
2361 3761 2526 3860 quid
2571 3783 2688 3832 esse

706 3924 750 3958 1.
773 3907 1056 3960 Parasitus.
1070 3907 1185 3961 Cat.
1201 3908 1269 3960 de
1287 3909 1347 3962 R.
1365 3911 1425 3962 R.
1444 3929 1562 3982 cap.
1582 3909 1634 3978 5,
1713 3923 1878 3966 cante.
1913 3913 2094 3966 Scribe
2111 3952 2127 3980 ,
2163 3912 2259 3965 hoc
2291 3913 2414 3985 ipso.
2449 3913 2603 3966 Grion.
2631 3909 2688 3960 Et

624 3989 915 4056 parasitum
940 4005 1005 4038 ne
1025 4006 1180 4060 quem
1206 3987 1418 4050 habeam
1439 3988 1634 4041 nedum
1715 3989 2009 4064 hisamitan
2031 3991 2131 4045 huc
2145 3992 2208 4044 ab
2223 3993 2330 4063 ipso
2345 3991 2582 4050 invitata}
2601 3987 2688 4050 vel,

632 4065 729 4125 εἰη
754 4083 943 4138 nempe
966 4063 1187 4121 villicus.
1212 4067 1434 4121 senum.
1714 4069 1816 4124 huc
1837 4071 1903 4123 ab
1929 4072 2037 4144 ipso
2061 4072 2331 4123 invitante.
2355 4071 2568 4123 Senum.

706 4161 757 4196 2.
787 4147 862 4197 Et
888 4147 945 4200 1ιί
958 4148 1191 4220 forsitan
1215 4149 1323 4202 hoec
1356 4149 1466 4222 ipso
1498 4149 1635 4202 inda·-
1785 4151 1833 4203 3.
1855 4151 1966 4202 Nec
1985 4151 2308 4222 interpretari
2321 4166 2555 4222 possum,
2574 4143 2691 4219 quel
