2855 4871
588 428 1426 497 DECLAMATIONES.
1477 424 1893 495 CCCXVII.
2163 432 2282 499 281

174 554 589 644 civitatem,
634 578 1132 652 summamque
1190 550 1590 650 reipublicae
1637 551 1890 625 vellet:
1943 552 2293 652 fingamus

192 668 389 742 enim
418 669 511 741 ab
538 667 772 767 aliquo
800 666 1047 739 ultimo
1072 666 1375 739 militum
1406 667 1759 765 provocari
1787 668 2078 747 ducem:
2104 669 2294 743 idem

190 782 573 855 discrimen
595 836 614 869 ‚
654 781 843 853 idem
885 780 1319 882 periculum,
1361 807 1488 880 par
1526 800 1810 854 eventus
1853 802 1990 855 esta
2036 783 2293 885 adjice,

192 900 393 997 quod
440 900 619 975 inter
667 899 1047 999 praecipuas
1095 899 1375 972 virtutes
1429 918 1562 989 est,
1610 899 2104 997 imperatorem
2150 928 2296 975 non

194 1040 515 1115 pugnare
554 1013 976 1114 aliquando:
1018 1014 1115 1085 sic
1154 1013 1535 1087 extrahitur
1569 1014 1822 1089 hostisz
1867 1016 1966 1090 sic
1993 1016 2300 1115 impetus

198 1131 469 1205 subitos
521 1130 732 1231 partis
786 1129 1086 1205 adversae
1141 1096 1405 1230 frangit
1448 1156 1644 1202 mora
1679 1158 1720 1202 :·
1744 1131 1841 1203 sic
1892 1132 2300 1207 interclusos

200 1244 711 1319 commeatibus
744 1244 819 1317 in
848 1243 1275 1317 deditionem
1304 1246 1546 1317 venire
1575 1247 1766 1319 fame
1799 1246 2132 1345 cogimus,
2169 1250 2301 1321 Ita-

202 1388 339 1460 que
374 1359 656 1433 hercule
686 1358 984 1432 militem
1013 1359 1315 1459 legimus
1344 1358 1711 1435 robustum
1729 1418 1748 1449 ,
1783 1360 2084 1459 legimus
2106 1361 2301 1462 juve-

202 1503 367 1551 nem
406 1504 422 1550 :
467 1477 961 1576 imperatorem
1001 1475 1303 1550 facimus
1342 1501 1583 1547 senem
1616 1503 1631 1547 :
1684 1476 1757 1548 in
1795 1475 1931 1549 illis
1970 1478 2165 1551 enim
2201 1479 2302 1553 vis

200 1620 575 1695 corporum
623 1614 694 1666 et
736 1620 989 1666 manus
1018 1593 1202 1665 sola¹
1241 1614 1611 1691 spectatur,
1659 1594 1732 1665 in
1775 1592 1885 1666 his
1922 1595 2297 1671 consilium

202 1732 271 1783 et
294 1710 469 1782 ratio
500 1736 515 1779 :
547 1734 699 1805 quae
726 1708 918 1781 bona
948 1706 1401 1808 praecedentis
1438 1708 1652 1781 aetatis
1681 1708 1756 1779 in
1785 1709 2022 1783 locum
2045 1710 2300 1784 virium

200 1824 532 1897 subeunt.
555 1826 799 1921 Ipsum
817 1844 1148 1928 praeterea
1168 1849 1431 1898 nomen
1461 1822 1890 1951 imperatoris
1909 1824 2070 1897 satis
2091 1826 2306 1926 sig-ni-

204 1940 383 2031 ficat,
409 1964 557 2010 non
578 1936 873 2036 exigere²
898 1963 1197 2009 manum
1226 1936 1482 2037 ipsius:
1509 1936 1854 2037 imperare
1882 1938 2076 2013 enim
2097 1939 2306 2017 debet

204 2075 267 2126 et
300 2053 717 2154 praecipere:
750 2051 827 2125 in
866 2078 1261 2141 summam,
1304 2052 1393 2124 ab
1437 2078 1556 2143 eo,
1605 2051 1728 2184 qui
1771 2076 2175 2153 provocatus
2211 2056 2300 2129 ab

200 2170 393 2243 hoste
427 2196 575 2242 non
611 2168 1063 2269 pugnaverit,
1094 2169 1524 2270 supplicium
1552 2169 1817 2268 optime
1845 2170 2051 2269 exigit
2084 2170 2301 2271 impe-

204 2309 410 2360 rator.
427 2288 613 2385 Ergo
644 2285 700 2357 si
727 2285 859 2358 hoc
888 2284 1117 2358 solum
1138 2286 1331 2385 apud
1349 2312 1469 2360 vos
1489 2285 1825 2376 dicerem,
1848 2288 2011 2363 Non
2033 2312 2304 2386 pugna-

198 2403 295 2476 vit
342 2402 523 2492 dux,
576 2428 720 2476 non
768 2403 1107 2502 pugnavit
1154 2428 1359 2476 senex
1384 2462 1404 2496 ,
1453 2428 1601 2478 non
1655 2401 1818 2476 fecit
1863 2428 2159 2478 summae
2204 2402 2303 2478 rei

200 2503 617 2606 discrimem
659 2518 817 2591 satis
858 2539 1093 2592 tamen
1136 2520 1268 2592 ista
1307 2519 1623 2592 defensio
1655 2518 2020 2592 videretur.
2051 2519 2304 2591 Adhuc

198 2655 438 2706 tamen
456 2635 782 2734 proprius
797 2636 1118 2708 accedere
1146 2634 1237 2707 ad
1259 2633 1900 2734 interpretationem
1919 2632 2092 2731 legis
2106 2634 2300 2723 volo;

203 2769 315 2837 et,
352 2769 696 2847 quatenus
736 2774 896 2848 pars
934 2748 1197 2822 diversa
1232 2749 1482 2850 scripto
1520 2746 1869 2837 innititur,
1911 2745 2116 2818 etiam
2155 2747 2304 2846 ipsa

200 2867 415 2939 verba
456 2867 741 2939 scrutari
780 2893 795 2939 ε
844 2865 1018 2968 quid
1057 2865 1345 2939 tandem
1384 2865 1554 2938 dicit
1585 2861 1736 2936 lex?
1766 2864 1915 2954 QUI
1945 2882 2032 2934 AB
2069 2883 2301 2936 HOSTE

202 3001 682 3055 provocamus
714 3002 871 3056 NON
905 2999 1368 3054 PochEmT
1400 3010 1415 3052 ;
1455 2981 1546 3052 ab
1577 2979 1772 3052 hoste
1811 2979 2048 3078 igitur,
2082 3006 2228 3050 non
2260 3007 2303 3054 a

200 3101 561 3199 transfuga
597 3128 612 3170 :
654 3126 785 3173 nec
815 3126 1136 3198 uuquam
1175 3098 1550 3172 habuerim
1585 3097 1780 3170 hunc
1815 3123 1942 3196 ego
1979 3095 2302 3197 perditis-

200 3216 377 3289 simo
408 3215 763 3315 parricidae
796 3215 1176 3308 honorem,
1218 3235 1297 3288 ut
1336 3215 1545 3286 illum
1584 3213 1658 3285 in
1699 3239 1996 3285 numero
2039 3239 2300 3312 ponam

203 3359 453 3405 eorum
475 3331 850 3406 hominum
870 3392 888 3423 ,
919 3333 1041 3434 qui
1064 3360 1191 3433 pro
1217 3330 1572 3432 republica
1597 3357 1756 3420 sua,
1782 3329 1905 3428 qui
1926 3356 2051 3428 pro
2077 3330 2300 3428 patria

202 3447 632 3546 pugnabant.
669 3450 759 3520 Et
792 3449 847 3520 si
870 3450 1075 3522 verba
1110 3450 1261 3548 ipsa
1292 3449 1674 3538 intuemur,
1716 3445 1847 3517 hoc
1878 3445 2039 3528 satis
2071 3462 2168 3514 est
2197 3471 2210 3514 :
2246 3444 2301 3515 si

204 3589 361 3636 vero
391 3563 839 3664 introspicere
858 3564 1285 3640 voluntatem
1304 3565 1773 3650 voluerimus,
1804 3559 2057 3658 ecquid
2084 3559 2303 3632 mani-

208 3680 470 3754 festum
519 3701 661 3772 est,
714 3708 860 3754 non
900 3682 1036 3755 hoc
1083 3682 1369 3756 sensisse
1414 3679 1946 3780 legumlatorem
1967 3735 1984 3769 ,
2035 3697 2112 3748 ut
2155 3675 2300 3748 ulla

278 3865 323 3900 ι.
353 3849 500 3902 Sola.
532 3849 673 3904 Sota.-
700 3863 1014 3924 spectantur.
1046 3854 1211 3906 Fran-
1290 3853 1355 3904 In
1387 3869 1618 3916 summa,
1643 3848 1824 3902 AErod.
1849 3848 2062 3899 r-Non
2091 3861 2300 3918 paqua-

200 3929 333 3980 cim.
362 3957 435 3968 --
472 3929 759 3983 Consilium
797 3943 849 3983 et
883 3932 1034 3984 ratio.
1074 3934 1209 3985 Hinc
1298 3933 1386 3984 bit.
1410 3932 1537 3984 Non
1556 3929 1818 4003 pugnavit
1837 3928 1888 3979 d.
1914 3947 1966 3976 n.
1985 3925 2245 3996 puqnavit
2257 3943 2294 3974 s.

202 4007 443 4059 firmatur
465 4007 769 4061 emendatio
792 4010 943 4061 Decl.
965 4011 1081 4076 XV,
1110 4009 1187 4062 13.
1295 4011 1514 4062 Scuuvr.
1534 4024 1587 4061 et
1605 4005 1865 4061 Obrecht.
1883 4003 2073 4075 quibus
2089 4004 2300 4054 assenti-

278 4103 329 4138 2.
368 4085 498 4138 Non
543 4088 745 4160 exigere
782 4107 999 4140 manum
1042 4089 1211 4160 ipsius.
1296 4107 1434 4140 mus.
1455 4087 1550 4140 En.
1577 4085 1794 4138 ——Satt's
1821 4095 1996 4135 tamen
2028 4081 2140 4134 ista.
2169 4081 2222 4134 S.
2260 4094 2294 4135 t.

90 4193 97 4205 ·
204 4165 417 4232 Scribo,
430 4166 586 4239 exigi.
600 4167 925 4222 Gutum-*In
939 4185 1213 4220 summam.
1282 4169 1432 4240 justa
1445 4201 1470 4232 ,-
1489 4162 1670 4218 AErod.
1697 4177 1750 4216 et
1774 4163 1888 4234 Rip.
1913 4160 1998 4214 ed.
2023 4161 2114 4212 En.
