2855 4871
527 433 1361 502 DECLAMATIONES.
1409 436 1937 506 cchxxffl.
2148 445 2267 528 481

1161 686 2213 726 mmm-mmmm
2226 705 2278 724 υ-

193 695 462 715 mmm
483 695 867 716 mmmm

891 887 1579 968 CCCLXXlll.

809 1119 1251 1190 Ornamentis·
1265 1113 1663 1218 redemptus·

195 1323 512 1380 Anmmnz
535 1337 766 1379 nonu.
791 1317 1085 1378 Serutcm
1111 1337 1356 1380 vmtm
1382 1339 1477 1380 sn·
1500 1339 1699 1381 Aeno.
1724 1322 1963 1382 Amissa
1986 1344 2205 1400 uxore,
2230 1339 2291 1386 et

273 1416 533 1478 defossis
557 1417 623 1475 in
653 1415 930 1498 sepulcro
954 1415 1084 1496 ejus
1107 1419 1517 1492 ornamentis,
1547 1418 1903 1502 superduxit
1922 1419 2054 1481 filio
2078 1444 2293 1484 nover-

271 1536 416 1576 cam
435 1527 630 1597 pater,
647 1516 756 1595 qui
771 1514 916 1590 dein
935 1527 1148 1596 captus
1163 1535 1202 1574 a
1223 1515 1435 1595 piratis
1446 1533 1473 1590 ,·
1488 1516 1567 1575 de
1586 1515 2009 1600 redemptione
2030 1522 2290 1602 scripsit.

275 1613 569 1674 Mol-ante
603 1609 736 1672 filio
757 1655 774 1686 ,
816 1632 974 1674 uxor
1012 1632 1050 1672 a
1091 1611 1374 1694 sepulcro·
1408 1613 1633 1694 prioris
1668 1617 1877 1676 uxoris
1910 1619 2071 1690 eruit
2112 1639 2292 1680 orna-

277 1721 518 1785 menta,
541 1721 601 1770 et
617 1708 804 1768 misit.
826 1707 924 1768 Ob
949 1706 1072 1768 hoc
1095 1729 1132 1766 a
1157 1707 1442 1790 privigno
1468 1707 1727 1789 sepulcri
1756 1711 1965 1773 violati
1984 1729 2293 1790 accusata,

280 1820 342 1866 et
365 1805 660 1866 damnata
687 1817 798 1864 est.
827 1805 1004 1864 Pater
1027 1803 1220 1878 redit,
1245 1816 1305 1864 et
1327 1802 1570 1872 abdicat
1592 1804 1815 1868 filium.

893 1989 1595 2056 DECLAM‘ATIO.

301 2153 702 2250 Antequam
743 2147 1192 2250 parricidium
1219 2164 1267 2243 ¹,
1310 2144 1638 2223 inertiam'
1678 2149 1927 2252 objicio
1969 2180 1984 2223 :
2034 2179 2180 2226 non
2228 2180 2299 2224 es

201 2267 682 2367 peregrinatus
697 2325 720 2359 ,
745 2267 956 2343 etiam
979 2293 1092 2340 me
1117 2266 1633 2366 peregrinante:
1662 2289 1939 2342 coactus
1964 2297 2125 2342 sum
2150 2291 2301 2343 tuas

201 2383 384 2456 vices
417 2383 772 2457 sustinere.
807 2384 943 2457 Sed
972 2383 1200 2477 dices,
1235 2410 1378 2457 non
1407 2405 1621 2459 totam
1658 2385 1955 2459 domum
1997 2388 2069 2460 in
2114 2375 2329 2487 peri-¹

204 2499 452 2571 culum
495 2499 842 2572 committi
890 2498 1210 2573 debuisse
1253 2529 1270 2572 :
1321 2503 1707 2575 remansisti
1732 2542 1777 2592 ,ι
1803 2524 1883 2575 ut
1912 2502 2302 2579 redimeres

203 2635 474 2715 patrem
506 2638 789 2714 captum
816 2646 836 2707 ;
867 2616 1220 2689 deseruisti
1247 2647 1268 2707 ;
1307 2617 1697 2689 maximum
1732 2617 1999 2690 crimen
2021 2674 2043 2709 ,
2078 2617 2302 2689 immo

203 2731 661 2833 parricidium
694 2760 709 2803 :
740 2754 1090 2834 quantum
1121 2733 1196 2805 in
1224 2754 1290 2805 te
1315 2732 1491 2823 fuit,
1523 2730 1785 2805 occisus
1813 2759 1970 2803 sum
1990 2789 2010 2823 ‚
2047 2751 2112 2803 et
2138 2758 2303 2830 gra-

204 2848 502 2921 vissimis
530 2848 818 2947 quidem
851 2849 1234 2922 tormentis.
1264 2850 1507 2947 Neque
1536 2869 1639 2921 est
1659 2906 1677 2939 ‚
1708 2848 1897 2946 quod
1928 2868 2305 2947 pauperta-

207 2986 348 3037 tem
382 2991 692 3037 excuses:
721 2966 1038 3065 impietas
1071 2965 1240 3039 fuit:
1280 2964 1612 3037 moraris:
1642 2985 1707 3035 et
1734 2964 1905 3063 quid
1939 2962 2198 3035 facis2?
2227 2942 2305 3037 ut

204 3080 432 3153 sciam
459 3106 604 3152 non
628 3081 927 3155 otiosum
945 3138 964 3174 ‚
999 3108 1291 3154 accusas.
1323 3083 1478 3154 Hoc
1504 3081 1736 3155 vacat?
1762 3100 1833 3153 et
1858 3106 2075 3179 quam
2104 3106 2307 3153 accu-

207 3196 368 3271 sas?
419 3223 709 3270 uxorem
753 3224 986 3271 meam
1018 3227 1032 3270 :
1083 3197 1477 3299 sepulcrum
1498 3255 1517 3289 ,
1564 3196 1796 3297 inquit
1815 3254 1835 3289 ,
1869 3196 2247 3269 violaverat
2283 3224 2299 3267 :

212 3312 390 3410 quid
420 3314 508 3385 ad
541 3315 647 3386 te?
679 3342 836 3387 mea
865 3313 1126 3415 injuria
1155 3335 1253 3387 est
1278 3344 1296 3403 ;
1328 3340 1457 3412 ego
1474 3312 1881 3387 vindicabo:
1911 3310 2029 3383 sed
2058 3336 2147 3381 ne
2174 3336 2303 3409 ego

213 3428 504 3531 quidem
529 3428 784 3503 debeo:
815 3440 992 3503 recte
1014 3429 1306 3502 violavit.
1329 3429 1424 3502 Ut
1442 3428 1643 3519 scias,
1672 3426 1932 3527 inquit,
1955 3450 2301 3523 peccasse,

292 3616 339 3651 ι.
371 3598 668 3672 Antequam
704 3598 1056 3670 parricidium.
1099 3598 1216 3651 An·
1297 3595 1994 3668 interimapt‘ratt'soccimm.
2016 3592 2301 3665 Quidpost-

213 3692 425 3751 tequam
442 3678 782 3750 parricidium
797 3678 1217 3750 objiciamfl’ner-
1294 3679 1394 3727 ea?
1430 3673 1653 3747 sepulcr-i
1690 3672 1877 3725 violati
1915 3690 2157 3724 accusas:
2204 3672 2301 3722 hoc

215 3762 346 3813 tiam
374 3760 556 3831 οἱῇἰσίο
573 3798 592 3827 ,
619 3759 795 3812 AErod.
818 3790 891 3800 —
913 3760 1218 3812 Βωηαηείςεί
1295 3754 1493 3805 adeone
1510 3764 1675 3805 vacat.
1701 3754 1910 3822 Anceps
1932 3763 1983 3801 et
2004 3748 2301 3821 periculosa

215 3851 275 3891 ut
294 3838 573 3893 redimens.
595 3840 679 3892 Ne
697 3838 972 3891 redimeres.
997 3838 1213 3891 Senum.
1296 3831 1406 3884 baec
1422 3830 1717 3902 corrigendi
1734 3832 1885 3882 ratio.
1904 3830 2169 3881 Fortasse:
2186 3829 2299 3880 Mo-

217 3920 346 3981 Rem
369 3918 590 3985 auxisti,
613 3917 792 3971 AErod.
1300 3914 1426 3966 raris
1441 3934 1459 3964 .·
1483 3923 1534 3963 et
1552 3912 1851 3984 quidfucis,
1873 3921 1931 3961 ut
1948 3910 2103 3960 sciam
2126 3919 2175 3960 te
2192 3923 2301 3960 non

294 4013 344 4049 a.
391 3997 645 4051 Mor-aris.-
693 4008 746 4049 et
781 3996 912 4069 quid
938 3995 1124 4067 facis?
1163 4005 1224 4045 ut
1301 3990 1810 4054 otiosummocusas,
1828 3986 1925 4038 hoc
1940 3986 2297 4037 vacat?Gn01‹.

219 4077 378 4132 sciam
401 4077 638 4128 occisum.
665 4074 939 4127 AErodius:
965 4070 1219 4125 Mor-aris.-
1309 4072 1379 4123 Ut
1406 4072 1565 4123 sciam
1592 4088 1701 4127 non
1726 4068 1947 4124 otiosum
1962 4104 1981 4135 ,
2014 4064 2213 4121 schulz.
2246 4076 2302 4119 et

221 4158 310 4213 sed
337 4158 407 4209 ad
429 4157 563 4230 quid
589 4157 684 4210 hoc
699 4156 878 4227 facis?
903 4166 962 4207 ut
990 4152 1116 4207 scias
1142 4170 1225 4203 me
1301 4148 1557 4206 Obrecht.
1784 4180 1793 4189 ·

433 4246 486 4299 ὃ.
1950 4238 2013 4289 3ι
