2855 4871
578 414 727 485 ,230
1105 410 1201 473 M„
1248 407 1506 473 FABII
1547 406 2208 490 QUINTILIANI·

1294 622 1996 689 DECLAMATIO.

696 794 845 883 QUI
870 813 959 865 AB
984 811 1219 865 HOSTE
1244 810 1720 864 PROVOCATUS
1743 810 1900 864 NON
1925 810 2412 884 PUGNAV'ERIT,
2438 812 2698 867 CAPlTE

596 928 988 984 PUNJATUR.
1040 912 1124 981 In
1155 908 1493 981 omnibus
1527 907 1818 1006 quidem
1849 907 2116 1006 legibus
2150 908 2374 980 solam
2405 913 2698 1009 spectari
2803 902 2805 969 Ϊ

598 1046 873 1125 oportet
918 1022 1278 1096 scribentis
1308 1022 1738 1095 voluntatem
1777 1048 1792 1092 ε
1835 1022 2043 1093 verba
2082 1021 2274 1093 enim
2316 1024 2695 1123 ambigua,

598 1139 759 1213 etin
781 1140 1017 1239 plures
1032 1138 1430 1212 intellectus
1455 1136 1660 1210 ducta
1679 1150 1892 1209 sunt¹:
1915 1136 2442 1209 scribendarum
2457 1138 2696 1237 legum

600 1280 849 1347 causa,
883 1254 1200 1327 voluntas
1227 1253 1366 1325 fuit
1396 1282 1411 1325 ε
1449 1279 1612 1352 ergo
1647 1252 1718 1324 id
1754 1279 1981 1323 unum
2013 1254 2301 1352 spectari
2333 1257 2694 1345 convenit,
2805 1348 2807 1355 Ι

596 1392 879 1471 propter
922 1366 1112 1468 quod
1154 1368 1419 1467 scriptae
1465 1389 1649 1441 sunt.
1685 1367 1920 1468 Hujus
1971 1388 2201 1439 autem
2252 1368 2426 1467 legis
2457 1370 2694 1457 maui-
2805 1356 2807 1421 Ᾰ

596 1488 853 1561 festum
893 1501 1026 1575 est,
1066 1484 1247 1557 hanc
1282 1484 1716 1557 voluntatem
1754 1509 1934 1575 esse,
1977 1483 2076 1556 uti
2123 1484 2481 1599 puniatur,
2519 1512 2696 1584 quo-

595 1603 723 1677 ties
748 1602 1203 1713 commissum
1230 1621 1362 1690 est,
1396 1621 1681 1701 propter
1710 1598 1901 1697 quod
1925 1600 2295 1672 constituta
2322 1628 2528 1699 poena
2557 1624 2690 1675 est:

596 1744 1106 1819 supervacuum
1134 1718 1711 1818 supplementum
1735 1737 1855 1789 est.
1877 1718 1974 1789 Ut
2001 1735 2242 1789 contra
2262 1716 2518 1790 verba
2497 1738 2692 1790 mter-

596 1832 887 1933 pretatio
926 1853 1280 1931 sequatur,
1325 1830 1594 1930 aliquid
1634 1832 2039 1929 frequenter
2080 1830 2391 1903 accidere
2437 1850 2687 1930 potest,

594 1974 822 2049 quum
853 1945 926 2017 in
960 1946 1112 2017 aliis
1143 1945 1440 2045 legibus»,
1469 1966 1622 2017 tum
1658 1944 1730 2015 in
1761 1942 1892 2017 hac
1919 1944 2262 2044 praecipue
2291 1971 2306 2014 :
2339 1946 2686 2045 fingamus

598 2064 789 2137 enim
826 2063 915 2136 ab
946 2062 1139 2135 hoste
1173 2082 1627 2161 provocatum
1662 2060 1972 2161 aliquem
2001 2087 2306 2159 aegrum:
2344 2060 2685 2160 fingamus

596 2202 1044 2281 provocatum
1062 2207 1254 2270 eum,
1271 2180 1395 2277 qui
1414 2178 1732 2278 proximo
1745 2178 1981 2277 praelio
1997 2178 2398 2251 debilitatus
2418 2180 2506 2252 sit
2517 2210 2537 2269 ;
2567 2181 2686 2252 fin-

596 2321 847 2395 gamus
876 2320 1019 2366 esse
1047 2312 1532 2393 provocatum,
1557 2319 1774 2393 quem
1799 2292 2270 2391 imperatorin
2294 2293 2508 2365 aliam
2537 2322 2684 2395 par-

477 2477 483 2492 ,
596 2429 739 2482 tem
755 2406 1209 2508 expeditionis
1225 2406 1323 2481 ire
1334 2406 1363 2508 j
1377 2408 1644 2482 usserit:
1665 2408 1972 2509 profecto
1990 2409 2312 2484 adversus
2329 2412 2681 2484 neminem

596 2525 854 2598 horum
897 2523 1079 2596 actio
1110 2550 1191 2596 ex
1230 2523 1360 2596 hac
1394 2525 1546 2623 lege
1581 2523 1878 2596 dabitur.
1922 2525 2137 2626 Atqui
2177 2527 2356 2599 mihi
2395 2515 2556 2600 sati's
2589 2551 2683 2599 est

598 2641 911 2734 efficere,
943 2660 1023 2713 ut
1056 2639 1266 2712 alicui
1300 2667 1446 2713 non
1480 2667 1794 2740 pugnare
1829 2641 2074 2726 liceat:
2111 2669 2280 2713 nam
2313 2643 2370 2715 si
2407 2643 2536 2716 ulli
2567 2669 2680 2742 po-

595 2776 725 2829 test
755 2755 906 2829 dari
938 2755 1086 2828 haeo
1112 2755 1314 2830 venia
1335 2813 1353 2844 ‚
1389 2783 1534 2828 non
1572 2754 2030 2860 dubitabitur,
2061 2757 2234 2855 quin
2264 2757 2442 2858 patri
2467 2758 2672 2843 detur.

596 2873 734 2946 Sed
766 2895 1141 2973 antequam
1185 2895 1509 2954 naturam
1543 2873 1877 2965 defendo,
1923 2875 2354 2975 imperatoris
2383 2878 2543 2949 volo
2571 2877 2676 2949 de-

596 2987 879 3058 fendere
918 2987 1333 3087 dignitatem
1366 3017 1380 3060 ε
1418 2989 1764 3063 contendo
1805 2991 1986 3062 hanc
2026 2990 2258 3090 legem
2305 2990 2399 3063 ad
2439 2991 2675 3064 milites

598 3101 981 3199 pertinet-1³3
1022 3103 1334 3200 primum
1366 3104 1557 3203 quod
1595 3104 1774 3176 inter
1804 3104 1931 3178 hos
1966 3106 2108 3178 fere
2142 3106 2535 3204 provocatio
2565 3105 2674 3192 εἰς

598 3214 853 3287 deinde
902 3217 1242 3313 quoniam
1285 3218 1698 3317 legumlator
1746 3247 2140 3318 numquam
2191 3221 2501 3321 profecto
2543 3241 2670 3294 tam

494 3425 505 3436 Ι
600 3330 924 3430 iniquus²
980 3330 1152 3422 fuit,
1204 3353 1279 3404 ut
1327 3333 1701 3432 periclitari
1749 3361 1830 3407 ex
1875 3357 2123 3408 eventu
2170 3362 2432 3436 pugnae
2480 3335 2668 3406 unius

676 3507 719 3542 Ι.
742 3491 915 3544 Ducta
940 3502 1075 3542 sunt.
1110 3493 1229 3546 scil.
1260 3492 1329 3546 ab
1359 3493 1601 3548 adversa·
1681 3514 1804 3550 cum
1835 3497 2044 3567 Bipont.
2079 3497 2176 3562 Eo.
2201 3526 2274 3536 —-
2310 3497 2480 3550 Unius
2501 3498 2664 3549 civita-

596 3573 703 3624 riis.
725 3573 805 3622 An
824 3571 1076 3624 ductilia?
1094 3591 1159 3625 an
1178 3574 1368 3627 dubia?
1388 3595 1456 3628 an
1481 3577 1604 3629 duci
1683 3587 1783 3627 tem
1833 3592 2189 3646 summamque
2233 3576 2540 3648 oeipublicoe.
2583 3575 2664 3626 Su·

593 3651 1221 3723 possuntPScunvr.—Ut
1232 3664 1411 3707 contra
1430 3657 1597 3707 verba.
1681 3654 1858 3724 spicor
1893 3655 2162 3724 scripsisse
2201 3667 2506 3720 auctorem,
2547 3669 2662 3704 sum-

598 3731 771 3800 Quum
807 3741 984 3780 contra
1003 3765 1022 3793 ‚
1061 3730 1208 3790 uerba
1248 3731 1599 3806 interpretatio
1680 3751 1925 3806 mamque
1955 3733 2330 3806 rempublicam
2359 3733 2528 3787 vellet.
2549 3729 2658 3781 Vide

593 3819 860 3881 sequutum
876 3809 977 3860 πίςὶ
992 3808 1147 3860 aliter
1163 3809 1603 3884 quidfrequenter
1679 3811 1748 3863 ad
1767 3811 1995 3876 Livium,
2016 3811 2106 3864 lib.
2127 3812 2326 3878 XXVI,
2348 3831 2430 3866 10.
2447 3813 2654 3865 Gnosov.

594 3887 822 3939 accidere
844 3896 1037 3958 potest‚·
1064 3898 1122 3938 ut
1144 3905 1329 3958 quum,
1356 3902 1457 3941 etc.
1482 3892 1597 3941 Scit.
1681 3921 1748 3930 ·—
1768 3889 1914 3942 Inter
1929 3891 2232 3963 proeci'puas.
2257 3893 2426 3964 Lege,
2447 3893 2573 3944 inter
2584 3903 2654 3959 pr·

669 3983 716 4016 2.
736 3967 1043 4037 Numquam
1054 3965 1289 4037 profecto
1304 3977 1411 4018 tam
1431 3968 1604 4020 inimi·
1679 3969 1888 4022 virtutes
1908 3981 1980 4022 est
2003 3971 2402 4040 imperatorum,
2427 3988 2526 4022 nou
2541 3983 2653 4041 puy-

596 4057 699 4093 ως.
720 4044 857 4114 Lege
874 4057 934 4094 ut
953 4059 1142 4115 supra,
1160 4043 1305 4094 Deol.
1322 4045 1597 4098 cccxffl·
1680 4069 1806 4101 nare
1827 4049 2132 4124 aliquando.
2159 4050 2280 4103 Sive
2301 4051 2492 4114 mavis,
2513 4049 2654 4118 impe-

605 4139 629 4176 ο.
644 4121 773 4172 Tam
787 4125 1067 4196 iniquus;·
1092 4123 1240 4194 quod
1252 4137 1305 4177 et
1316 4125 1598 4181 maluimus
1679 4132 1892 4197 ναίονὶς,
1915 4145 2006 4184 aut
2029 4131 2406 4204 imperatorias.
2427 4131 2575 4186 Gnou
