<?xml version="1.0" encoding="UTF-8"?>
<!DOCTYPE html PUBLIC "-//W3C//DTD XHTML 1.0 Transitional//EN"
    "http://www.w3.org/TR/xhtml1/DTD/xhtml1-transitional.dtd">
<html xmlns="http://www.w3.org/1999/xhtml" xml:lang="en" lang="en">
 <head>
  <title>
</title>
<meta http-equiv="Content-Type" content="text/html;charset=utf-8" />
  <meta name='ocr-system' content='tesseract 3.04.00' />
  <meta name='ocr-capabilities' content='ocr_page ocr_carea ocr_par ocr_line ocrx_word'/>
</head>
<body>
  <div class='ocr_page' id='page_1' title='image "./marcusfabiusqui06spalgoog_0407.png"; bbox 0 0 2855 4871; ppageno 0'>
   <div class='ocr_carea' id='block_1_1' title="bbox 635 422 2216 506">
    <p class='ocr_par' dir='ltr' id='par_1_1' title="bbox 635 422 2216 506">
     <span class='ocr_line' id='line_1_1' title="bbox 635 422 2216 506; baseline -0.004 -12"><span class='ocrx_word' id='word_1_1' title='bbox 635 429 759 506; x_wconf 72' lang='lat'><strong>402</strong></span> <span class='ocrx_word' id='word_1_2' title='bbox 1139 425 1233 487; x_wconf 87' lang='lat' dir='ltr'><strong>M.</strong></span> <span class='ocrx_word' id='word_1_3' title='bbox 1281 423 1530 487; x_wconf 74' lang='lat' dir='ltr'><strong>FABn</strong></span> <span class='ocrx_word' id='word_1_4' title='bbox 1574 422 2216 505; x_wconf 74' lang='lat' dir='ltr'><strong>QUINTlLlAM</strong></span> 
     </span>
    </p>
   </div>
   <div class='ocr_carea' id='block_1_2' title="bbox 615 547 2721 2036">
    <p class='ocr_par' dir='ltr' id='par_1_2' title="bbox 615 547 2721 2036">
     <span class='ocr_line' id='line_1_2' title="bbox 629 547 2720 648; baseline 0.001 -26"><span class='ocrx_word' id='word_1_5' title='bbox 629 577 775 622; x_wconf 87' lang='lat' dir='ltr'><strong>non</strong></span> <span class='ocrx_word' id='word_1_6' title='bbox 807 549 1278 639; x_wconf 83' lang='lat' dir='ltr'><strong>transtulisset,</strong></span> <span class='ocrx_word' id='word_1_7' title='bbox 1305 547 1678 646; x_wconf 77' lang='lat' dir='ltr'><strong>exigendi13</strong></span> <span class='ocrx_word' id='word_1_8' title='bbox 1700 548 1795 620; x_wconf 89' lang='lat' dir='ltr'><strong>sic</strong></span> <span class='ocrx_word' id='word_1_9' title='bbox 1824 576 2107 648; x_wconf 89' lang='lat' dir='ltr'><strong>quoque</strong></span> <span class='ocrx_word' id='word_1_10' title='bbox 2134 550 2283 622; x_wconf 89' lang='lat' dir='ltr'><strong>sine</strong></span> <span class='ocrx_word' id='word_1_11' title='bbox 2310 549 2539 623; x_wconf 87' lang='lat' dir='ltr'><strong>dubio</strong></span> <span class='ocrx_word' id='word_1_12' title='bbox 2567 575 2720 624; x_wconf 82' lang='lat' dir='ltr'><strong>esset</strong></span> 
     </span>
     <span class='ocr_line' id='line_1_3' title="bbox 626 662 2721 765; baseline 0.001 -29"><span class='ocrx_word' id='word_1_13' title='bbox 626 687 858 737; x_wconf 84' lang='lat' dir='ltr'><strong>nostra</strong></span> <span class='ocrx_word' id='word_1_14' title='bbox 905 691 1106 736; x_wconf 86' lang='lat' dir='ltr'><strong>causa</strong></span> <span class='ocrx_word' id='word_1_15' title='bbox 1151 663 1440 735; x_wconf 89' lang='lat' dir='ltr'><strong>melior:</strong></span> <span class='ocrx_word' id='word_1_16' title='bbox 1484 662 1606 734; x_wconf 90' lang='lat' dir='ltr'><strong>sed</strong></span> <span class='ocrx_word' id='word_1_17' title='bbox 1649 683 1887 734; x_wconf 83' lang='lat' dir='ltr'><strong>tamen</strong></span> <span class='ocrx_word' id='word_1_18' title='bbox 1930 663 2277 736; x_wconf 87' lang='lat' dir='ltr'><strong>videretur</strong></span> <span class='ocrx_word' id='word_1_19' title='bbox 2322 666 2413 737; x_wconf 91' lang='lat' dir='ltr'><strong>de</strong></span> <span class='ocrx_word' id='word_1_20' title='bbox 2458 693 2537 738; x_wconf 91' lang='lat' dir='ltr'><strong>re</strong></span> <span class='ocrx_word' id='word_1_21' title='bbox 2594 667 2721 765; x_wconf 82' lang='lat' dir='ltr'><strong>ipsa</strong></span> 
     </span>
     <span class='ocr_line' id='line_1_4' title="bbox 617 777 2719 870; baseline 0.001 -20"><span class='ocrx_word' id='word_1_22' title='bbox 617 805 770 850; x_wconf 69' lang='lat' dir='ltr'><strong>esse</strong></span> <span class='ocrx_word' id='word_1_23' title='bbox 808 778 1178 850; x_wconf 89' lang='lat' dir='ltr'><strong>contentio.</strong></span> <span class='ocrx_word' id='word_1_24' title='bbox 1221 781 1429 850; x_wconf 86' lang='lat' dir='ltr'><strong>Nunc</strong></span> <span class='ocrx_word' id='word_1_25' title='bbox 1472 778 1579 848; x_wconf 86' lang='lat' dir='ltr'><strong>lex</strong></span> <span class='ocrx_word' id='word_1_26' title='bbox 1618 777 1752 848; x_wconf 89' lang='lat' dir='ltr'><strong>hoc</strong></span> <span class='ocrx_word' id='word_1_27' title='bbox 1790 778 2134 870; x_wconf 85' lang='lat' dir='ltr'><strong>continet,</strong></span> <span class='ocrx_word' id='word_1_28' title='bbox 2172 802 2253 852; x_wconf 84' lang='lat' dir='ltr'><strong>ut</strong></span> <span class='ocrx_word' id='word_1_29' title='bbox 2290 807 2441 852; x_wconf 89' lang='lat' dir='ltr'><strong>rem</strong></span> <span class='ocrx_word' id='word_1_30' title='bbox 2482 803 2719 853; x_wconf 85' lang='lat' dir='ltr'><strong>tenea-</strong></span> 
     </span>
     <span class='ocr_line' id='line_1_5' title="bbox 622 894 2715 995; baseline 0.002 -29"><span class='ocrx_word' id='word_1_31' title='bbox 622 923 820 984; x_wconf 67' lang='lat' dir='ltr'><strong>mm,</strong></span> <span class='ocrx_word' id='word_1_32' title='bbox 855 923 1008 994; x_wconf 85' lang='lat' dir='ltr'><strong>quae</strong></span> <span class='ocrx_word' id='word_1_33' title='bbox 1050 894 1378 967; x_wconf 88' lang='lat' dir='ltr'><strong>translata</strong></span> <span class='ocrx_word' id='word_1_34' title='bbox 1414 914 1547 984; x_wconf 88' lang='lat' dir='ltr'><strong>est,</strong></span> <span class='ocrx_word' id='word_1_35' title='bbox 1588 921 1742 990; x_wconf 85' lang='lat' dir='ltr'><strong>quae</strong></span> <span class='ocrx_word' id='word_1_36' title='bbox 1780 897 2081 992; x_wconf 86' lang='lat' dir='ltr'><strong>professa</strong></span> <span class='ocrx_word' id='word_1_37' title='bbox 2126 923 2269 968; x_wconf 90' lang='lat' dir='ltr'><strong>non</strong></span> <span class='ocrx_word' id='word_1_38' title='bbox 2314 912 2509 970; x_wconf 83' lang='lat' dir='ltr'><strong>est²:</strong></span> <span class='ocrx_word' id='word_1_39' title='bbox 2564 901 2715 995; x_wconf 84' lang='lat' dir='ltr'><strong>quid</strong></span> 
     </span>
     <span class='ocr_line' id='line_1_6' title="bbox 617 1009 2717 1110; baseline 0.002 -28"><span class='ocrx_word' id='word_1_40' title='bbox 617 1012 933 1102; x_wconf 79' lang='lat' dir='ltr'><strong>interest,</strong></span> <span class='ocrx_word' id='word_1_41' title='bbox 955 1013 1112 1110; x_wconf 88' lang='lat' dir='ltr'><strong>quis</strong></span> <span class='ocrx_word' id='word_1_42' title='bbox 1135 1013 1477 1110; x_wconf 87' lang='lat' dir='ltr'><strong>professus</strong></span> <span class='ocrx_word' id='word_1_43' title='bbox 1503 1037 1644 1082; x_wconf 91' lang='lat' dir='ltr'><strong>non</strong></span> <span class='ocrx_word' id='word_1_44' title='bbox 1669 1009 1793 1081; x_wconf 86' lang='lat' dir='ltr'><strong>sit?</strong></span> <span class='ocrx_word' id='word_1_45' title='bbox 1816 1011 2019 1084; x_wconf 87' lang='lat' dir='ltr'><strong>nohis</strong></span> <span class='ocrx_word' id='word_1_46' title='bbox 2040 1041 2143 1084; x_wconf 88' lang='lat' dir='ltr'><strong>res</strong></span> <span class='ocrx_word' id='word_1_47' title='bbox 2166 1014 2393 1086; x_wconf 87' lang='lat' dir='ltr'><strong>dedita</strong></span> <span class='ocrx_word' id='word_1_48' title='bbox 2418 1037 2525 1087; x_wconf 87' lang='lat' dir='ltr'><strong>est</strong></span> <span class='ocrx_word' id='word_1_49' title='bbox 2548 1045 2569 1100; x_wconf 92' lang='lat'>;</span> <span class='ocrx_word' id='word_1_50' title='bbox 2596 1015 2717 1087; x_wconf 84' lang='lat' dir='ltr'><strong>haec</strong></span> 
     </span>
     <span class='ocr_line' id='line_1_7' title="bbox 616 1125 2715 1229; baseline 0.002 -30"><span class='ocrx_word' id='word_1_51' title='bbox 616 1129 915 1229; x_wconf 80' lang='lat' dir='ltr'><strong>dejure.</strong></span> <span class='ocrx_word' id='word_1_52' title='bbox 951 1125 1084 1198; x_wconf 88' lang='lat' dir='ltr'><strong>Sed</strong></span> <span class='ocrx_word' id='word_1_53' title='bbox 1103 1127 1223 1228; x_wconf 88' lang='lat' dir='ltr'><strong>jus</strong></span> <span class='ocrx_word' id='word_1_54' title='bbox 1247 1127 1483 1224; x_wconf 88' lang='lat' dir='ltr'><strong>ipsum</strong></span> <span class='ocrx_word' id='word_1_55' title='bbox 1520 1126 1851 1224; x_wconf 86' lang='lat' dir='ltr'><strong>iniquum</strong></span> <span class='ocrx_word' id='word_1_56' title='bbox 1884 1147 2021 1197; x_wconf 85' lang='lat' dir='ltr'><strong>est:</strong></span> <span class='ocrx_word' id='word_1_57' title='bbox 2058 1127 2197 1199; x_wconf 87' lang='lat' dir='ltr'><strong>alio</strong></span> <span class='ocrx_word' id='word_1_58' title='bbox 2226 1155 2339 1199; x_wconf 89' lang='lat' dir='ltr'><strong>me</strong></span> <span class='ocrx_word' id='word_1_59' title='bbox 2364 1155 2578 1203; x_wconf 88' lang='lat' dir='ltr'><strong>vocas</strong></span> <span class='ocrx_word' id='word_1_60' title='bbox 2600 1191 2619 1222; x_wconf 94' lang='lat'><strong>,</strong></span> <span class='ocrx_word' id='word_1_61' title='bbox 2646 1132 2715 1202; x_wconf 85' lang='lat' dir='ltr'><strong>de</strong></span> 
     </span>
     <span class='ocr_line' id='line_1_8' title="bbox 615 1239 2715 1340; baseline 0.001 -26"><span class='ocrx_word' id='word_1_62' title='bbox 615 1242 758 1314; x_wconf 82' lang='lat' dir='ltr'><strong>alio</strong></span> <span class='ocrx_word' id='word_1_63' title='bbox 785 1242 1127 1340; x_wconf 82' lang='lat' dir='ltr'><strong>quereris:</strong></span> <span class='ocrx_word' id='word_1_64' title='bbox 1163 1240 1276 1312; x_wconf 88' lang='lat' dir='ltr'><strong>dic</strong></span> <span class='ocrx_word' id='word_1_65' title='bbox 1301 1239 1485 1312; x_wconf 89' lang='lat' dir='ltr'><strong>istud</strong></span> <span class='ocrx_word' id='word_1_66' title='bbox 1512 1239 1943 1337; x_wconf 85' lang='lat' dir='ltr'><strong>reipublicae,</strong></span> <span class='ocrx_word' id='word_1_67' title='bbox 1970 1241 2085 1313; x_wconf 89' lang='lat' dir='ltr'><strong>dic</strong></span> <span class='ocrx_word' id='word_1_68' title='bbox 2109 1243 2410 1333; x_wconf 87' lang='lat' dir='ltr'><strong>senatui,</strong></span> <span class='ocrx_word' id='word_1_69' title='bbox 2436 1245 2561 1316; x_wconf 84' lang='lat' dir='ltr'><strong>dic</strong></span> <span class='ocrx_word' id='word_1_70' title='bbox 2590 1273 2715 1317; x_wconf 89' lang='lat' dir='ltr'><strong>ma·</strong></span> 
     </span>
     <span class='ocr_line' id='line_1_9' title="bbox 621 1354 2711 1458; baseline 0.002 -30"><span class='ocrx_word' id='word_1_71' title='bbox 621 1358 968 1456; x_wconf 79' lang='lat' dir='ltr'><strong>gistratui:</strong></span> <span class='ocrx_word' id='word_1_72' title='bbox 1013 1356 1331 1427; x_wconf 83' lang='lat' dir='ltr'><strong>aerarium</strong></span> <span class='ocrx_word' id='word_1_73' title='bbox 1365 1357 1441 1426; x_wconf 89' lang='lat' dir='ltr'><strong>P.</strong></span> <span class='ocrx_word' id='word_1_74' title='bbox 1472 1357 1554 1426; x_wconf 88' lang='lat' dir='ltr'><strong>R.</strong></span> <span class='ocrx_word' id='word_1_75' title='bbox 1582 1354 2033 1454; x_wconf 78' lang='lat' dir='ltr'><strong>vectigalibus</strong></span> <span class='ocrx_word' id='word_1_76' title='bbox 2076 1357 2332 1457; x_wconf 89' lang='lat' dir='ltr'><strong>iniquis</strong></span> <span class='ocrx_word' id='word_1_77' title='bbox 2373 1360 2711 1458; x_wconf 87' lang='lat' dir='ltr'><strong>repletur;</strong></span> 
     </span>
     <span class='ocr_line' id='line_1_10' title="bbox 619 1470 2711 1568; baseline 0.002 -26"><span class='ocrx_word' id='word_1_78' title='bbox 619 1492 687 1542; x_wconf 87' lang='lat' dir='ltr'><strong>et</strong></span> <span class='ocrx_word' id='word_1_79' title='bbox 713 1470 1104 1568; x_wconf 86' lang='lat' dir='ltr'><strong>spoliantur</strong></span> <span class='ocrx_word' id='word_1_80' title='bbox 1137 1470 1538 1568; x_wconf 85' lang='lat' dir='ltr'><strong>provinciae,</strong></span> <span class='ocrx_word' id='word_1_81' title='bbox 1569 1490 1634 1541; x_wconf 90' lang='lat' dir='ltr'><strong>et</strong></span> <span class='ocrx_word' id='word_1_82' title='bbox 1658 1471 2013 1543; x_wconf 88' lang='lat' dir='ltr'><strong>sublatum</strong></span> <span class='ocrx_word' id='word_1_83' title='bbox 2050 1474 2559 1546; x_wconf 85' lang='lat' dir='ltr'><strong>commercium</strong></span> <span class='ocrx_word' id='word_1_84' title='bbox 2596 1497 2711 1547; x_wconf 88' lang='lat' dir='ltr'><strong>est:</strong></span> 
     </span>
     <span class='ocr_line' id='line_1_11' title="bbox 618 1584 2712 1688; baseline 0.002 -31"><span class='ocrx_word' id='word_1_85' title='bbox 618 1613 746 1658; x_wconf 89' lang='lat' dir='ltr'><strong>nos</strong></span> <span class='ocrx_word' id='word_1_86' title='bbox 799 1585 1262 1656; x_wconf 87' lang='lat' dir='ltr'><strong>conduximus</strong></span> <span class='ocrx_word' id='word_1_87' title='bbox 1315 1584 1430 1675; x_wconf 89' lang='lat' dir='ltr'><strong>id,</strong></span> <span class='ocrx_word' id='word_1_88' title='bbox 1486 1585 1677 1683; x_wconf 89' lang='lat' dir='ltr'><strong>quod</strong></span> <span class='ocrx_word' id='word_1_89' title='bbox 1722 1585 2092 1658; x_wconf 81' lang='lat' dir='ltr'>Iocabatur.</span> <span class='ocrx_word' id='word_1_90' title='bbox 2142 1589 2277 1660; x_wconf 90' lang='lat' dir='ltr'><strong>Sed</strong></span> <span class='ocrx_word' id='word_1_91' title='bbox 2326 1590 2712 1688; x_wconf 82' lang='lat' dir='ltr'><strong>respublica</strong></span> 
     </span>
     <span class='ocr_line' id='line_1_12' title="bbox 618 1701 2709 1803; baseline 0.002 -31"><span class='ocrx_word' id='word_1_92' title='bbox 618 1729 898 1800; x_wconf 88' lang='lat' dir='ltr'><strong>quoque</strong></span> <span class='ocrx_word' id='word_1_93' title='bbox 916 1758 935 1790; x_wconf 90' lang='lat'><strong>,</strong></span> <span class='ocrx_word' id='word_1_94' title='bbox 957 1729 1120 1774; x_wconf 89' lang='lat' dir='ltr'><strong>cum</strong></span> <span class='ocrx_word' id='word_1_95' title='bbox 1145 1729 1286 1800; x_wconf 91' lang='lat' dir='ltr'><strong>qua</strong></span> <span class='ocrx_word' id='word_1_96' title='bbox 1305 1701 1504 1800; x_wconf 88' lang='lat' dir='ltr'><strong>queri</strong></span> <span class='ocrx_word' id='word_1_97' title='bbox 1530 1702 1811 1799; x_wconf 84' lang='lat' dir='ltr'><strong>poteris,</strong></span> <span class='ocrx_word' id='word_1_98' title='bbox 1835 1703 2044 1774; x_wconf 87' lang='lat' dir='ltr'><strong>hahet</strong></span> <span class='ocrx_word' id='word_1_99' title='bbox 2060 1704 2249 1801; x_wconf 90' lang='lat' dir='ltr'><strong>quod</strong></span> <span class='ocrx_word' id='word_1_100' title='bbox 2276 1705 2709 1803; x_wconf 62' lang='lat' dir='ltr'><strong>respondeam</strong></span> 
     </span>
     <span class='ocr_line' id='line_1_13' title="bbox 619 1817 2713 1917; baseline 0.001 -29"><span class='ocrx_word' id='word_1_101' title='bbox 619 1818 932 1916; x_wconf 89' lang='lat' dir='ltr'><strong>primum</strong></span> <span class='ocrx_word' id='word_1_102' title='bbox 968 1817 1183 1905; x_wconf 90' lang='lat' dir='ltr'><strong>illud,</strong></span> <span class='ocrx_word' id='word_1_103' title='bbox 1223 1817 1605 1888; x_wconf 87' lang='lat' dir='ltr'><strong>necessaria</strong></span> <span class='ocrx_word' id='word_1_104' title='bbox 1640 1843 1782 1888; x_wconf 89' lang='lat' dir='ltr'><strong>esse</strong></span> <span class='ocrx_word' id='word_1_105' title='bbox 1814 1819 2179 1917; x_wconf 81' lang='lat' dir='ltr'><strong>vectigalia</strong></span> <span class='ocrx_word' id='word_1_106' title='bbox 2206 1820 2499 1908; x_wconf 80' lang='lat' dir='ltr'><strong>civitati3</strong></span> <span class='ocrx_word' id='word_1_107' title='bbox 2528 1847 2713 1892; x_wconf 78' lang='lat' dir='ltr'><strong>exer-</strong></span> 
     </span>
     <span class='ocr_line' id='line_1_14' title="bbox 616 1933 2711 2036; baseline 0 -30"><span class='ocrx_word' id='word_1_108' title='bbox 616 1934 792 2007; x_wconf 89' lang='lat' dir='ltr'><strong>citus</strong></span> <span class='ocrx_word' id='word_1_109' title='bbox 818 1933 1248 2033; x_wconf 81' lang='lat' dir='ltr'><strong>stipendium</strong></span> <span class='ocrx_word' id='word_1_110' title='bbox 1278 1934 1667 2032; x_wconf 83' lang='lat' dir='ltr'><strong>accipiunt3</strong></span> <span class='ocrx_word' id='word_1_111' title='bbox 1696 1934 1880 2006; x_wconf 89' lang='lat' dir='ltr'><strong>bella</strong></span> <span class='ocrx_word' id='word_1_112' title='bbox 1908 1936 2215 2034; x_wconf 84' lang='lat' dir='ltr'><strong>quotidie</strong></span> <span class='ocrx_word' id='word_1_113' title='bbox 2240 1959 2587 2036; x_wconf 78' lang='lat' dir='ltr'><strong>geruntur</strong></span> <span class='ocrx_word' id='word_1_114' title='bbox 2608 1937 2711 2008; x_wconf 87' lang='lat' dir='ltr'><strong>ad-</strong></span> 
     </span>
    </p>
   </div>
   <div class='ocr_carea' id='block_1_3' title="bbox 613 2047 2820 2148">
    <p class='ocr_par' dir='ltr' id='par_1_3' title="bbox 613 2047 2820 2148">
     <span class='ocr_line' id='line_1_15' title="bbox 613 2047 2820 2148; baseline 0 -28"><span class='ocrx_word' id='word_1_115' title='bbox 613 2075 846 2121; x_wconf 83' lang='lat' dir='ltr'><strong>versus</strong></span> <span class='ocrx_word' id='word_1_116' title='bbox 884 2049 1208 2121; x_wconf 90' lang='lat' dir='ltr'><strong>barbaras</strong></span> <span class='ocrx_word' id='word_1_117' title='bbox 1247 2069 1316 2120; x_wconf 89' lang='lat' dir='ltr'><strong>et</strong></span> <span class='ocrx_word' id='word_1_118' title='bbox 1354 2047 1911 2120; x_wconf 85' lang='lat' dir='ltr'><strong>bellicosissimas</strong></span> <span class='ocrx_word' id='word_1_119' title='bbox 1952 2071 2226 2148; x_wconf 78' lang='lat' dir='ltr'><strong>gentes3</strong></span> <span class='ocrx_word' id='word_1_120' title='bbox 2271 2050 2709 2123; x_wconf 84' lang='lat' dir='ltr'><strong>defendimus</strong></span> <span class='ocrx_word' id='word_1_121' title='bbox 2818 2135 2820 2140; x_wconf 15' lang='grc' dir='ltr'><em>Α</em></span> 
     </span>
    </p>
   </div>
   <div class='ocr_carea' id='block_1_4' title="bbox 617 2164 2726 2378">
    <p class='ocr_par' dir='ltr' id='par_1_4' title="bbox 617 2164 2820 2378">
     <span class='ocr_line' id='line_1_16' title="bbox 618 2164 2726 2268; baseline 0 -32"><span class='ocrx_word' id='word_1_122' title='bbox 618 2166 836 2264; x_wconf 82' lang='lat' dir='ltr'><strong>ripas,</strong></span> <span class='ocrx_word' id='word_1_123' title='bbox 868 2185 934 2238; x_wconf 88' lang='lat' dir='ltr'><strong>et</strong></span> <span class='ocrx_word' id='word_1_124' title='bbox 963 2164 1290 2255; x_wconf 90' lang='lat' dir='ltr'><strong>flumina,</strong></span> <span class='ocrx_word' id='word_1_125' title='bbox 1319 2185 1386 2236; x_wconf 86' lang='lat' dir='ltr'><strong>et</strong></span> <span class='ocrx_word' id='word_1_126' title='bbox 1413 2165 1675 2236; x_wconf 83' lang='lat' dir='ltr'><strong>littora:</strong></span> <span class='ocrx_word' id='word_1_127' title='bbox 1713 2165 1852 2238; x_wconf 89' lang='lat' dir='ltr'><strong>huc</strong></span> <span class='ocrx_word' id='word_1_128' title='bbox 1882 2167 2100 2268; x_wconf 88' lang='lat' dir='ltr'><strong>adjice</strong></span> <span class='ocrx_word' id='word_1_129' title='bbox 2124 2190 2195 2240; x_wconf 86' lang='lat' dir='ltr'><strong>et</strong></span> <span class='ocrx_word' id='word_1_130' title='bbox 2218 2167 2423 2254; x_wconf 89' lang='lat' dir='ltr'><strong>illud;</strong></span> <span class='ocrx_word' id='word_1_131' title='bbox 2456 2167 2726 2267; x_wconf 35' lang='lat' dir='ltr'><strong>templa·</strong></span> 
     </span>
     <span class='ocr_line' id='line_1_17' title="bbox 617 2279 2709 2378; baseline 0.001 -28"><span class='ocrx_word' id='word_1_132' title='bbox 617 2301 1096 2351; x_wconf 86' lang='lat' dir='ltr'><strong>exstruuntur:</strong></span> <span class='ocrx_word' id='word_1_133' title='bbox 1136 2279 1443 2351; x_wconf 89' lang='lat' dir='ltr'><strong>multum</strong></span> <span class='ocrx_word' id='word_1_134' title='bbox 1474 2281 1999 2378; x_wconf 90' lang='lat' dir='ltr'><strong>impendiorum</strong></span> <span class='ocrx_word' id='word_1_135' title='bbox 2032 2309 2217 2354; x_wconf 89' lang='lat' dir='ltr'><strong>sacra</strong></span> <span class='ocrx_word' id='word_1_136' title='bbox 2252 2282 2555 2368; x_wconf 84' lang='lat' dir='ltr'><strong>ducunt3</strong></span> <span class='ocrx_word' id='word_1_137' title='bbox 2582 2281 2709 2352; x_wconf 81' lang='lat' dir='ltr'><strong>ali-</strong></span> 
     </span>
    </p>
   </div>
   <div class='ocr_carea' id='block_1_5' title="bbox 616 2393 2711 2501">
    <p class='ocr_par' dir='ltr' id='par_1_5' title="bbox 616 2393 2711 2501">
     <span class='ocr_line' id='line_1_18' title="bbox 616 2393 2711 2501; baseline 0.001 -34"><span class='ocrx_word' id='word_1_138' title='bbox 616 2393 834 2496; x_wconf 80' lang='lat' dir='ltr'><strong>quid³</strong></span> <span class='ocrx_word' id='word_1_139' title='bbox 871 2417 936 2469; x_wconf 90' lang='lat' dir='ltr'><strong>et</strong></span> <span class='ocrx_word' id='word_1_140' title='bbox 963 2395 1352 2496; x_wconf 86' lang='lat' dir='ltr'><strong>spectacula</strong></span> <span class='ocrx_word' id='word_1_141' title='bbox 1380 2424 1394 2468; x_wconf 90' lang='lat'><strong>:</strong></span> <span class='ocrx_word' id='word_1_142' title='bbox 1429 2423 1602 2497; x_wconf 90' lang='lat' dir='ltr'><strong>opus</strong></span> <span class='ocrx_word' id='word_1_143' title='bbox 1636 2419 1736 2470; x_wconf 87' lang='lat' dir='ltr'><strong>est</strong></span> <span class='ocrx_word' id='word_1_144' title='bbox 1766 2399 2242 2501; x_wconf 58' lang='lat' dir='ltr'><strong>vectigalibus</strong></span> <span class='ocrx_word' id='word_1_145' title='bbox 2280 2402 2475 2472; x_wconf 90' lang='lat' dir='ltr'><strong>Inter</strong></span> <span class='ocrx_word' id='word_1_146' title='bbox 2504 2399 2711 2472; x_wconf 83' lang='lat' dir='ltr'><strong>vecti-</strong></span> 
     </span>
    </p>
   </div>
   <div class='ocr_carea' id='block_1_6' title="bbox 615 2564 1627 2718">
    <p class='ocr_par' dir='ltr' id='par_1_6' title="bbox 615 2564 1627 2718">
     <span class='ocr_line' id='line_1_19' title="bbox 615 2564 1627 2639; baseline 0.002 -22"><span class='ocrx_word' id='word_1_147' title='bbox 615 2568 800 2619; x_wconf 85' lang='lat' dir='ltr'><strong>Justus</strong></span> <span class='ocrx_word' id='word_1_148' title='bbox 817 2607 833 2629; x_wconf 83' lang='grc'>,</span> <span class='ocrx_word' id='word_1_149' title='bbox 864 2590 886 2614; x_wconf 73' lang='grc' dir='ltr'><strong>ιι</strong></span> <span class='ocrx_word' id='word_1_150' title='bbox 905 2569 960 2619; x_wconf 89' lang='lat' dir='ltr'><strong>in</strong></span> <span class='ocrx_word' id='word_1_151' title='bbox 985 2564 1329 2637; x_wconf 77' lang='lat' dir='ltr'><strong>vectigalibus</strong></span> <span class='ocrx_word' id='word_1_152' title='bbox 1352 2570 1469 2639; x_wconf 78' lang='lat' dir='ltr'><strong>ipsa</strong></span> <span class='ocrx_word' id='word_1_153' title='bbox 1493 2586 1627 2639; x_wconf 81' lang='lat' dir='ltr'><strong>prae-</strong></span> 
     </span>
     <span class='ocr_line' id='line_1_20' title="bbox 621 2644 1627 2718; baseline 0.001 -21"><span class='ocrx_word' id='word_1_154' title='bbox 621 2669 642 2692; x_wconf 77' lang='lat'>«</span> <span class='ocrx_word' id='word_1_155' title='bbox 663 2644 780 2712; x_wconf 80' lang='lat' dir='ltr'><strong>dia,</strong></span> <span class='ocrx_word' id='word_1_156' title='bbox 805 2666 913 2698; x_wconf 88' lang='lat' dir='ltr'><strong>non</strong></span> <span class='ocrx_word' id='word_1_157' title='bbox 937 2664 1191 2718; x_wconf 85' lang='lat' dir='ltr'><strong>personas</strong></span> <span class='ocrx_word' id='word_1_158' title='bbox 1211 2648 1499 2698; x_wconf 86' lang='lat' dir='ltr'><strong>conveniri.</strong></span> <span class='ocrx_word' id='word_1_159' title='bbox 1524 2644 1627 2698; x_wconf 85' lang='lat' dir='ltr'><strong>Sed</strong></span> 
     </span>
    </p>
   </div>
   <div class='ocr_carea' id='block_1_7' title="bbox 1706 2569 2707 2723">
    <p class='ocr_par' dir='ltr' id='par_1_7' title="bbox 1706 2569 2707 2723">
     <span class='ocr_line' id='line_1_21' title="bbox 1708 2569 2707 2643; baseline 0.002 -23"><span class='ocrx_word' id='word_1_160' title='bbox 1708 2589 1813 2621; x_wconf 82' lang='lat' dir='ltr'><strong>non</strong></span> <span class='ocrx_word' id='word_1_161' title='bbox 1837 2582 1925 2623; x_wconf 87' lang='lat' dir='ltr'><strong>est.</strong></span> <span class='ocrx_word' id='word_1_162' title='bbox 1956 2570 2137 2624; x_wconf 80' lang='lat' dir='ltr'><strong>Scribe</strong></span> <span class='ocrx_word' id='word_1_163' title='bbox 2159 2592 2172 2621; x_wconf 89' lang='lat'>:</span> <span class='ocrx_word' id='word_1_164' title='bbox 2203 2588 2319 2643; x_wconf 84' lang='lat' dir='ltr'><strong>quoe</strong></span> <span class='ocrx_word' id='word_1_165' title='bbox 2344 2569 2591 2623; x_wconf 67' lang='lat' dir='ltr'><strong>translata</strong></span> <span class='ocrx_word' id='word_1_166' title='bbox 2612 2583 2707 2635; x_wconf 76' lang='lat' dir='ltr'><strong>est,</strong></span> 
     </span>
     <span class='ocr_line' id='line_1_22' title="bbox 1706 2649 2707 2723; baseline -0.001 -23"><span class='ocrx_word' id='word_1_167' title='bbox 1706 2666 1824 2722; x_wconf 86' lang='lat' dir='ltr'><strong>quoe</strong></span> <span class='ocrx_word' id='word_1_168' title='bbox 1850 2649 2077 2723; x_wconf 82' lang='lat' dir='ltr'><strong>professa</strong></span> <span class='ocrx_word' id='word_1_169' title='bbox 2108 2670 2211 2701; x_wconf 81' lang='lat' dir='ltr'><strong>non</strong></span> <span class='ocrx_word' id='word_1_170' title='bbox 2241 2664 2329 2701; x_wconf 86' lang='lat' dir='ltr'><strong>est.</strong></span> <span class='ocrx_word' id='word_1_171' title='bbox 2350 2650 2447 2702; x_wconf 82' lang='lat' dir='ltr'><strong>vel</strong></span> <span class='ocrx_word' id='word_1_172' title='bbox 2476 2662 2565 2701; x_wconf 77' lang='lat' dir='ltr'><strong>aut</strong></span> <span class='ocrx_word' id='word_1_173' title='bbox 2586 2668 2707 2722; x_wconf 80' lang='lat' dir='ltr'><strong>pro-</strong></span> 
     </span>
    </p>
   </div>
   <div class='ocr_carea' id='block_1_8' title="bbox 620 2725 1629 2961">
    <p class='ocr_par' dir='ltr' id='par_1_8' title="bbox 620 2725 1629 2961">
     <span class='ocr_line' id='line_1_23' title="bbox 621 2725 1625 2795; baseline -0.001 -18"><span class='ocrx_word' id='word_1_174' title='bbox 621 2746 644 2771; x_wconf 80' lang='lat'><strong>·</strong></span> <span class='ocrx_word' id='word_1_175' title='bbox 663 2726 718 2777; x_wconf 89' lang='lat' dir='ltr'><strong>in</strong></span> <span class='ocrx_word' id='word_1_176' title='bbox 748 2744 922 2778; x_wconf 85' lang='lat' dir='ltr'><strong>rerum</strong></span> <span class='ocrx_word' id='word_1_177' title='bbox 951 2725 1228 2777; x_wconf 88' lang='lat' dir='ltr'><strong>mobilium</strong></span> <span class='ocrx_word' id='word_1_178' title='bbox 1261 2726 1625 2795; x_wconf 88' lang='lat' dir='ltr'><strong>merciumque</strong></span> 
     </span>
     <span class='ocr_line' id='line_1_24' title="bbox 620 2806 1627 2881; baseline -0.001 -21"><span class='ocrx_word' id='word_1_179' title='bbox 620 2830 644 2855; x_wconf 72' lang='grc' dir='ltr'><strong><em>α</em></strong></span> <span class='ocrx_word' id='word_1_180' title='bbox 665 2810 1026 2881; x_wconf 79' lang='lat' dir='ltr'><strong>professione,</strong></span> <span class='ocrx_word' id='word_1_181' title='bbox 1049 2808 1250 2859; x_wconf 84' lang='lat' dir='ltr'><strong>factum</strong></span> <span class='ocrx_word' id='word_1_182' title='bbox 1274 2809 1433 2860; x_wconf 85' lang='lat' dir='ltr'><strong>etiam</strong></span> <span class='ocrx_word' id='word_1_183' title='bbox 1456 2806 1627 2859; x_wconf 82' lang='lat' dir='ltr'><strong>delin-</strong></span> 
     </span>
     <span class='ocr_line' id='line_1_25' title="bbox 622 2885 1629 2961; baseline -0.004 -19"><span class='ocrx_word' id='word_1_184' title='bbox 622 2912 645 2935; x_wconf 70' lang='grc' dir='ltr'><strong>α</strong></span> <span class='ocrx_word' id='word_1_185' title='bbox 666 2892 874 2961; x_wconf 85' lang='lat' dir='ltr'><strong>quentis</strong></span> <span class='ocrx_word' id='word_1_186' title='bbox 922 2885 1246 2952; x_wconf 75' lang='lat' dir='ltr'><strong>attenditur,</strong></span> <span class='ocrx_word' id='word_1_187' title='bbox 1293 2900 1346 2939; x_wconf 88' lang='lat' dir='ltr'><strong>et</strong></span> <span class='ocrx_word' id='word_1_188' title='bbox 1393 2904 1541 2937; x_wconf 88' lang='lat' dir='ltr'><strong>error</strong></span> <span class='ocrx_word' id='word_1_189' title='bbox 1577 2900 1629 2938; x_wconf 89' lang='lat' dir='ltr'><strong>et</strong></span> 
     </span>
    </p>
   </div>
   <div class='ocr_carea' id='block_1_9' title="bbox 520 2968 1248 3040">
    <p class='ocr_par' dir='ltr' id='par_1_9' title="bbox 520 2968 1248 3040">
     <span class='ocr_line' id='line_1_26' title="bbox 520 2968 1248 3040; baseline -0.005 -19"><span class='ocrx_word' id='word_1_190' title='bbox 520 2992 538 3008; x_wconf 59' lang='grc' dir='ltr'><em>Ι</em></span> <span class='ocrx_word' id='word_1_191' title='bbox 621 2991 644 3014; x_wconf 69' lang='grc' dir='ltr'><strong>α</strong></span> <span class='ocrx_word' id='word_1_192' title='bbox 664 2970 983 3040; x_wconf 79' lang='lat' dir='ltr'><strong>ignorantia.</strong></span> <span class='ocrx_word' id='word_1_193' title='bbox 1009 2992 1030 3013; x_wconf 77' lang='grc' dir='ltr'><strong>ι·</strong></span> <span class='ocrx_word' id='word_1_194' title='bbox 1067 2968 1248 3019; x_wconf 72' lang='lat' dir='ltr'><strong>AEnon.</strong></span> 
     </span>
    </p>
   </div>
   <div class='ocr_carea' id='block_1_10' title="bbox 607 3041 1629 4233">
    <p class='ocr_par' dir='ltr' id='par_1_10' title="bbox 607 3041 1629 4155">
     <span class='ocr_line' id='line_1_27' title="bbox 695 3041 1623 3117; baseline -0.001 -21"><span class='ocrx_word' id='word_1_195' title='bbox 695 3063 712 3096; x_wconf 85' lang='lat'>1</span> <span class='ocrx_word' id='word_1_196' title='bbox 726 3084 739 3096; x_wconf 91' lang='lat'>.</span> <span class='ocrx_word' id='word_1_197' title='bbox 756 3046 858 3115; x_wconf 75' lang='lat' dir='ltr'><strong>Qui</strong></span> <span class='ocrx_word' id='word_1_198' title='bbox 873 3064 976 3096; x_wconf 86' lang='lat' dir='ltr'><strong>non</strong></span> <span class='ocrx_word' id='word_1_199' title='bbox 993 3041 1352 3111; x_wconf 76' lang='lat' dir='ltr'><strong>transtulisset,</strong></span> <span class='ocrx_word' id='word_1_200' title='bbox 1367 3044 1623 3117; x_wconf 64' lang='lat' dir='ltr'><strong>exigendi.</strong></span> 
     </span>
     <span class='ocr_line' id='line_1_28' title="bbox 615 3121 1629 3194; baseline -0.003 -18"><span class='ocrx_word' id='word_1_201' title='bbox 615 3122 932 3176; x_wconf 85' lang='lat' dir='ltr'><strong>Particulam</strong></span> <span class='ocrx_word' id='word_1_202' title='bbox 949 3136 1228 3194; x_wconf 76' lang='lat' dir='ltr'><strong>negantem</strong></span> <span class='ocrx_word' id='word_1_203' title='bbox 1239 3122 1470 3174; x_wconf 85' lang='lat' dir='ltr'><strong>Pithoeus</strong></span> <span class='ocrx_word' id='word_1_204' title='bbox 1487 3121 1629 3173; x_wconf 84' lang='lat' dir='ltr'><strong>addi-</strong></span> 
     </span>
     <span class='ocr_line' id='line_1_29' title="bbox 617 3202 1629 3273; baseline -0.004 -18"><span class='ocrx_word' id='word_1_205' title='bbox 617 3202 831 3256; x_wconf 76' lang='lat' dir='ltr'><strong>dit.vid.</strong></span> <span class='ocrx_word' id='word_1_206' title='bbox 846 3220 912 3253; x_wconf 89' lang='lat' dir='ltr'><strong>an</strong></span> <span class='ocrx_word' id='word_1_207' title='bbox 925 3202 1100 3253; x_wconf 83' lang='lat' dir='ltr'><strong>fuerit:</strong></span> <span class='ocrx_word' id='word_1_208' title='bbox 1113 3202 1171 3253; x_wconf 74' lang='lat' dir='ltr'><strong>Sc&#39;</strong></span> <span class='ocrx_word' id='word_1_209' title='bbox 1177 3202 1262 3273; x_wconf 81' lang='lat' dir='ltr'><strong>jus</strong></span> <span class='ocrx_word' id='word_1_210' title='bbox 1270 3202 1629 3272; x_wconf 78' lang='lat' dir='ltr'><strong>accepissemus</strong></span> 
     </span>
     <span class='ocr_line' id='line_1_30' title="bbox 616 3280 1626 3358; baseline -0.002 -21"><span class='ocrx_word' id='word_1_211' title='bbox 616 3284 822 3358; x_wconf 76' lang='lat' dir='ltr'><strong>aliquid</strong></span> <span class='ocrx_word' id='word_1_212' title='bbox 834 3284 899 3335; x_wconf 87' lang='lat' dir='ltr'><strong>ab</strong></span> <span class='ocrx_word' id='word_1_213' title='bbox 911 3303 989 3351; x_wconf 89' lang='lat' dir='ltr'><strong>eo,</strong></span> <span class='ocrx_word' id='word_1_214' title='bbox 1002 3283 1146 3355; x_wconf 86' lang='lat' dir='ltr'><strong>quod</strong></span> <span class='ocrx_word' id='word_1_215' title='bbox 1153 3300 1256 3333; x_wconf 85' lang='lat' dir='ltr'><strong>non</strong></span> <span class='ocrx_word' id='word_1_216' title='bbox 1271 3280 1626 3348; x_wconf 76' lang='lat' dir='ltr'><strong>transtulisset,</strong></span> 
     </span>
     <span class='ocr_line' id='line_1_31' title="bbox 615 3362 1621 3439; baseline -0.006 -20"><span class='ocrx_word' id='word_1_217' title='bbox 615 3365 869 3439; x_wconf 73' lang='lat' dir='ltr'><strong>exiqendi.</strong></span> <span class='ocrx_word' id='word_1_218' title='bbox 888 3365 982 3416; x_wconf 78' lang='lat' dir='ltr'><strong>Gn.</strong></span> <span class='ocrx_word' id='word_1_219' title='bbox 1007 3364 1112 3433; x_wconf 77' lang='lat' dir='ltr'><strong>Qui</strong></span> <span class='ocrx_word' id='word_1_220' title='bbox 1127 3363 1481 3428; x_wconf 74' lang='lat' dir='ltr'><strong>transtulisset,</strong></span> <span class='ocrx_word' id='word_1_221' title='bbox 1493 3362 1621 3416; x_wconf 80' lang='lat' dir='ltr'>Obr.</span> 
     </span>
     <span class='ocr_line' id='line_1_32' title="bbox 613 3442 1624 3517; baseline -0.006 -18"><span class='ocrx_word' id='word_1_222' title='bbox 613 3476 687 3487; x_wconf 87' lang='lat'><strong>-·</strong></span> <span class='ocrx_word' id='word_1_223' title='bbox 702 3446 792 3498; x_wconf 82' lang='lat' dir='ltr'><strong>Sic</strong></span> <span class='ocrx_word' id='word_1_224' title='bbox 814 3464 1021 3517; x_wconf 78' lang='lat' dir='ltr'><strong>quoque</strong></span> <span class='ocrx_word' id='word_1_225' title='bbox 1041 3444 1152 3497; x_wconf 80' lang='lat' dir='ltr'><strong>sine</strong></span> <span class='ocrx_word' id='word_1_226' title='bbox 1174 3442 1344 3495; x_wconf 81' lang='lat' dir='ltr'><strong>dubio.</strong></span> <span class='ocrx_word' id='word_1_227' title='bbox 1371 3444 1488 3494; x_wconf 84' lang='lat' dir='ltr'><strong>Hoc</strong></span> <span class='ocrx_word' id='word_1_228' title='bbox 1513 3455 1592 3493; x_wconf 87' lang='lat' dir='ltr'><strong>est</strong></span> <span class='ocrx_word' id='word_1_229' title='bbox 1607 3482 1624 3509; x_wconf 93' lang='lat'><strong>,</strong></span> 
     </span>
     <span class='ocr_line' id='line_1_33' title="bbox 616 3522 1625 3598; baseline -0.004 -21"><span class='ocrx_word' id='word_1_230' title='bbox 616 3524 668 3577; x_wconf 86' lang='lat' dir='ltr'><strong>Si</strong></span> <span class='ocrx_word' id='word_1_231' title='bbox 693 3530 782 3598; x_wconf 87' lang='lat' dir='ltr'><strong>jus</strong></span> <span class='ocrx_word' id='word_1_232' title='bbox 817 3525 1202 3595; x_wconf 83' lang='lat' dir='ltr'><strong>accepissemus</strong></span> <span class='ocrx_word' id='word_1_233' title='bbox 1237 3541 1344 3573; x_wconf 89' lang='lat' dir='ltr'><strong>non</strong></span> <span class='ocrx_word' id='word_1_234' title='bbox 1383 3536 1491 3573; x_wconf 86' lang='lat' dir='ltr'><strong>tam</strong></span> <span class='ocrx_word' id='word_1_235' title='bbox 1528 3522 1625 3573; x_wconf 85' lang='lat' dir='ltr'><strong>ad—</strong></span> 
     </span>
     <span class='ocr_line' id='line_1_34' title="bbox 615 3600 1625 3675; baseline -0.005 -19"><span class='ocrx_word' id='word_1_236' title='bbox 615 3623 795 3656; x_wconf 81' lang='lat' dir='ltr'><strong>versus</strong></span> <span class='ocrx_word' id='word_1_237' title='bbox 821 3622 960 3668; x_wconf 81' lang='lat' dir='ltr'><strong>rem,</strong></span> <span class='ocrx_word' id='word_1_238' title='bbox 985 3622 1142 3675; x_wconf 86' lang='lat' dir='ltr'><strong>qnam</strong></span> <span class='ocrx_word' id='word_1_239' title='bbox 1169 3600 1414 3653; x_wconf 75' lang='lat' dir='ltr'><strong>adversus</strong></span> <span class='ocrx_word' id='word_1_240' title='bbox 1440 3620 1625 3671; x_wconf 89' lang='lat' dir='ltr'><strong>perso-</strong></span> 
     </span>
     <span class='ocr_line' id='line_1_35' title="bbox 616 3680 1623 3753; baseline -0.006 -18"><span class='ocrx_word' id='word_1_241' title='bbox 616 3704 766 3749; x_wconf 88' lang='lat' dir='ltr'><strong>nam,</strong></span> <span class='ocrx_word' id='word_1_242' title='bbox 791 3680 1030 3753; x_wconf 76' lang='lat' dir='ltr'><strong>exigendi</strong></span> <span class='ocrx_word' id='word_1_243' title='bbox 1050 3680 1296 3733; x_wconf 84' lang='lat' dir='ltr'><strong>videlicet</strong></span> <span class='ocrx_word' id='word_1_244' title='bbox 1322 3681 1388 3731; x_wconf 89' lang='lat' dir='ltr'><strong>ab</strong></span> <span class='ocrx_word' id='word_1_245' title='bbox 1412 3698 1506 3743; x_wconf 87' lang='lat' dir='ltr'><strong>eo,</strong></span> <span class='ocrx_word' id='word_1_246' title='bbox 1534 3682 1623 3749; x_wconf 90' lang='lat' dir='ltr'><strong>qui</strong></span> 
     </span>
     <span class='ocr_line' id='line_1_36' title="bbox 616 3759 1621 3829; baseline -0.005 -16"><span class='ocrx_word' id='word_1_247' title='bbox 616 3760 1000 3827; x_wconf 83' lang='lat' dir='ltr'><strong>transtulisset,</strong></span> <span class='ocrx_word' id='word_1_248' title='bbox 1029 3779 1138 3812; x_wconf 87' lang='lat' dir='ltr'><strong>non</strong></span> <span class='ocrx_word' id='word_1_249' title='bbox 1168 3762 1323 3811; x_wconf 87' lang='lat' dir='ltr'><strong>etiam</strong></span> <span class='ocrx_word' id='word_1_250' title='bbox 1353 3760 1430 3810; x_wconf 85' lang='lat' dir='ltr'><strong>rei</strong></span> <span class='ocrx_word' id='word_1_251' title='bbox 1458 3759 1621 3829; x_wconf 88' lang='lat' dir='ltr'><strong>ipsius</strong></span> 
     </span>
     <span class='ocr_line' id='line_1_37' title="bbox 607 3839 1621 3917; baseline -0.005 -22"><span class='ocrx_word' id='word_1_252' title='bbox 607 3848 727 3917; x_wconf 86' lang='lat' dir='ltr'><strong>jure</strong></span> <span class='ocrx_word' id='word_1_253' title='bbox 753 3844 1018 3895; x_wconf 87' lang='lat' dir='ltr'><strong>commissi</strong></span> <span class='ocrx_word' id='word_1_254' title='bbox 1043 3839 1355 3894; x_wconf 72' lang='lat' dir='ltr'><strong>retinendae:</strong></span> <span class='ocrx_word' id='word_1_255' title='bbox 1383 3842 1459 3891; x_wconf 86' lang='lat' dir='ltr'><strong>sic</strong></span> <span class='ocrx_word' id='word_1_256' title='bbox 1485 3858 1621 3911; x_wconf 89' lang='lat' dir='ltr'><strong>quo-</strong></span> 
     </span>
     <span class='ocr_line' id='line_1_38' title="bbox 615 3919 1617 3995; baseline -0.008 -18"><span class='ocrx_word' id='word_1_257' title='bbox 615 3944 720 3995; x_wconf 87' lang='lat' dir='ltr'><strong>que</strong></span> <span class='ocrx_word' id='word_1_258' title='bbox 740 3962 758 3991; x_wconf 90' lang='lat'><strong>,</strong></span> <span class='ocrx_word' id='word_1_259' title='bbox 804 3937 906 3995; x_wconf 85' lang='lat' dir='ltr'><strong>etc.</strong></span> <span class='ocrx_word' id='word_1_260' title='bbox 955 3924 1134 3975; x_wconf 78' lang='lat' dir='ltr'><strong>AEnon.</strong></span> <span class='ocrx_word' id='word_1_261' title='bbox 1173 3951 1246 3962; x_wconf 90' lang='lat'><strong>—-</strong></span> <span class='ocrx_word' id='word_1_262' title='bbox 1285 3919 1384 3973; x_wconf 80' lang='lat' dir='ltr'><strong>Sed</strong></span> <span class='ocrx_word' id='word_1_263' title='bbox 1427 3930 1617 3971; x_wconf 79' lang='lat' dir='ltr'><strong>tamen.</strong></span> 
     </span>
     <span class='ocr_line' id='line_1_39' title="bbox 619 3997 1623 4073; baseline -0.005 -20"><span class='ocrx_word' id='word_1_264' title='bbox 619 4002 798 4073; x_wconf 83' lang='lat' dir='ltr'><strong>Quod,</strong></span> <span class='ocrx_word' id='word_1_265' title='bbox 817 4004 930 4070; x_wconf 82' lang='lat' dir='ltr'><strong>vel,</strong></span> <span class='ocrx_word' id='word_1_266' title='bbox 954 4002 1025 4055; x_wconf 79' lang='lat' dir='ltr'><strong>sic</strong></span> <span class='ocrx_word' id='word_1_267' title='bbox 1050 4012 1242 4053; x_wconf 84' lang='lat' dir='ltr'><strong>tamen.</strong></span> <span class='ocrx_word' id='word_1_268' title='bbox 1270 3998 1489 4051; x_wconf 73' lang='lat' dir='ltr'><strong>Senum.</strong></span> <span class='ocrx_word' id='word_1_269' title='bbox 1520 3997 1623 4049; x_wconf 86' lang='lat' dir='ltr'><strong>Ta-</strong></span> 
     </span>
     <span class='ocr_line' id='line_1_40' title="bbox 615 4077 1545 4155; baseline -0.004 -24"><span class='ocrx_word' id='word_1_270' title='bbox 615 4101 733 4134; x_wconf 82' lang='lat' dir='ltr'><strong>men</strong></span> <span class='ocrx_word' id='word_1_271' title='bbox 759 4102 858 4155; x_wconf 86' lang='lat' dir='ltr'><strong>pro</strong></span> <span class='ocrx_word' id='word_1_272' title='bbox 885 4094 1088 4133; x_wconf 85' lang='lat' dir='ltr'><strong>tantum</strong></span> <span class='ocrx_word' id='word_1_273' title='bbox 1116 4080 1258 4152; x_wconf 86' lang='lat' dir='ltr'><strong>capit</strong></span> <span class='ocrx_word' id='word_1_274' title='bbox 1284 4077 1545 4130; x_wconf 67' lang='lat' dir='ltr'><strong>AErodius‘.</strong></span> 
     </span>
    </p>

    <p class='ocr_par' dir='ltr' id='par_1_11' title="bbox 691 4158 1621 4233">
     <span class='ocr_line' id='line_1_41' title="bbox 691 4158 1621 4233; baseline -0.004 -20"><span class='ocrx_word' id='word_1_275' title='bbox 691 4180 736 4217; x_wconf 74' lang='lat'><strong>9..</strong></span> <span class='ocrx_word' id='word_1_276' title='bbox 773 4162 901 4233; x_wconf 81' lang='lat' dir='ltr'><strong>Quoe</strong></span> <span class='ocrx_word' id='word_1_277' title='bbox 923 4158 1172 4213; x_wconf 82' lang='lat' dir='ltr'><strong>translata</strong></span> <span class='ocrx_word' id='word_1_278' title='bbox 1191 4172 1291 4226; x_wconf 82' lang='lat' dir='ltr'><strong>est,</strong></span> <span class='ocrx_word' id='word_1_279' title='bbox 1316 4170 1380 4211; x_wconf 81' lang='lat' dir='ltr'><strong>ut‘</strong></span> <span class='ocrx_word' id='word_1_280' title='bbox 1391 4158 1621 4229; x_wconf 80' lang='lat' dir='ltr'><strong>professa</strong></span> 
     </span>
    </p>
   </div>
   <div class='ocr_carea' id='block_1_11' title="bbox 1694 2727 2709 2878">
    <p class='ocr_par' dir='ltr' id='par_1_12' title="bbox 1694 2727 2709 2878">
     <span class='ocr_line' id='line_1_42' title="bbox 1694 2727 2707 2799; baseline -0.002 -20"><span class='ocrx_word' id='word_1_281' title='bbox 1694 2727 1854 2799; x_wconf 82' lang='lat' dir='ltr'><strong>fessa.</strong></span> <span class='ocrx_word' id='word_1_282' title='bbox 1878 2730 2041 2794; x_wconf 86' lang='lat' dir='ltr'><strong>Nam,</strong></span> <span class='ocrx_word' id='word_1_283' title='bbox 2062 2741 2117 2778; x_wconf 86' lang='lat' dir='ltr'><strong>ut</strong></span> <span class='ocrx_word' id='word_1_284' title='bbox 2142 2728 2397 2795; x_wconf 80' lang='lat' dir='ltr'><strong>diximus,</strong></span> <span class='ocrx_word' id='word_1_285' title='bbox 2418 2728 2555 2780; x_wconf 85' lang='lat' dir='ltr'><strong>idem</strong></span> <span class='ocrx_word' id='word_1_286' title='bbox 2578 2744 2707 2779; x_wconf 55' lang='lat' dir='ltr'><strong>uter»</strong></span> 
     </span>
     <span class='ocr_line' id='line_1_43' title="bbox 1709 2806 2709 2878; baseline -0.003 -20"><span class='ocrx_word' id='word_1_287' title='bbox 1709 2826 1811 2877; x_wconf 73' lang='lat' dir='ltr'><strong>que</strong></span> <span class='ocrx_word' id='word_1_288' title='bbox 1836 2824 2007 2858; x_wconf 88' lang='lat' dir='ltr'><strong>sermo</strong></span> <span class='ocrx_word' id='word_1_289' title='bbox 2032 2808 2321 2877; x_wconf 79' lang='lat' dir='ltr'><strong>significat,</strong></span> <span class='ocrx_word' id='word_1_290' title='bbox 2342 2806 2435 2859; x_wconf 87' lang='lat' dir='ltr'><strong>sed</strong></span> <span class='ocrx_word' id='word_1_291' title='bbox 2454 2808 2709 2878; x_wconf 80' lang='lat' dir='ltr'><strong>posterior</strong></span> 
     </span>
    </p>
   </div>
   <div class='ocr_carea' id='block_1_12' title="bbox 1709 2884 2818 2954">
    <p class='ocr_par' dir='ltr' id='par_1_13' title="bbox 1709 2884 2818 2954">
     <span class='ocr_line' id='line_1_44' title="bbox 1709 2884 2818 2954; baseline -0.003 -18"><span class='ocrx_word' id='word_1_292' title='bbox 1709 2884 2000 2954; x_wconf 85' lang='lat' dir='ltr'><strong>simplicius</strong></span> <span class='ocrx_word' id='word_1_293' title='bbox 2034 2898 2083 2935; x_wconf 85' lang='lat' dir='ltr'><strong>et</strong></span> <span class='ocrx_word' id='word_1_294' title='bbox 2121 2885 2336 2937; x_wconf 79' lang='lat' dir='ltr'><strong>clarius.</strong></span> <span class='ocrx_word' id='word_1_295' title='bbox 2370 2887 2603 2937; x_wconf 69' lang='lat' dir='ltr'><strong>Gnosov.</strong></span> <span class='ocrx_word' id='word_1_296' title='bbox 2638 2885 2705 2934; x_wconf 78' lang='lat' dir='ltr'><strong>Et</strong></span> <span class='ocrx_word' id='word_1_297' title='bbox 2816 2912 2818 2921; x_wconf 91' lang='lat'>·</span> 
     </span>
    </p>
   </div>
   <div class='ocr_carea' id='block_1_13' title="bbox 1696 2964 2705 4227">
    <p class='ocr_par' dir='ltr' id='par_1_14' title="bbox 1704 2964 2705 3095">
     <span class='ocr_line' id='line_1_45' title="bbox 1704 2964 2705 3037; baseline -0.003 -21"><span class='ocrx_word' id='word_1_298' title='bbox 1704 2964 1935 3037; x_wconf 76' lang='lat' dir='ltr'><strong>professa</strong></span> <span class='ocrx_word' id='word_1_299' title='bbox 1955 2984 2061 3016; x_wconf 78' lang='lat' dir='ltr'><strong>non</strong></span> <span class='ocrx_word' id='word_1_300' title='bbox 2080 2978 2177 3033; x_wconf 87' lang='lat' dir='ltr'><strong>est,</strong></span> <span class='ocrx_word' id='word_1_301' title='bbox 2200 2966 2381 3018; x_wconf 82' lang='lat' dir='ltr'><strong>AErod.</strong></span> <span class='ocrx_word' id='word_1_302' title='bbox 2406 2966 2631 3018; x_wconf 85' lang='lat' dir='ltr'><strong>Latinius</strong></span> <span class='ocrx_word' id='word_1_303' title='bbox 2654 2976 2705 3015; x_wconf 81' lang='lat' dir='ltr'><strong>et</strong></span> 
     </span>
     <span class='ocr_line' id='line_1_46' title="bbox 1708 3042 1911 3095; baseline -0.01 0"><span class='ocrx_word' id='word_1_304' title='bbox 1708 3042 1911 3095; x_wconf 90' lang='lat' dir='ltr'><strong>Schult.</strong></span> 
     </span>
    </p>

    <p class='ocr_par' dir='ltr' id='par_1_15' title="bbox 1696 3123 2705 4227">
     <span class='ocr_line' id='line_1_47' title="bbox 1778 3123 2703 3199; baseline -0.001 -23"><span class='ocrx_word' id='word_1_305' title='bbox 1778 3124 1827 3176; x_wconf 87' lang='lat'><strong>3.</strong></span> <span class='ocrx_word' id='word_1_306' title='bbox 1867 3123 2024 3175; x_wconf 84' lang='lat' dir='ltr'><strong>Sacra</strong></span> <span class='ocrx_word' id='word_1_307' title='bbox 2061 3125 2259 3176; x_wconf 83' lang='lat' dir='ltr'><strong>ducunt</strong></span> <span class='ocrx_word' id='word_1_308' title='bbox 2296 3124 2521 3199; x_wconf 72' lang='lat' dir='ltr'><strong>aliquid.</strong></span> <span class='ocrx_word' id='word_1_309' title='bbox 2556 3126 2703 3179; x_wconf 74' lang='lat' dir='ltr'><strong>Sacra</strong></span> 
     </span>
     <span class='ocr_line' id='line_1_48' title="bbox 1709 3200 2699 3277; baseline -0.001 -25"><span class='ocrx_word' id='word_1_310' title='bbox 1709 3202 1951 3253; x_wconf 73' lang='lat' dir='ltr'><strong>indicunt</strong></span> <span class='ocrx_word' id='word_1_311' title='bbox 1973 3240 1989 3267; x_wconf 93' lang='lat'><strong>,</strong></span> <span class='ocrx_word' id='word_1_312' title='bbox 2042 3200 2247 3274; x_wconf 75' lang='lat' dir='ltr'><strong>aliquid</strong></span> <span class='ocrx_word' id='word_1_313' title='bbox 2302 3216 2354 3254; x_wconf 83' lang='lat' dir='ltr'><strong>et</strong></span> <span class='ocrx_word' id='word_1_314' title='bbox 2407 3200 2699 3277; x_wconf 71' lang='lat' dir='ltr'><strong>spectacula.</strong></span> 
     </span>
     <span class='ocr_line' id='line_1_49' title="bbox 1712 3280 2705 3356; baseline -0.003 -24"><span class='ocrx_word' id='word_1_315' title='bbox 1712 3282 1853 3353; x_wconf 85' lang='lat' dir='ltr'><strong>Opus</strong></span> <span class='ocrx_word' id='word_1_316' title='bbox 1895 3282 1964 3332; x_wconf 77' lang='lat' dir='ltr'><strong>sit</strong></span> <span class='ocrx_word' id='word_1_317' title='bbox 2004 3302 2050 3333; x_wconf 88' lang='lat' dir='ltr'><strong>v.</strong></span> <span class='ocrx_word' id='word_1_318' title='bbox 2099 3282 2321 3333; x_wconf 70' lang='lat' dir='ltr'><strong>Senum.</strong></span> <span class='ocrx_word' id='word_1_319' title='bbox 2370 3281 2597 3356; x_wconf 80' lang='lat' dir='ltr'><strong>Aliquod</strong></span> <span class='ocrx_word' id='word_1_320' title='bbox 2632 3280 2705 3329; x_wconf 78' lang='lat' dir='ltr'><strong>ad</strong></span> 
     </span>
     <span class='ocr_line' id='line_1_50' title="bbox 1705 3360 2697 3437; baseline -0.005 -23"><span class='ocrx_word' id='word_1_321' title='bbox 1705 3360 1995 3435; x_wconf 80' lang='lat' dir='ltr'><strong>spectacula</strong></span> <span class='ocrx_word' id='word_1_322' title='bbox 2023 3384 2037 3411; x_wconf 88' lang='lat'><strong>.-</strong></span> <span class='ocrx_word' id='word_1_323' title='bbox 2084 3364 2225 3437; x_wconf 82' lang='lat' dir='ltr'><strong>Opus</strong></span> <span class='ocrx_word' id='word_1_324' title='bbox 2260 3376 2337 3415; x_wconf 86' lang='lat' dir='ltr'><strong>est</strong></span> <span class='ocrx_word' id='word_1_325' title='bbox 2364 3362 2697 3437; x_wconf 68' lang='lat' dir='ltr'><strong>vectigalibus.</strong></span> 
     </span>
     <span class='ocr_line' id='line_1_51' title="bbox 1704 3440 2703 3517; baseline -0.005 -23"><span class='ocrx_word' id='word_1_326' title='bbox 1704 3444 1957 3496; x_wconf 89' lang='lat' dir='ltr'><strong>Latinius.</strong></span> <span class='ocrx_word' id='word_1_327' title='bbox 1970 3440 2190 3517; x_wconf 76' lang='lat' dir='ltr'><strong>Aliquid</strong></span> <span class='ocrx_word' id='word_1_328' title='bbox 2203 3458 2253 3497; x_wconf 88' lang='lat' dir='ltr'><strong>et</strong></span> <span class='ocrx_word' id='word_1_329' title='bbox 2264 3464 2341 3517; x_wconf 81' lang='lat' dir='ltr'><strong>sp.</strong></span> <span class='ocrx_word' id='word_1_330' title='bbox 2356 3445 2483 3498; x_wconf 79' lang='lat' dir='ltr'><strong>Obr.</strong></span> <span class='ocrx_word' id='word_1_331' title='bbox 2496 3440 2703 3515; x_wconf 73' lang='lat' dir='ltr'><strong>Aliquid</strong></span> 
     </span>
     <span class='ocr_line' id='line_1_52' title="bbox 1705 3520 2697 3596; baseline -0.005 -23"><span class='ocrx_word' id='word_1_332' title='bbox 1705 3523 1776 3574; x_wconf 85' lang='lat' dir='ltr'><strong>ad</strong></span> <span class='ocrx_word' id='word_1_333' title='bbox 1799 3521 2089 3595; x_wconf 82' lang='lat' dir='ltr'><strong>spectacula</strong></span> <span class='ocrx_word' id='word_1_334' title='bbox 2119 3541 2245 3595; x_wconf 83' lang='lat' dir='ltr'><strong>opus</strong></span> <span class='ocrx_word' id='word_1_335' title='bbox 2272 3535 2347 3575; x_wconf 83' lang='lat' dir='ltr'><strong>est</strong></span> <span class='ocrx_word' id='word_1_336' title='bbox 2368 3520 2697 3596; x_wconf 58' lang='lat' dir='ltr'><strong>vectigalibus.</strong></span> 
     </span>
     <span class='ocr_line' id='line_1_53' title="bbox 1702 3595 2695 3671; baseline -0.003 -20"><span class='ocrx_word' id='word_1_337' title='bbox 1702 3598 1881 3651; x_wconf 83' lang='lat' dir='ltr'><strong>AErod.</strong></span> <span class='ocrx_word' id='word_1_338' title='bbox 1900 3600 2118 3651; x_wconf 83' lang='lat' dir='ltr'><strong>Ducunt</strong></span> <span class='ocrx_word' id='word_1_339' title='bbox 2132 3621 2239 3653; x_wconf 89' lang='lat' dir='ltr'><strong>non</strong></span> <span class='ocrx_word' id='word_1_340' title='bbox 2254 3620 2543 3654; x_wconf 78' lang='lat' dir='ltr'><strong>moverem:</strong></span> <span class='ocrx_word' id='word_1_341' title='bbox 2558 3595 2695 3671; x_wconf 81' lang='lat' dir='ltr'><strong>quod</strong></span> 
     </span>
     <span class='ocr_line' id='line_1_54' title="bbox 1703 3678 2697 3733; baseline -0.001 -4"><span class='ocrx_word' id='word_1_342' title='bbox 1703 3679 1920 3730; x_wconf 75' lang='lat' dir='ltr'><strong>verbum</strong></span> <span class='ocrx_word' id='word_1_343' title='bbox 1935 3698 1989 3730; x_wconf 86' lang='lat' dir='ltr'><strong>ra</strong></span> <span class='ocrx_word' id='word_1_344' title='bbox 1996 3681 2199 3731; x_wconf 88' lang='lat' dir='ltr'><strong>tionum</strong></span> <span class='ocrx_word' id='word_1_345' title='bbox 2213 3700 2327 3733; x_wconf 91' lang='lat' dir='ltr'><strong>esse</strong></span> <span class='ocrx_word' id='word_1_346' title='bbox 2344 3678 2697 3733; x_wconf 66' lang='lat' dir='ltr'><strong>ostenduet-o—</strong></span> 
     </span>
     <span class='ocr_line' id='line_1_55' title="bbox 1702 3753 2693 3831; baseline -0.005 -22"><span class='ocrx_word' id='word_1_347' title='bbox 1702 3776 1824 3809; x_wconf 84' lang='lat' dir='ltr'><strong>nov.</strong></span> <span class='ocrx_word' id='word_1_348' title='bbox 1841 3757 1971 3811; x_wconf 86' lang='lat' dir='ltr'><strong>Obs.</strong></span> <span class='ocrx_word' id='word_1_349' title='bbox 1989 3758 2055 3824; x_wconf 84' lang='lat'><strong>11,</strong></span> <span class='ocrx_word' id='word_1_350' title='bbox 2080 3776 2170 3825; x_wconf 85' lang='lat'><strong>10,</strong></span> <span class='ocrx_word' id='word_1_351' title='bbox 2184 3758 2265 3811; x_wconf 72' lang='lat' dir='ltr'><strong>vel</strong></span> <span class='ocrx_word' id='word_1_352' title='bbox 2288 3762 2411 3831; x_wconf 85' lang='lat' dir='ltr'><strong>capi</strong></span> <span class='ocrx_word' id='word_1_353' title='bbox 2430 3770 2587 3831; x_wconf 83' lang='lat' dir='ltr'><strong>potest</strong></span> <span class='ocrx_word' id='word_1_354' title='bbox 2602 3753 2693 3805; x_wconf 79' lang='lat' dir='ltr'><strong>hic</strong></span> 
     </span>
     <span class='ocr_line' id='line_1_56' title="bbox 1700 3838 2693 3909; baseline -0.005 -21"><span class='ocrx_word' id='word_1_355' title='bbox 1700 3856 1802 3909; x_wconf 89' lang='lat' dir='ltr'><strong>pro</strong></span> <span class='ocrx_word' id='word_1_356' title='bbox 1819 3856 1963 3888; x_wconf 84' lang='lat' dir='ltr'><strong>sacra</strong></span> <span class='ocrx_word' id='word_1_357' title='bbox 1980 3856 2161 3889; x_wconf 85' lang='lat' dir='ltr'><strong>secum</strong></span> <span class='ocrx_word' id='word_1_358' title='bbox 2174 3838 2405 3903; x_wconf 86' lang='lat' dir='ltr'><strong>ducunt,</strong></span> <span class='ocrx_word' id='word_1_359' title='bbox 2426 3838 2477 3889; x_wconf 84' lang='lat' dir='ltr'><strong>id</strong></span> <span class='ocrx_word' id='word_1_360' title='bbox 2493 3849 2583 3899; x_wconf 86' lang='lat' dir='ltr'><strong>est,</strong></span> <span class='ocrx_word' id='word_1_361' title='bbox 2600 3852 2693 3884; x_wconf 85' lang='lat' dir='ltr'><strong>ne-</strong></span> 
     </span>
     <span class='ocr_line' id='line_1_57' title="bbox 1704 3912 2693 3988; baseline -0.004 -20"><span class='ocrx_word' id='word_1_362' title='bbox 1704 3918 1933 3969; x_wconf 86' lang='lat' dir='ltr'><strong>cessario</strong></span> <span class='ocrx_word' id='word_1_363' title='bbox 1951 3918 2166 3988; x_wconf 76' lang='lat' dir='ltr'><strong>exigunt</strong></span> <span class='ocrx_word' id='word_1_364' title='bbox 2180 3918 2403 3970; x_wconf 89' lang='lat' dir='ltr'><strong>multum</strong></span> <span class='ocrx_word' id='word_1_365' title='bbox 2420 3912 2693 3988; x_wconf 83' lang='lat' dir='ltr'><strong>impendio·</strong></span> 
     </span>
     <span class='ocr_line' id='line_1_58' title="bbox 1702 3994 2689 4073; baseline -0.003 -22"><span class='ocrx_word' id='word_1_366' title='bbox 1702 4019 1837 4051; x_wconf 88' lang='lat' dir='ltr'><strong>rum.</strong></span> <span class='ocrx_word' id='word_1_367' title='bbox 1876 4001 2043 4053; x_wconf 63' lang='lat' dir='ltr'><strong>Banu.</strong></span> <span class='ocrx_word' id='word_1_368' title='bbox 2080 4002 2299 4073; x_wconf 85' lang='lat' dir='ltr'><strong>——Opus</strong></span> <span class='ocrx_word' id='word_1_369' title='bbox 2334 4012 2405 4053; x_wconf 83' lang='lat' dir='ltr'><strong>est</strong></span> <span class='ocrx_word' id='word_1_370' title='bbox 2440 3994 2689 4071; x_wconf 67' lang='lat' dir='ltr'><strong>vectiyali-</strong></span> 
     </span>
     <span class='ocr_line' id='line_1_59' title="bbox 1702 4072 2687 4148; baseline -0.006 -17"><span class='ocrx_word' id='word_1_371' title='bbox 1702 4078 1804 4131; x_wconf 82' lang='lat' dir='ltr'><strong>bus.</strong></span> <span class='ocrx_word' id='word_1_372' title='bbox 1844 4078 2171 4130; x_wconf 70' lang='lat' dir='ltr'><strong>Posti-emam</strong></span> <span class='ocrx_word' id='word_1_373' title='bbox 2198 4097 2381 4131; x_wconf 77' lang='lat' dir='ltr'><strong>vocem</strong></span> <span class='ocrx_word' id='word_1_374' title='bbox 2402 4096 2496 4148; x_wconf 86' lang='lat' dir='ltr'><strong>pro</strong></span> <span class='ocrx_word' id='word_1_375' title='bbox 2518 4072 2687 4145; x_wconf 77' lang='lat' dir='ltr'><strong>spuria</strong></span> 
     </span>
     <span class='ocr_line' id='line_1_60' title="bbox 1696 4156 2091 4227; baseline -0.005 -18"><span class='ocrx_word' id='word_1_376' title='bbox 1696 4157 1897 4227; x_wconf 83' lang='lat' dir='ltr'><strong>judico.</strong></span> <span class='ocrx_word' id='word_1_377' title='bbox 1924 4156 2091 4207; x_wconf 71' lang='lat' dir='ltr'><strong>Gnon.</strong></span> 
     </span>
    </p>
   </div>
  </div>
 </body>
</html>
