2855 4871
550 414 680 481 266
1058 412 1150 476 M.
1200 412 1450 479 FABII
1495 412 2131 495 QUINTILIANI

550 540 873 628 deceptus
898 553 1015 605 est.
1047 538 1141 601 Ut
1160 536 1305 603 haec
1332 538 1712 621 communia
1729 586 1747 621 ,
1781 538 1871 603 ita
1901 536 2072 604 illud
2091 537 2234 628 jam
2261 540 2626 629 proprium
2649 590 2670 621 ,

548 660 626 711 ut
654 646 708 711 si
730 644 960 709 ullum1
984 641 1298 709 adversus
1317 641 1502 709 hunc
1527 642 2022 709 adolescentem
2049 641 2392 711 habuisset
2419 646 2674 711 odium

547 753 959 842 magistratus
979 802 998 833 ‚
1036 752 1243 841 magis
1278 751 1532 816 insania
1571 751 1714 842 ejus
1749 748 2227 818 vindicabatur.
2267 754 2371 820 Sic
2391 803 2410 833 ‚
2439 777 2672 845 quum

550 860 641 925 ita
662 860 1127 949 praeparaverit
1154 881 1448 938 causam,
1475 858 1709 947 incipit
1731 855 1818 923 de
1833 858 1988 949 jure
2013 882 2135 925 suo
2158 860 2366 951 loqui.

1247 1052 1952 1118 DECLAMATIO.

644 1217 1174 1288 Macls‘rnxrus
1205 1234 1301 1285 DE
1329 1231 1693 1285 comesse
1727 1230 1973 1284 SUMAT
2006 1232 2458 1286 snppucmu.
2489 1215 2660 1285 Du-

552 1355 710 1401 rum
750 1328 1228 1401 ministerium
1270 1347 1338 1398 et
1378 1326 1764 1427 injucunda
1794 1326 2077 1399 honoris
2109 1327 2323 1428 hujus
2355 1328 2669 1401 necessi-

552 1467 651 1517 tas
693 1472 708 1515 :
765 1443 886 1515 sed
934 1443 1089 1542 quis
1135 1443 1369 1542 potius
1414 1441 1603 1539 leges
1655 1442 2051 1541 exsequitur
2067 1456 2120 1532 ²,
2165 1463 2231 1514 et
2268 1442 2664 1514 hominum

548 1560 954 1651 commissa,
988 1560 1124 1631 nisi
1155 1559 1276 1659 qui
1308 1558 1822 1658 rempublicam
1855 1558 2400 1632 administravit?
2433 1586 2664 1631 nemo

548 1676 735 1748 istud
766 1676 1027 1748 faceret
1050 1674 1367 1763 libenter,
1400 1673 1537 1745 nisi
1571 1673 1975 1755 necessitate
2005 1702 2020 1745 :
2055 1701 2216 1773 ergo
2245 1701 2389 1747 non
2417 1673 2660 1745 solum

546 1792 749 1865 licuit
779 1792 958 1865 mihi
994 1785 1305 1864 occidere
1340 1790 1776 1879 confessum,
1809 1789 1933 1877 sed
1967 1789 2216 1883 etiam,
2251 1792 2308 1863 si
2339 1790 2614 1863 nollem
2637 1846 2660 1881 ‚

547 1934 824 1981 necesse
848 1908 1001 1981 fuit.
1016 1908 1401 1979 Videamus
1417 1964 1437 1998 ,
1468 1934 1560 1978 an
1587 1906 1706 1978 ille
1731 1908 2082 1979 confessus
2111 1908 2227 1980 sit:
2253 1926 2455 1979 testes
2478 1932 2668 2006 prae-

548 2024 755 2098 beam
782 2026 1020 2099 vobis?
1055 2046 1201 2097 tota
1237 2025 1510 2098 civitate
1548 2023 1784 2095 audita
1809 2052 1939 2095 vox
1968 2044 2112 2097 est:
2150 2050 2239 2097 ne
2277 2024 2458 2125 ipsos
2491 2026 2669 2123 qui-

551 2144 713 2216 dem
762 2164 1185 2216 accusatores
1229 2161 1598 2240 negaturos
1642 2166 1787 2212 esse
1831 2142 2146 2232 confido,
2197 2142 2412 2241 ipsius
2445 2167 2665 2232 voce,

549 2258 767 2358 ipsius
803 2258 1049 2358 lingua
1086 2284 1227 2331 esse
1266 2258 1572 2348 dictum,
1605 2274 1755 2330 EGO
1785 2279 1916 2346 TE,
1957 2278 2222 2348 PATER,
2251 2278 2499 2330 occml
2529 2286 2547 2328 ε
2595 2280 2672 2331 et

549 2400 697 2448 non
722 2374 939 2447 s'emel
963 2374 1235 2447 dictum
1252 2430 1272 2465 ,
1303 2399 1394 2446 ne
1420 2384 1616 2446 casus
1644 2373 2011 2447 videretur.
2042 2373 2136 2446 At
2157 2372 2354 2445 enim
2383 2372 2672 2445 confes-

548 2490 653 2563 sio
675 2489 1001 2563 habenda
1024 2493 1168 2563 n'on
1198 2511 1300 2562 est
1318 2548 1334 2581 ,
1360 2489 1498 2561 nisi
1528 2514 1680 2589 quae
1705 2513 1750 2560 a
1773 2513 1944 2562 sano
1969 2488 2434 2589 proficiscitur
2457 2514 2474 2557 ε
2501 2511 2665 2561 uon

549 2608 776 2700 vide0‚
798 2634 921 2680 cur
939 2608 1027 2682 ad
1056 2609 1239 2682 hanc
1266 2607 1908 2707 interpretationem
1927 2607 2312 2680 deducatur
2329 2605 2429 2677 vis
2453 2603 2670 2676 istius

550 2726 775 2818 verbi,
813 2726 1004 2825 quod
1030 2727 1182 2827 lege
1213 2726 1804 2824 comprehensum
1835 2746 1972 2797 est:
2007 2751 2132 2824 ego
2159 2724 2354 2796 enim
2389 2723 2670 2794 confes-

551 2839 821 2913 sionem
857 2843 1209 2931 existimo‚
1251 2839 1817 2940 qualemcunque
1859 2860 2096 2912 contra
2129 2867 2197 2912 se
2227 2837 2672 2940 pronuncia-

550 2956 815 3028 tionem
842 2985 856 3029 :
889 2985 1017 3030 nec
1047 2986 1163 3030 me
1188 2957 1471 3030 scrutari
1501 2959 1610 3030 lex
1631 2955 1870 3059 jubet,
1900 2985 2042 3058 qua
2070 2957 2225 3057 quis
2254 2983 2458 3029 causa
2481 2983 2670 3032 con·-

552 3073 769 3144 fessus
810 3073 943 3146 sit:
993 3075 1211 3146 immo
1252 3102 1331 3146 ea
1372 3095 1620 3146 natura
1653 3096 1753 3146 est
1793 3074 2022 3146 omnis
2057 3073 2540 3166 confessionis,
2583 3101 2672 3148 ut

554 3187 765 3292 possit
790 3190 1011 3262 videri
1048 3182 1375 3280 demens,
1412 3189 1536 3290 qui
1573 3190 1659 3263 de
1689 3219 1760 3264 se
1795 3192 2183 3264 confitetur.
2214 3193 2473 3262 Furore
2508 3191 2668 3264 im-

556 3308 799 3406 pulsus
832 3329 973 3400 est3
1022 3307 1199 3380 alius
1241 3309 1602 3403 ebrietate,
1649 3309 1822 3381 alius
1857 3336 2124 3404 errore;
2165 3308 2346 3380 alius
2377 3308 2622 3382 dolore
2645 3368 2666 3398 ,

556 3422 848 3523 quidam
892 3425 1264 3524 quaestione
1302 3455 1317 3498 :
1363 3454 1577 3499 nemo
1619 3448 1858 3512 contra
1897 3451 1968 3498 se
2007 3425 2206 3516 dicit,
2249 3424 2383 3497 nisi
2413 3425 2668 3523 aliquo

558 3559 863 3638 cogente.
890 3539 1108 3631 Quod
1138 3542 1329 3615 enim
1358 3568 1580 3642 genus
1603 3543 2051 3615 confessionis
2081 3540 2388 3640 exigitis?
2422 3562 2500 3614 ut
2527 3541 2670 3613 ali-

560 3766 689 3818 tiut'n
706 3765 1137 3820 Declamationis.
1156 3767 1375 3822 Senum.
1393 3771 1562 3832 Fran·
1643 3768 1782 3820 teris.
1812 3769 1906 3818 En.
1935 3795 2008 3806 -
2038 3767 2093 3820 V
2089 3766 2434 3819 indicabatur.
2463 3766 2516 3818 V
2513 3767 2668 3818 indi-

560 3847 673 3897 cius
704 3845 947 3913 volebat‚
981 3847 1142 3900 veluti
1174 3848 1314 3922 leqe,
1348 3845 1562 3901 consilio
1643 3847 1858 3910 cabitur,
1893 3844 2074 3897 AErod.
2112 3875 2182 3884 —
2213 3845 2298 3897 Sic
2333 3863 2510 3916 quum.
2553 3845 2670 3896 Hic

558 3925 800 3998 deceptus
832 3935 909 3978 est
926 3948 941 3977 .·
985 3927 1129 3979 velut
1165 3927 1293 4000 leqis
1326 3924 1560 3979 consilio.
1645 3935 1834 3997 quanm,
1857 3921 2034 3976 AEmd.

560 4006 727 4059 Etiam
756 3997 935 4060 AErod.
1711 4003 2098 4076 2.Exsoquitur.
2113 4005 2456 4076 Exsequetur,
2473 3997 2666 4054 AErod.

638 4097 682 4136 ι.
716 4085 789 4136 Ut
806 4088 848 4138 εἰ
870 4081 1039 4137 illum.
1066 4082 1139 4137 Ut
1160 4082 1204 4138 εἰ
1228 4083 1395 4136 nilum
1412 4123 1430 4149 ,
1457 4082 1561 4136 AEr.
1646 4113 1716 4122 —
1747 4085 1866 4136 Nisi
1895 4085 2202 4136 &cessitate
2227 4083 2484 4135 Francius
2511 4082 2668 4154 lege-

560 4162 647 4216 cui
676 4167 1017 4228 assentimus,
1042 4165 1444 4218 adversantibus
1469 4183 1566 4216 cae—
1647 4165 1766 4227 bat,
1791 4167 1898 4217 ‚eine
1925 4167 2231 4218 necessitate.
2299 4193 2306 4200 ·
