<?xml version="1.0" encoding="UTF-8"?>
<!DOCTYPE html PUBLIC "-//W3C//DTD XHTML 1.0 Transitional//EN"
    "http://www.w3.org/TR/xhtml1/DTD/xhtml1-transitional.dtd">
<html xmlns="http://www.w3.org/1999/xhtml" xml:lang="en" lang="en">
 <head>
  <title>
</title>
<meta http-equiv="Content-Type" content="text/html;charset=utf-8" />
  <meta name='ocr-system' content='tesseract 3.04.00' />
  <meta name='ocr-capabilities' content='ocr_page ocr_carea ocr_par ocr_line ocrx_word'/>
</head>
<body>
  <div class='ocr_page' id='page_1' title='image "./marcusfabiusqui06spalgoog_0404.png"; bbox 0 0 2855 4871; ppageno 0'>
   <div class='ocr_carea' id='block_1_1' title="bbox 565 401 2233 498">
    <p class='ocr_par' dir='ltr' id='par_1_1' title="bbox 565 401 2233 498">
     <span class='ocr_line' id='line_1_1' title="bbox 565 401 2233 498; baseline 0.001 -25"><span class='ocrx_word' id='word_1_1' title='bbox 565 401 1404 473; x_wconf 78' lang='lat' dir='ltr'>DECLAMATIONES.</span> <span class='ocrx_word' id='word_1_2' title='bbox 1455 403 1781 470; x_wconf 78' lang='lat' dir='ltr'><strong>coch.</strong></span> <span class='ocrx_word' id='word_1_3' title='bbox 2102 407 2233 498; x_wconf 80' lang='lat'><strong>399</strong></span> 
     </span>
    </p>
   </div>
   <div class='ocr_carea' id='block_1_2' title="bbox 138 527 2238 1757">
    <p class='ocr_par' dir='ltr' id='par_1_2' title="bbox 138 527 2238 1757">
     <span class='ocr_line' id='line_1_2' title="bbox 140 527 2235 628; baseline -0.002 -22"><span class='ocrx_word' id='word_1_4' title='bbox 140 535 445 606; x_wconf 65' lang='lat' dir='ltr'><strong>solveret.</strong></span> <span class='ocrx_word' id='word_1_5' title='bbox 466 529 733 628; x_wconf 85' lang='lat' dir='ltr'><strong>Saepins</strong></span> <span class='ocrx_word' id='word_1_6' title='bbox 753 527 997 600; x_wconf 82' lang='lat' dir='ltr'><strong>eadem</strong></span> <span class='ocrx_word' id='word_1_7' title='bbox 1019 527 1308 598; x_wconf 86' lang='lat' dir='ltr'><strong>dicenda</strong></span> <span class='ocrx_word' id='word_1_8' title='bbox 1328 547 1524 600; x_wconf 90' lang='lat' dir='ltr'><strong>sunt:</strong></span> <span class='ocrx_word' id='word_1_9' title='bbox 1549 527 1756 600; x_wconf 80' lang='lat' dir='ltr'><strong>etiam</strong></span> <span class='ocrx_word' id='word_1_10' title='bbox 1779 529 2235 627; x_wconf 72' lang='lat' dir='ltr'><strong>gratulamur,</strong></span> 
     </span>
     <span class='ocr_line' id='line_1_3' title="bbox 140 641 2238 733; baseline -0.002 -13"><span class='ocrx_word' id='word_1_11' title='bbox 140 649 189 720; x_wconf 84' lang='lat' dir='ltr'><strong>si</strong></span> <span class='ocrx_word' id='word_1_12' title='bbox 218 647 433 720; x_wconf 85' lang='lat' dir='ltr'><strong>invito</strong></span> <span class='ocrx_word' id='word_1_13' title='bbox 460 667 527 718; x_wconf 86' lang='lat' dir='ltr'><strong>te</strong></span> <span class='ocrx_word' id='word_1_14' title='bbox 551 644 733 718; x_wconf 85' lang='lat' dir='ltr'><strong>liber</strong></span> <span class='ocrx_word' id='word_1_15' title='bbox 757 664 898 716; x_wconf 88' lang='lat' dir='ltr'><strong>est:</strong></span> <span class='ocrx_word' id='word_1_16' title='bbox 928 642 1229 715; x_wconf 86' lang='lat' dir='ltr'><strong>liberum</strong></span> <span class='ocrx_word' id='word_1_17' title='bbox 1258 669 1397 714; x_wconf 85' lang='lat' dir='ltr'><strong>esse</strong></span> <span class='ocrx_word' id='word_1_18' title='bbox 1429 641 1712 714; x_wconf 87' lang='lat' dir='ltr'><strong>noluisti</strong></span> <span class='ocrx_word' id='word_1_19' title='bbox 1730 700 1749 733; x_wconf 86' lang='lat'>‚</span> <span class='ocrx_word' id='word_1_20' title='bbox 1783 643 1994 716; x_wconf 88' lang='lat' dir='ltr'><strong>sedin</strong></span> <span class='ocrx_word' id='word_1_21' title='bbox 2026 645 2238 718; x_wconf 85' lang='lat' dir='ltr'><strong>liber-</strong></span> 
     </span>
     <span class='ocr_line' id='line_1_4' title="bbox 138 756 2233 854; baseline -0.002 -18"><span class='ocrx_word' id='word_1_22' title='bbox 138 785 266 836; x_wconf 81' lang='lat' dir='ltr'><strong>tate</strong></span> <span class='ocrx_word' id='word_1_23' title='bbox 294 789 441 836; x_wconf 87' lang='lat' dir='ltr'><strong>esse</strong></span> <span class='ocrx_word' id='word_1_24' title='bbox 464 760 777 850; x_wconf 80' lang='lat' dir='ltr'><strong>voluisti;</strong></span> <span class='ocrx_word' id='word_1_25' title='bbox 814 758 993 832; x_wconf 82' lang='lat' dir='ltr'><strong>nihil</strong></span> <span class='ocrx_word' id='word_1_26' title='bbox 1028 759 1345 847; x_wconf 82' lang='lat' dir='ltr'><strong>interest,</strong></span> <span class='ocrx_word' id='word_1_27' title='bbox 1382 783 1522 854; x_wconf 75' lang='lat' dir='ltr'><strong>qua</strong></span> <span class='ocrx_word' id='word_1_28' title='bbox 1555 784 1758 830; x_wconf 84' lang='lat' dir='ltr'><strong>causa</strong></span> <span class='ocrx_word' id='word_1_29' title='bbox 1789 756 1922 830; x_wconf 88' lang='lat' dir='ltr'><strong>hoc</strong></span> <span class='ocrx_word' id='word_1_30' title='bbox 1950 759 2233 849; x_wconf 81' lang='lat' dir='ltr'><strong>feceris,</strong></span> 
     </span>
     <span class='ocr_line' id='line_1_5' title="bbox 142 874 2236 978; baseline -0.002 -28"><span class='ocrx_word' id='word_1_31' title='bbox 142 879 207 950; x_wconf 89' lang='lat' dir='ltr'><strong>id</strong></span> <span class='ocrx_word' id='word_1_32' title='bbox 241 900 371 969; x_wconf 80' lang='lat' dir='ltr'><strong>est,</strong></span> <span class='ocrx_word' id='word_1_33' title='bbox 404 899 483 950; x_wconf 90' lang='lat' dir='ltr'><strong>ut</strong></span> <span class='ocrx_word' id='word_1_34' title='bbox 512 876 799 978; x_wconf 84' lang='lat' dir='ltr'><strong>propius</strong></span> <span class='ocrx_word' id='word_1_35' title='bbox 826 874 916 947; x_wconf 85' lang='lat' dir='ltr'><strong>ad</strong></span> <span class='ocrx_word' id='word_1_36' title='bbox 950 875 1159 949; x_wconf 80' lang='lat' dir='ltr'><strong>verba</strong></span> <span class='ocrx_word' id='word_1_37' title='bbox 1194 874 1366 972; x_wconf 79' lang='lat' dir='ltr'><strong>legis</strong></span> <span class='ocrx_word' id='word_1_38' title='bbox 1400 874 1765 964; x_wconf 82' lang='lat' dir='ltr'>accedam,</span> <span class='ocrx_word' id='word_1_39' title='bbox 1799 875 1980 946; x_wconf 86' lang='lat' dir='ltr'><strong>nihil</strong></span> <span class='ocrx_word' id='word_1_40' title='bbox 2021 876 2236 948; x_wconf 85' lang='lat' dir='ltr'><strong>inter·-</strong></span> 
     </span>
     <span class='ocr_line' id='line_1_6' title="bbox 142 988 2234 1089; baseline 0 -25"><span class='ocrx_word' id='word_1_41' title='bbox 142 1013 268 1082; x_wconf 87' lang='lat' dir='ltr'><strong>est,</strong></span> <span class='ocrx_word' id='word_1_42' title='bbox 302 1019 443 1089; x_wconf 87' lang='lat' dir='ltr'><strong>qua</strong></span> <span class='ocrx_word' id='word_1_43' title='bbox 488 1017 699 1064; x_wconf 82' lang='lat' dir='ltr'><strong>causa</strong></span> <span class='ocrx_word' id='word_1_44' title='bbox 740 992 815 1064; x_wconf 88' lang='lat' dir='ltr'><strong>in</strong></span> <span class='ocrx_word' id='word_1_45' title='bbox 865 990 1175 1070; x_wconf 67' lang='lat' dir='ltr'><strong>libertate</strong></span> <span class='ocrx_word' id='word_1_46' title='bbox 1215 1016 1357 1061; x_wconf 83' lang='lat' dir='ltr'><strong>esse</strong></span> <span class='ocrx_word' id='word_1_47' title='bbox 1399 1017 1566 1062; x_wconf 89' lang='lat' dir='ltr'><strong>eum</strong></span> <span class='ocrx_word' id='word_1_48' title='bbox 1609 988 1926 1062; x_wconf 79' lang='lat' dir='ltr'><strong>volueris,</strong></span> <span class='ocrx_word' id='word_1_49' title='bbox 1961 994 2234 1065; x_wconf 87' lang='lat' dir='ltr'><strong>Verum</strong></span> 
     </span>
     <span class='ocr_line' id='line_1_7' title="bbox 146 1103 2236 1204; baseline 0.001 -29"><span class='ocrx_word' id='word_1_50' title='bbox 146 1105 259 1176; x_wconf 79' lang='lat' dir='ltr'><strong>ista</strong></span> <span class='ocrx_word' id='word_1_51' title='bbox 290 1133 535 1195; x_wconf 80' lang='lat' dir='ltr'><strong>causa,</strong></span> <span class='ocrx_word' id='word_1_52' title='bbox 570 1130 786 1204; x_wconf 82' lang='lat' dir='ltr'><strong>quam</strong></span> <span class='ocrx_word' id='word_1_53' title='bbox 825 1103 1225 1202; x_wconf 76' lang='lat' dir='ltr'><strong>praetendis,</strong></span> <span class='ocrx_word' id='word_1_54' title='bbox 1264 1103 1478 1204; x_wconf 78' lang='lat' dir='ltr'><strong>digna</strong></span> <span class='ocrx_word' id='word_1_55' title='bbox 1509 1130 1714 1204; x_wconf 85' lang='lat' dir='ltr'><strong>poena</strong></span> <span class='ocrx_word' id='word_1_56' title='bbox 1742 1125 1881 1178; x_wconf 85' lang='lat' dir='ltr'><strong>est:</strong></span> <span class='ocrx_word' id='word_1_57' title='bbox 1925 1105 2236 1178; x_wconf 84' lang='lat' dir='ltr'><strong>circum-</strong></span> 
     </span>
     <span class='ocr_line' id='line_1_8' title="bbox 145 1219 2235 1322; baseline 0.001 -28"><span class='ocrx_word' id='word_1_58' title='bbox 145 1223 425 1294; x_wconf 82' lang='lat' dir='ltr'><strong>scribere</strong></span> <span class='ocrx_word' id='word_1_59' title='bbox 458 1220 815 1320; x_wconf 75' lang='lat' dir='ltr'><strong>vectigalia</strong></span> <span class='ocrx_word' id='word_1_60' title='bbox 854 1219 1097 1320; x_wconf 90' lang='lat' dir='ltr'><strong>populi</strong></span> <span class='ocrx_word' id='word_1_61' title='bbox 1132 1222 1405 1294; x_wconf 83' lang='lat' dir='ltr'><strong>romani</strong></span> <span class='ocrx_word' id='word_1_62' title='bbox 1443 1221 1756 1317; x_wconf 83' lang='lat' dir='ltr'><strong>voluisti,</strong></span> <span class='ocrx_word' id='word_1_63' title='bbox 1794 1223 2020 1322; x_wconf 87' lang='lat' dir='ltr'><strong>specie</strong></span> <span class='ocrx_word' id='word_1_64' title='bbox 2057 1249 2235 1322; x_wconf 76' lang='lat' dir='ltr'>prae-</span> 
     </span>
     <span class='ocr_line' id='line_1_9' title="bbox 145 1336 2234 1436; baseline 0.002 -28"><span class='ocrx_word' id='word_1_65' title='bbox 145 1338 361 1410; x_wconf 81' lang='lat' dir='ltr'><strong>textati</strong></span> <span class='ocrx_word' id='word_1_66' title='bbox 391 1339 752 1436; x_wconf 83' lang='lat' dir='ltr'>imponere</span> <span class='ocrx_word' id='word_1_67' title='bbox 773 1336 1151 1435; x_wconf 82' lang='lat' dir='ltr'><strong>publicano</strong></span> <span class='ocrx_word' id='word_1_68' title='bbox 1169 1337 1469 1410; x_wconf 84' lang='lat' dir='ltr'><strong>voluisti.</strong></span> <span class='ocrx_word' id='word_1_69' title='bbox 1496 1337 1954 1418; x_wconf 79' lang='lat' dir='ltr'><strong>Postmodum</strong></span> <span class='ocrx_word' id='word_1_70' title='bbox 1979 1339 2234 1426; x_wconf 81' lang='lat' dir='ltr'><strong>dicam,</strong></span> 
     </span>
     <span class='ocr_line' id='line_1_10' title="bbox 147 1451 2238 1553; baseline 0.002 -33"><span class='ocrx_word' id='word_1_71' title='bbox 147 1473 477 1551; x_wconf 86' lang='lat' dir='ltr'><strong>quantum</strong></span> <span class='ocrx_word' id='word_1_72' title='bbox 535 1451 808 1524; x_wconf 88' lang='lat' dir='ltr'><strong>intersit</strong></span> <span class='ocrx_word' id='word_1_73' title='bbox 861 1451 1072 1553; x_wconf 90' lang='lat' dir='ltr'><strong>hujus</strong></span> <span class='ocrx_word' id='word_1_74' title='bbox 1129 1453 1327 1551; x_wconf 84' lang='lat' dir='ltr'><strong>pueri</strong></span> <span class='ocrx_word' id='word_1_75' title='bbox 1363 1479 1378 1522; x_wconf 73' lang='grc' dir='ltr'><strong><em>ε</em></strong></span> <span class='ocrx_word' id='word_1_76' title='bbox 1440 1452 1718 1525; x_wconf 84' lang='lat' dir='ltr'><strong>interim</strong></span> <span class='ocrx_word' id='word_1_77' title='bbox 1782 1451 2014 1551; x_wconf 83' lang='lat' dir='ltr'><strong>dicam</strong></span> <span class='ocrx_word' id='word_1_78' title='bbox 2038 1510 2057 1544; x_wconf 85' lang='lat'>,</span> <span class='ocrx_word' id='word_1_79' title='bbox 2117 1473 2238 1524; x_wconf 85' lang='lat' dir='ltr'><strong>tua</strong></span> 
     </span>
     <span class='ocr_line' id='line_1_11' title="bbox 149 1565 2236 1668; baseline 0.001 -30"><span class='ocrx_word' id='word_1_80' title='bbox 149 1567 307 1662; x_wconf 87' lang='lat' dir='ltr'><strong>quid</strong></span> <span class='ocrx_word' id='word_1_81' title='bbox 347 1565 679 1642; x_wconf 85' lang='lat' dir='ltr'><strong>interest?</strong></span> <span class='ocrx_word' id='word_1_82' title='bbox 726 1567 913 1663; x_wconf 90' lang='lat' dir='ltr'><strong>quod</strong></span> <span class='ocrx_word' id='word_1_83' title='bbox 962 1567 1289 1668; x_wconf 84' lang='lat' dir='ltr'><strong>petieras,</strong></span> <span class='ocrx_word' id='word_1_84' title='bbox 1328 1593 1476 1640; x_wconf 85' lang='lat' dir='ltr'><strong>non</strong></span> <span class='ocrx_word' id='word_1_85' title='bbox 1515 1567 1804 1666; x_wconf 76' lang='lat' dir='ltr'><strong>contigit</strong></span> <span class='ocrx_word' id='word_1_86' title='bbox 1843 1566 2012 1646; x_wconf 83' lang='lat' dir='ltr'><strong>tibi:</strong></span> <span class='ocrx_word' id='word_1_87' title='bbox 2054 1580 2236 1641; x_wconf 82' lang='lat' dir='ltr'><strong>¹non</strong></span> 
     </span>
     <span class='ocr_line' id='line_1_12' title="bbox 152 1684 458 1757; baseline 0.016 -5"><span class='ocrx_word' id='word_1_88' title='bbox 152 1684 458 1757; x_wconf 80' lang='lat' dir='ltr'><strong>fefellisti.</strong></span> 
     </span>
    </p>
   </div>
   <div class='ocr_carea' id='block_1_3' title="bbox 1000 1839 1367 1907">
    <p class='ocr_par' dir='ltr' id='par_1_3' title="bbox 1000 1839 1367 1907">
     <span class='ocr_line' id='line_1_13' title="bbox 1000 1839 1367 1907; baseline -0.008 0"><span class='ocrx_word' id='word_1_89' title='bbox 1000 1839 1367 1907; x_wconf 88' lang='lat' dir='ltr'><strong>SERMO.</strong></span> 
     </span>
    </p>
   </div>
   <div class='ocr_carea' id='block_1_4' title="bbox 234 1996 1670 2088">
    <p class='ocr_par' dir='ltr' id='par_1_4' title="bbox 234 1996 1670 2088">
     <span class='ocr_line' id='line_1_14' title="bbox 234 1996 1670 2088; baseline 0.002 -27"><span class='ocrx_word' id='word_1_90' title='bbox 234 1999 380 2063; x_wconf 84' lang='lat' dir='ltr'><strong>Haec</strong></span> <span class='ocrx_word' id='word_1_91' title='bbox 406 1998 579 2062; x_wconf 82' lang='lat' dir='ltr'><strong>circa</strong></span> <span class='ocrx_word' id='word_1_92' title='bbox 601 1997 751 2088; x_wconf 84' lang='lat' dir='ltr'><strong>jus:</strong></span> <span class='ocrx_word' id='word_1_93' title='bbox 782 1997 893 2062; x_wconf 86' lang='lat' dir='ltr'><strong>illa</strong></span> <span class='ocrx_word' id='word_1_94' title='bbox 911 1996 1050 2088; x_wconf 81' lang='lat' dir='ltr'><strong>jam</strong></span> <span class='ocrx_word' id='word_1_95' title='bbox 1076 1998 1243 2062; x_wconf 82' lang='lat' dir='ltr'><strong>circa</strong></span> <span class='ocrx_word' id='word_1_96' title='bbox 1268 1999 1670 2087; x_wconf 82' lang='lat' dir='ltr'><strong>aequitatem.</strong></span> 
     </span>
    </p>
   </div>
   <div class='ocr_carea' id='block_1_5' title="bbox 832 2188 1588 2285">
    <p class='ocr_par' dir='ltr' id='par_1_5' title="bbox 832 2188 1588 2285">
     <span class='ocr_line' id='line_1_15' title="bbox 832 2188 1588 2285; baseline -0.003 -31"><span class='ocrx_word' id='word_1_97' title='bbox 832 2188 1588 2285; x_wconf 41' lang='lat' dir='ltr'>DECLAMATIO„</span> 
     </span>
    </p>
   </div>
   <div class='ocr_carea' id='block_1_6' title="bbox 159 2351 2240 3382">
    <p class='ocr_par' dir='ltr' id='par_1_6' title="bbox 159 2351 2240 3382">
     <span class='ocr_line' id='line_1_16' title="bbox 238 2351 2236 2455; baseline 0 -29"><span class='ocrx_word' id='word_1_98' title='bbox 238 2353 405 2444; x_wconf 81' lang='lat' dir='ltr'><strong>Quae</strong></span> <span class='ocrx_word' id='word_1_99' title='bbox 449 2381 774 2455; x_wconf 81' lang='lat' dir='ltr'><strong>passurus</strong></span> <span class='ocrx_word' id='word_1_100' title='bbox 819 2375 920 2427; x_wconf 80' lang='lat' dir='ltr'><strong>est</strong></span> <span class='ocrx_word' id='word_1_101' title='bbox 962 2353 1079 2426; x_wconf 82' lang='lat' dir='ltr'><strong>hie</strong></span> <span class='ocrx_word' id='word_1_102' title='bbox 1120 2380 1298 2454; x_wconf 86' lang='lat' dir='ltr'><strong>puer</strong></span> <span class='ocrx_word' id='word_1_103' title='bbox 1346 2353 1640 2428; x_wconf 85' lang='lat' dir='ltr'><strong>domino</strong></span> <span class='ocrx_word' id='word_1_104' title='bbox 1688 2351 2038 2444; x_wconf 65' lang='lat' dir='ltr'><strong>reddituS,</strong></span> <span class='ocrx_word' id='word_1_105' title='bbox 2085 2353 2236 2427; x_wconf 84' lang='lat' dir='ltr'><strong>sine</strong></span> 
     </span>
     <span class='ocr_line' id='line_1_17' title="bbox 159 2466 2238 2567; baseline 0.001 -31"><span class='ocrx_word' id='word_1_106' title='bbox 159 2466 351 2541; x_wconf 88' lang='lat' dir='ltr'><strong>dubio</strong></span> <span class='ocrx_word' id='word_1_107' title='bbox 372 2470 725 2545; x_wconf 84' lang='lat' dir='ltr'><strong>novimus:</strong></span> <span class='ocrx_word' id='word_1_108' title='bbox 750 2470 949 2542; x_wconf 86' lang='lat' dir='ltr'><strong>istam</strong></span> <span class='ocrx_word' id='word_1_109' title='bbox 974 2468 1518 2567; x_wconf 79' lang='lat' dir='ltr'><strong>negotiationem</strong></span> <span class='ocrx_word' id='word_1_110' title='bbox 1537 2525 1556 2559; x_wconf 85' lang='lat'>,</span> <span class='ocrx_word' id='word_1_111' title='bbox 1585 2489 1651 2539; x_wconf 80' lang='lat' dir='ltr'><strong>et</strong></span> <span class='ocrx_word' id='word_1_112' title='bbox 1673 2466 2238 2567; x_wconf 79' lang='lat' dir='ltr'><strong>frequentissima</strong></span> 
     </span>
     <span class='ocr_line' id='line_1_18' title="bbox 162 2582 2237 2688; baseline 0.002 -37"><span class='ocrx_word' id='word_1_113' title='bbox 162 2582 221 2653; x_wconf 89' lang='lat' dir='ltr'><strong>in</strong></span> <span class='ocrx_word' id='word_1_114' title='bbox 268 2586 408 2659; x_wconf 84' lang='lat' dir='ltr'><strong>foro</strong></span> <span class='ocrx_word' id='word_1_115' title='bbox 452 2587 773 2660; x_wconf 88' lang='lat' dir='ltr'><strong>videmus</strong></span> <span class='ocrx_word' id='word_1_116' title='bbox 816 2586 1088 2688; x_wconf 84' lang='lat' dir='ltr'><strong>judicia</strong></span> <span class='ocrx_word' id='word_1_117' title='bbox 1136 2586 1391 2659; x_wconf 85' lang='lat' dir='ltr'><strong>talium</strong></span> <span class='ocrx_word' id='word_1_118' title='bbox 1439 2584 1883 2686; x_wconf 83' lang='lat' dir='ltr'><strong>injuriarum.</strong></span> <span class='ocrx_word' id='word_1_119' title='bbox 1929 2586 2237 2655; x_wconf 80' lang='lat' dir='ltr'><strong>Fortasse</strong></span> 
     </span>
     <span class='ocr_line' id='line_1_19' title="bbox 161 2699 2238 2802; baseline 0.002 -35"><span class='ocrx_word' id='word_1_120' title='bbox 161 2699 349 2773; x_wconf 85' lang='lat' dir='ltr'><strong>etiam</strong></span> <span class='ocrx_word' id='word_1_121' title='bbox 372 2726 576 2775; x_wconf 85' lang='lat' dir='ltr'><strong>natus</strong></span> <span class='ocrx_word' id='word_1_122' title='bbox 596 2724 695 2775; x_wconf 90' lang='lat' dir='ltr'><strong>est</strong></span> <span class='ocrx_word' id='word_1_123' title='bbox 720 2704 981 2802; x_wconf 77' lang='lat' dir='ltr'><strong>ingenu</strong></span> <span class='ocrx_word' id='word_1_124' title='bbox 992 2730 1106 2774; x_wconf 85' lang='lat' dir='ltr'><strong>us:</strong></span> <span class='ocrx_word' id='word_1_125' title='bbox 1136 2702 1423 2775; x_wconf 85' lang='lat' dir='ltr'><strong>fortasse</strong></span> <span class='ocrx_word' id='word_1_126' title='bbox 1453 2722 1648 2800; x_wconf 82' lang='lat' dir='ltr'><strong>rapto</strong></span> <span class='ocrx_word' id='word_1_127' title='bbox 1677 2729 1756 2773; x_wconf 86' lang='lat' dir='ltr'><strong>ex</strong></span> <span class='ocrx_word' id='word_1_128' title='bbox 1781 2700 2014 2797; x_wconf 84' lang='lat' dir='ltr'><strong>aliquo</strong></span> <span class='ocrx_word' id='word_1_129' title='bbox 2042 2699 2238 2771; x_wconf 88' lang='lat' dir='ltr'><strong>litore</strong></span> 
     </span>
     <span class='ocr_line' id='line_1_20' title="bbox 162 2813 2240 2912; baseline -0 -27"><span class='ocrx_word' id='word_1_130' title='bbox 162 2837 525 2907; x_wconf 75' lang='lat' dir='ltr'><strong>praetextam</strong></span> <span class='ocrx_word' id='word_1_131' title='bbox 560 2819 837 2891; x_wconf 83' lang='lat' dir='ltr'><strong>fortuna</strong></span> <span class='ocrx_word' id='word_1_132' title='bbox 868 2816 1193 2890; x_wconf 87' lang='lat' dir='ltr'><strong>reddidit.</strong></span> <span class='ocrx_word' id='word_1_133' title='bbox 1230 2815 1417 2889; x_wconf 91' lang='lat' dir='ltr'><strong>Illud</strong></span> <span class='ocrx_word' id='word_1_134' title='bbox 1452 2836 1556 2887; x_wconf 86' lang='lat' dir='ltr'><strong>est</strong></span> <span class='ocrx_word' id='word_1_135' title='bbox 1581 2836 1815 2888; x_wconf 88' lang='lat' dir='ltr'><strong>tamen</strong></span> <span class='ocrx_word' id='word_1_136' title='bbox 1838 2871 1858 2904; x_wconf 85' lang='lat'>‚</span> <span class='ocrx_word' id='word_1_137' title='bbox 1893 2813 2082 2912; x_wconf 86' lang='lat' dir='ltr'><strong>quod</strong></span> <span class='ocrx_word' id='word_1_138' title='bbox 2114 2839 2240 2885; x_wconf 87' lang='lat' dir='ltr'><strong>nos</strong></span> 
     </span>
     <span class='ocr_line' id='line_1_21' title="bbox 164 2929 2234 3031; baseline 0.001 -33"><span class='ocrx_word' id='word_1_139' title='bbox 164 2932 397 3028; x_wconf 75' lang='lat' dir='ltr'><strong>magis²</strong></span> <span class='ocrx_word' id='word_1_140' title='bbox 438 2935 825 3007; x_wconf 84' lang='lat' dir='ltr'><strong>confundat</strong></span> <span class='ocrx_word' id='word_1_141' title='bbox 858 2962 873 3003; x_wconf 75' lang='grc' dir='ltr'>ε</span> <span class='ocrx_word' id='word_1_142' title='bbox 928 2932 1200 3003; x_wconf 87' lang='lat' dir='ltr'><strong>videtur</strong></span> <span class='ocrx_word' id='word_1_143' title='bbox 1241 2932 1580 3029; x_wconf 79' lang='lat' dir='ltr'><strong>mangoni</strong></span> <span class='ocrx_word' id='word_1_144' title='bbox 1633 2958 1809 3031; x_wconf 87' lang='lat' dir='ltr'><strong>puer</strong></span> <span class='ocrx_word' id='word_1_145' title='bbox 1853 2929 2186 3030; x_wconf 88' lang='lat' dir='ltr'><strong>pretiosus</strong></span> <span class='ocrx_word' id='word_1_146' title='bbox 2219 2957 2234 3000; x_wconf 90' lang='lat'>:</span> 
     </span>
     <span class='ocr_line' id='line_1_22' title="bbox 162 3042 2238 3148; baseline 0.003 -36"><span class='ocrx_word' id='word_1_147' title='bbox 162 3042 408 3137; x_wconf 89' lang='lat' dir='ltr'><strong>timuit,</strong></span> <span class='ocrx_word' id='word_1_148' title='bbox 440 3076 533 3121; x_wconf 91' lang='lat' dir='ltr'><strong>ne</strong></span> <span class='ocrx_word' id='word_1_149' title='bbox 564 3076 819 3148; x_wconf 81' lang='lat' dir='ltr'><strong>magno</strong></span> <span class='ocrx_word' id='word_1_150' title='bbox 850 3048 1341 3120; x_wconf 67' lang='lat' dir='ltr'><strong>aestimaretur:</strong></span> <span class='ocrx_word' id='word_1_151' title='bbox 1376 3046 1506 3119; x_wconf 84' lang='lat' dir='ltr'><strong>ista</strong></span> <span class='ocrx_word' id='word_1_152' title='bbox 1536 3047 1794 3146; x_wconf 88' lang='lat' dir='ltr'><strong>species</strong></span> <span class='ocrx_word' id='word_1_153' title='bbox 1825 3046 1897 3117; x_wconf 90' lang='lat' dir='ltr'><strong>in</strong></span> <span class='ocrx_word' id='word_1_154' title='bbox 1927 3072 2238 3142; x_wconf 83' lang='lat' dir='ltr'><strong>quacun·</strong></span> 
     </span>
     <span class='ocr_line' id='line_1_23' title="bbox 164 3161 2234 3263; baseline 0.003 -34"><span class='ocrx_word' id='word_1_155' title='bbox 164 3184 280 3252; x_wconf 83' lang='lat' dir='ltr'><strong>que</strong></span> <span class='ocrx_word' id='word_1_156' title='bbox 305 3166 625 3238; x_wconf 83' lang='lat' dir='ltr'><strong>servitute</strong></span> <span class='ocrx_word' id='word_1_157' title='bbox 650 3164 1063 3239; x_wconf 83' lang='lat' dir='ltr'><strong>miserabilis</strong></span> <span class='ocrx_word' id='word_1_158' title='bbox 1084 3164 1281 3237; x_wconf 87' lang='lat' dir='ltr'><strong>foret.</strong></span> <span class='ocrx_word' id='word_1_159' title='bbox 1299 3166 1656 3262; x_wconf 78' lang='lat' dir='ltr'><strong>Rogamus</strong></span> <span class='ocrx_word' id='word_1_160' title='bbox 1673 3189 1824 3254; x_wconf 78' lang='lat' dir='ltr'><strong>vos,</strong></span> <span class='ocrx_word' id='word_1_161' title='bbox 1846 3161 1874 3208; x_wconf 84' lang='lat'>³</span> <span class='ocrx_word' id='word_1_162' title='bbox 1875 3162 2234 3263; x_wconf 85' lang='lat' dir='ltr'><strong>judicetis,</strong></span> 
     </span>
     <span class='ocr_line' id='line_1_24' title="bbox 165 3272 2237 3382; baseline 0.001 -33"><span class='ocrx_word' id='word_1_163' title='bbox 165 3272 353 3369; x_wconf 83' lang='lat' dir='ltr'><strong>quam</strong></span> <span class='ocrx_word' id='word_1_164' title='bbox 378 3283 603 3354; x_wconf 83' lang='lat' dir='ltr'><strong>multa</strong></span> <span class='ocrx_word' id='word_1_165' title='bbox 628 3284 851 3356; x_wconf 88' lang='lat' dir='ltr'><strong>facere</strong></span> <span class='ocrx_word' id='word_1_166' title='bbox 879 3281 1094 3382; x_wconf 85' lang='lat' dir='ltr'><strong>possit</strong></span> <span class='ocrx_word' id='word_1_167' title='bbox 1125 3280 1449 3359; x_wconf 85' lang='lat' dir='ltr'><strong>adversus</strong></span> <span class='ocrx_word' id='word_1_168' title='bbox 1481 3306 1779 3381; x_wconf 84' lang='lat' dir='ltr'><strong>puerum</strong></span> <span class='ocrx_word' id='word_1_169' title='bbox 1815 3304 2075 3379; x_wconf 77' lang='lat' dir='ltr'><strong>mango</strong></span> <span class='ocrx_word' id='word_1_170' title='bbox 2097 3278 2237 3351; x_wconf 83' lang='lat' dir='ltr'><strong>ira-</strong></span> 
     </span>
    </p>
   </div>
   <div class='ocr_carea' id='block_1_7' title="bbox 162 3408 2238 3722">
    <p class='ocr_par' dir='ltr' id='par_1_7' title="bbox 162 3408 2238 3722">
     <span class='ocr_line' id='line_1_25' title="bbox 165 3408 2238 3489; baseline -0.003 -22"><span class='ocrx_word' id='word_1_171' title='bbox 165 3408 289 3475; x_wconf 67' lang='lat' dir='ltr'><strong>sspud</strong></span> <span class='ocrx_word' id='word_1_172' title='bbox 320 3413 625 3469; x_wconf 79' lang='lat' dir='ltr'><strong>Ciceronem</strong></span> <span class='ocrx_word' id='word_1_173' title='bbox 664 3431 717 3469; x_wconf 83' lang='lat' dir='ltr'><strong>et</strong></span> <span class='ocrx_word' id='word_1_174' title='bbox 752 3416 899 3489; x_wconf 74' lang='lat' dir='ltr'><strong>opud</strong></span> <span class='ocrx_word' id='word_1_175' title='bbox 930 3429 1145 3471; x_wconf 73' lang='lat' dir='ltr'><strong>nostros</strong></span> <span class='ocrx_word' id='word_1_176' title='bbox 1224 3412 1368 3487; x_wconf 78' lang='lat' dir='ltr'><strong>quod</strong></span> <span class='ocrx_word' id='word_1_177' title='bbox 1389 3412 1644 3484; x_wconf 60' lang='lat' dir='ltr'><strong>potientis,</strong></span> <span class='ocrx_word' id='word_1_178' title='bbox 1676 3413 1901 3485; x_wconf 64' lang='lat' dir='ltr'><strong>contigit</strong></span> <span class='ocrx_word' id='word_1_179' title='bbox 1925 3411 2049 3465; x_wconf 75' lang='lat' dir='ltr'><strong>tibi.-</strong></span> <span class='ocrx_word' id='word_1_180' title='bbox 2067 3408 2238 3483; x_wconf 66' lang='lat' dir='ltr'><strong><em>f‘f‘l·</em></strong></span> 
     </span>
     <span class='ocr_line' id='line_1_26' title="bbox 162 3487 2238 3567; baseline 0.001 -26"><span class='ocrx_word' id='word_1_181' title='bbox 162 3487 560 3553; x_wconf 75' lang='lat' dir='ltr'><strong>jurisconsultos.</strong></span> <span class='ocrx_word' id='word_1_182' title='bbox 586 3498 771 3551; x_wconf 77' lang='lat' dir='ltr'><strong>Cicero</strong></span> <span class='ocrx_word' id='word_1_183' title='bbox 798 3497 866 3551; x_wconf 76' lang='lat' dir='ltr'><strong>ad</strong></span> <span class='ocrx_word' id='word_1_184' title='bbox 889 3500 1147 3567; x_wconf 77' lang='lat' dir='ltr'><strong>Quintum</strong></span> <span class='ocrx_word' id='word_1_185' title='bbox 1226 3492 1347 3551; x_wconf 71' lang='lat' dir='ltr'><strong>listi.</strong></span> <span class='ocrx_word' id='word_1_186' title='bbox 1382 3492 1444 3545; x_wconf 78' lang='lat' dir='ltr'><strong>ld</strong></span> <span class='ocrx_word' id='word_1_187' title='bbox 1477 3492 1672 3563; x_wconf 68' lang='lat' dir='ltr'><strong>ageba·</strong></span> <span class='ocrx_word' id='word_1_188' title='bbox 1690 3529 1706 3559; x_wconf 86' lang='lat'>,</span> <span class='ocrx_word' id='word_1_189' title='bbox 1741 3503 1800 3545; x_wconf 78' lang='lat' dir='ltr'><strong>ut</strong></span> <span class='ocrx_word' id='word_1_190' title='bbox 1827 3489 2103 3546; x_wconf 68' lang='lat' dir='ltr'><strong>fraudares</strong></span> <span class='ocrx_word' id='word_1_191' title='bbox 2137 3507 2238 3562; x_wconf 76' lang='lat' dir='ltr'><strong>pu-</strong></span> 
     </span>
     <span class='ocr_line' id='line_1_27' title="bbox 164 3558 2238 3649; baseline -0 -28"><span class='ocrx_word' id='word_1_192' title='bbox 164 3562 381 3638; x_wconf 63' lang='grc' dir='ltr'><strong>ἤθει-σω,</strong></span> <span class='ocrx_word' id='word_1_193' title='bbox 398 3588 451 3627; x_wconf 86' lang='lat' dir='ltr'><strong>et</strong></span> <span class='ocrx_word' id='word_1_194' title='bbox 468 3576 503 3629; x_wconf 84' lang='lat'>6</span> <span class='ocrx_word' id='word_1_195' title='bbox 522 3576 937 3649; x_wconf 72' lang='lat' dir='ltr'><strong>Parad.U1pian.</strong></span> <span class='ocrx_word' id='word_1_196' title='bbox 956 3576 990 3629; x_wconf 88' lang='lat' dir='ltr'><strong>l.</strong></span> <span class='ocrx_word' id='word_1_197' title='bbox 1017 3594 1061 3643; x_wconf 85' lang='grc' dir='ltr'><strong>ι,</strong></span> <span class='ocrx_word' id='word_1_198' title='bbox 1082 3576 1145 3627; x_wconf 83' lang='lat' dir='ltr'><strong>ff.</strong></span> <span class='ocrx_word' id='word_1_199' title='bbox 1223 3569 1496 3623; x_wconf 77' lang='lat' dir='ltr'><strong>blicanos=</strong></span> <span class='ocrx_word' id='word_1_200' title='bbox 1525 3570 1628 3623; x_wconf 84' lang='lat' dir='ltr'><strong>hoc</strong></span> <span class='ocrx_word' id='word_1_201' title='bbox 1651 3570 1876 3641; x_wconf 66' lang='lat' dir='ltr'><strong>contigit</strong></span> <span class='ocrx_word' id='word_1_202' title='bbox 1901 3558 2022 3634; x_wconf 67' lang='lat' dir='ltr'><strong>tibi,</strong></span> <span class='ocrx_word' id='word_1_203' title='bbox 2046 3588 2140 3623; x_wconf 83' lang='lat' dir='ltr'><strong>eos</strong></span> <span class='ocrx_word' id='word_1_204' title='bbox 2159 3570 2238 3621; x_wconf 77' lang='lat' dir='ltr'><strong>fe·</strong></span> 
     </span>
     <span class='ocr_line' id='line_1_28' title="bbox 166 3640 1616 3722; baseline 0 -15"><span class='ocrx_word' id='word_1_205' title='bbox 166 3640 223 3694; x_wconf 76' lang='lat' dir='ltr'><strong>de</strong></span> <span class='ocrx_word' id='word_1_206' title='bbox 250 3650 451 3717; x_wconf 72' lang='lat' dir='ltr'><strong>publica</strong></span> <span class='ocrx_word' id='word_1_207' title='bbox 468 3692 485 3719; x_wconf 95' lang='lat'><strong>‚</strong></span> <span class='ocrx_word' id='word_1_208' title='bbox 502 3654 557 3722; x_wconf 72' lang='grc' dir='ltr'><strong>Ι1.</strong></span> <span class='ocrx_word' id='word_1_209' title='bbox 594 3668 653 3709; x_wconf 82' lang='lat' dir='ltr'><strong>ut</strong></span> <span class='ocrx_word' id='word_1_210' title='bbox 684 3658 739 3707; x_wconf 83' lang='lat' dir='ltr'><strong>in</strong></span> <span class='ocrx_word' id='word_1_211' title='bbox 774 3656 1147 3709; x_wconf 76' lang='lat' dir='ltr'><strong>conductioni·</strong></span> <span class='ocrx_word' id='word_1_212' title='bbox 1226 3649 1425 3703; x_wconf 75' lang='lat' dir='ltr'><strong>fellisti.</strong></span> <span class='ocrx_word' id='word_1_213' title='bbox 1449 3651 1616 3705; x_wconf 72' lang='lat' dir='ltr'><strong>Gnou-</strong></span> 
     </span>
    </p>
   </div>
   <div class='ocr_carea' id='block_1_8' title="bbox 166 3718 2239 3964">
    <p class='ocr_par' dir='ltr' id='par_1_8' title="bbox 166 3718 2239 3964">
     <span class='ocr_line' id='line_1_29' title="bbox 166 3718 2238 3807; baseline -0.004 -17"><span class='ocrx_word' id='word_1_214' title='bbox 166 3718 277 3790; x_wconf 56' lang='lat'>¹³⁰⁸,</span> <span class='ocrx_word' id='word_1_215' title='bbox 298 3730 357 3783; x_wconf 76' lang='lat' dir='ltr'><strong>ff·</strong></span> <span class='ocrx_word' id='word_1_216' title='bbox 376 3752 472 3803; x_wconf 81' lang='lat' dir='ltr'><strong>pro</strong></span> <span class='ocrx_word' id='word_1_217' title='bbox 494 3736 672 3802; x_wconf 78' lang='lat' dir='ltr'><strong>socio,</strong></span> <span class='ocrx_word' id='word_1_218' title='bbox 690 3735 725 3787; x_wconf 88' lang='lat' dir='ltr'><strong>l.</strong></span> <span class='ocrx_word' id='word_1_219' title='bbox 746 3734 896 3787; x_wconf 82' lang='lat' dir='ltr'><strong>miles</strong></span> <span class='ocrx_word' id='word_1_220' title='bbox 916 3752 979 3787; x_wconf 79' lang='lat' dir='ltr'><strong>ex</strong></span> <span class='ocrx_word' id='word_1_221' title='bbox 999 3734 1143 3807; x_wconf 83' lang='lat' dir='ltr'><strong>quib.</strong></span> <span class='ocrx_word' id='word_1_222' title='bbox 1300 3748 1351 3786; x_wconf 82' lang='lat'><strong>2.</strong></span> <span class='ocrx_word' id='word_1_223' title='bbox 1393 3732 1548 3801; x_wconf 69' lang='lat' dir='ltr'><strong>Quod</strong></span> <span class='ocrx_word' id='word_1_224' title='bbox 1585 3750 1680 3785; x_wconf 70' lang='lat' dir='ltr'><strong>noo</strong></span> <span class='ocrx_word' id='word_1_225' title='bbox 1715 3730 1900 3803; x_wconf 65' lang='lat' dir='ltr'><strong>magis.</strong></span> <span class='ocrx_word' id='word_1_226' title='bbox 1945 3728 2032 3781; x_wconf 75' lang='lat' dir='ltr'><strong>An</strong></span> <span class='ocrx_word' id='word_1_227' title='bbox 2049 3766 2068 3795; x_wconf 86' lang='lat'>‚</span> <span class='ocrx_word' id='word_1_228' title='bbox 2114 3730 2238 3783; x_wconf 75' lang='lat' dir='ltr'><strong>vos?</strong></span> 
     </span>
     <span class='ocr_line' id='line_1_30' title="bbox 166 3802 2235 3885; baseline 0.003 -32"><span class='ocrx_word' id='word_1_229' title='bbox 166 3816 267 3855; x_wconf 72' lang='lat' dir='ltr'>cau.</span> <span class='ocrx_word' id='word_1_230' title='bbox 290 3813 439 3880; x_wconf 72' lang='lat' dir='ltr'><strong>majo.</strong></span> <span class='ocrx_word' id='word_1_231' title='bbox 465 3814 503 3865; x_wconf 85' lang='grc' dir='ltr'><strong>Ι.</strong></span> <span class='ocrx_word' id='word_1_232' title='bbox 528 3814 961 3879; x_wconf 69' lang='lat' dir='ltr'><strong>fideicommissa,</strong></span> <span class='ocrx_word' id='word_1_233' title='bbox 985 3812 1031 3885; x_wconf 84' lang='lat'><strong>§.</strong></span> <span class='ocrx_word' id='word_1_234' title='bbox 1061 3816 1147 3867; x_wconf 76' lang='lat' dir='ltr'><strong>in-</strong></span> <span class='ocrx_word' id='word_1_235' title='bbox 1228 3811 1405 3863; x_wconf 74' lang='lat' dir='ltr'><strong>omisit</strong></span> <span class='ocrx_word' id='word_1_236' title='bbox 1419 3828 1544 3863; x_wconf 75' lang='lat' dir='ltr'><strong>vero</strong></span> <span class='ocrx_word' id='word_1_237' title='bbox 1557 3808 1804 3862; x_wconf 79' lang='lat' dir='ltr'><strong>voculam</strong></span> <span class='ocrx_word' id='word_1_238' title='bbox 1817 3806 1957 3862; x_wconf 72' lang='lat' dir='ltr'><strong>hane</strong></span> <span class='ocrx_word' id='word_1_239' title='bbox 1971 3802 2235 3861; x_wconf 66' lang='lat' dir='ltr'><strong>AErodiun.</strong></span> 
     </span>
     <span class='ocr_line' id='line_1_31' title="bbox 166 3883 2239 3964; baseline 0.001 -30"><span class='ocrx_word' id='word_1_240' title='bbox 166 3883 353 3939; x_wconf 76' lang='lat' dir='ltr'><strong>teu-dum</strong></span> <span class='ocrx_word' id='word_1_241' title='bbox 371 3889 437 3945; x_wconf 79' lang='lat' dir='ltr'><strong>de</strong></span> <span class='ocrx_word' id='word_1_242' title='bbox 458 3892 615 3964; x_wconf 68' lang='lat' dir='ltr'><strong>legat.</strong></span> <span class='ocrx_word' id='word_1_243' title='bbox 641 3893 731 3947; x_wconf 87' lang='lat' dir='ltr'><strong>lib.</strong></span> <span class='ocrx_word' id='word_1_244' title='bbox 758 3895 823 3947; x_wconf 82' lang='lat' dir='ltr'><strong>ll.</strong></span> <span class='ocrx_word' id='word_1_245' title='bbox 848 3892 1029 3945; x_wconf 71' lang='lat' dir='ltr'><strong>AEnou.</strong></span> <span class='ocrx_word' id='word_1_246' title='bbox 1298 3888 1347 3941; x_wconf 84' lang='lat'><strong>3.</strong></span> <span class='ocrx_word' id='word_1_247' title='bbox 1374 3888 1638 3960; x_wconf 67' lang='lat' dir='ltr'><strong>Royamus</strong></span> <span class='ocrx_word' id='word_1_248' title='bbox 1659 3906 1746 3940; x_wconf 75' lang='lat' dir='ltr'><strong>vos</strong></span> <span class='ocrx_word' id='word_1_249' title='bbox 1761 3924 1782 3952; x_wconf 87' lang='lat'>,</span> <span class='ocrx_word' id='word_1_250' title='bbox 1786 3885 2048 3957; x_wconf 71' lang='lat' dir='ltr'><strong>judicetis.</strong></span> <span class='ocrx_word' id='word_1_251' title='bbox 2073 3886 2239 3937; x_wconf 70' lang='lat' dir='ltr'><strong>Fran-</strong></span> 
     </span>
    </p>
   </div>
   <div class='ocr_carea' id='block_1_9' title="bbox 168 3966 2238 4203">
    <p class='ocr_par' dir='ltr' id='par_1_9' title="bbox 168 3966 2238 4203">
     <span class='ocr_line' id='line_1_32' title="bbox 234 3966 2236 4045; baseline 0.009 -24"><span class='ocrx_word' id='word_1_252' title='bbox 234 3978 273 4013; x_wconf 82' lang='lat'><strong>1-</strong></span> <span class='ocrx_word' id='word_1_253' title='bbox 316 3968 465 4038; x_wconf 82' lang='lat' dir='ltr'><strong>Quod</strong></span> <span class='ocrx_word' id='word_1_254' title='bbox 492 3974 743 4044; x_wconf 75' lang='lat' dir='ltr'><strong>petieras,</strong></span> <span class='ocrx_word' id='word_1_255' title='bbox 779 3992 887 4027; x_wconf 78' lang='lat' dir='ltr'><strong>non</strong></span> <span class='ocrx_word' id='word_1_256' title='bbox 930 3972 1151 4045; x_wconf 71' lang='lat' dir='ltr'><strong>contiyit</strong></span> <span class='ocrx_word' id='word_1_257' title='bbox 1227 3970 1339 4023; x_wconf 67' lang='lat' dir='ltr'><strong>cim</strong></span> <span class='ocrx_word' id='word_1_258' title='bbox 1362 3968 1602 4040; x_wconf 72' lang='lat' dir='ltr'><strong>legebat,</strong></span> <span class='ocrx_word' id='word_1_259' title='bbox 1628 3966 2236 4039; x_wconf 60' lang='lat' dir='ltr'><strong>⁰⁰⁸2jud5002·-·Q“⁶m</strong></span> 
     </span>
     <span class='ocr_line' id='line_1_33' title="bbox 170 4036 2238 4121; baseline -0.002 -16"><span class='ocrx_word' id='word_1_260' title='bbox 170 4036 275 4105; x_wconf 60' lang='lat'><strong>¹5⁶5,</strong></span> <span class='ocrx_word' id='word_1_261' title='bbox 294 4062 397 4099; x_wconf 65' lang='lat' dir='ltr'><strong>”on</strong></span> <span class='ocrx_word' id='word_1_262' title='bbox 403 4049 670 4121; x_wconf 73' lang='lat' dir='ltr'><strong>fefellisti.</strong></span> <span class='ocrx_word' id='word_1_263' title='bbox 686 4052 1021 4105; x_wconf 74' lang='lat' dir='ltr'><strong>Contrarium</strong></span> <span class='ocrx_word' id='word_1_264' title='bbox 1036 4052 1147 4104; x_wconf 80' lang='lat' dir='ltr'><strong>vult</strong></span> <span class='ocrx_word' id='word_1_265' title='bbox 1226 4050 1415 4103; x_wconf 81' lang='lat' dir='ltr'><strong>multa.</strong></span> <span class='ocrx_word' id='word_1_266' title='bbox 1439 4050 1536 4105; x_wconf 79' lang='lat' dir='ltr'><strong>Ed.</strong></span> <span class='ocrx_word' id='word_1_267' title='bbox 1559 4051 1672 4121; x_wconf 79' lang='lat' dir='ltr'><strong>Rip.</strong></span> <span class='ocrx_word' id='word_1_268' title='bbox 1695 4067 1800 4119; x_wconf 74' lang='lat' dir='ltr'><strong>qua</strong></span> <span class='ocrx_word' id='word_1_269' title='bbox 1819 4066 1890 4099; x_wconf 82' lang='lat' dir='ltr'><strong>m.</strong></span> <span class='ocrx_word' id='word_1_270' title='bbox 1913 4066 2020 4099; x_wconf 83' lang='lat' dir='ltr'><strong>uon</strong></span> <span class='ocrx_word' id='word_1_271' title='bbox 2041 4050 2238 4120; x_wconf 79' lang='lat' dir='ltr'><strong>potiori</strong></span> 
     </span>
     <span class='ocr_line' id='line_1_34' title="bbox 168 4118 1401 4203; baseline 0.016 -40"><span class='ocrx_word' id='word_1_272' title='bbox 168 4118 340 4175; x_wconf 72' lang='lat' dir='ltr'><strong>acerba</strong></span> <span class='ocrx_word' id='word_1_273' title='bbox 374 4127 559 4183; x_wconf 54' lang='lat' dir='ltr'><strong>inania.</strong></span> <span class='ocrx_word' id='word_1_274' title='bbox 595 4131 713 4185; x_wconf 76' lang='lat' dir='ltr'><strong>Tua</strong></span> <span class='ocrx_word' id='word_1_275' title='bbox 747 4130 875 4203; x_wconf 77' lang='lat' dir='ltr'><strong>quid</strong></span> <span class='ocrx_word' id='word_1_276' title='bbox 908 4131 1149 4185; x_wconf 70' lang='lat' dir='ltr'><strong>imme?</strong></span> <span class='ocrx_word' id='word_1_277' title='bbox 1226 4149 1401 4185; x_wconf 78' lang='lat' dir='ltr'><strong>semu.</strong></span> 
     </span>
    </p>
   </div>
  </div>
 </body>
</html>
