2855 4871
610 440 1442 513 DECLAMATJONES.
1491 444 1800 512 CCCXI.
2128 452 2252 517 253

164 563 349 655 dico,
394 563 539 635 duo
582 563 907 636 cubicula
946 565 1241 656 irruisti,
1288 565 1566 639 duobus
1613 570 1878 643 maritis
1919 562 2254 673 injuriam

159 680 378 751 fecisti
397 738 417 769 ‚
454 679 627 751 duas
652 681 955 753 familias
984 682 1248 755 incerta
1278 684 1486 784 stirpe
1519 687 1894 759 confudisti
1925 716 1940 759 :
1981 690 2146 763 huic
2177 711 2253 764 tu

160 796 329 895 quid
354 795 647 898 objicis?
672 796 1072 896 indignatus
1096 824 1203 891 es,
1236 800 1425 899 quod
1461 803 1836 876 damnatus
1861 830 2077 877 esses:
2106 832 2256 879 sen-

158 912 391 983 tentiae
429 910 759 1012 judicum
805 913 1199 1011 repugnasti
1239 941 1254 985 :
1300 915 1712 1012 persuadere
1756 917 1882 989 tibi
1924 920 2068 1018 ipse
2111 948 2254 994 non

162 1026 445 1124 potuisti
484 1053 629 1099 esse
657 1048 723 1099 te
748 1028 1221 1101 innocentem.
1250 1031 1620 1129 Egregiam
1640 1086 1660 1119 ‚
1691 1034 2030 1105 Hercules
2047 1092 2066 1125 ,
2106 1062 2256 1135 gra-

161 1142 324 1213 tiam
354 1142 516 1215 viris
546 1142 935 1215 fortissimis
970 1143 1367 1217 reddimus:
1406 1144 1522 1217 hic
1551 1146 1604 1217 si
1639 1147 2082 1247 magistratus
2115 1176 2256 1223 esse

162 1256 520 1347 voluisset,
562 1258 859 1331 honores
896 1260 1210 1358 gessisset
1250 1286 1265 1330 ε
1312 1258 1365 1331 si
1408 1261 1724 1335 sacerdos
1763 1290 1905 1335 esse
1924 1319 1943 1352 ,
1980 1265 2257 1365 templis

164 1372 575 1469 praefuisset:
600 1370 735 1444 hoc
764 1373 901 1471 egit
923 1373 1210 1472 praetnio
1236 1400 1386 1464 suo,
1415 1395 1496 1447 ut
1519 1375 2027 1475 ignominiosus
2051 1380 2254 1453 esset:

165 1488 445 1559 detrahe
478 1487 615 1578 illi,
652 1489 843 1587 quod
874 1489 1143 1562 fortiter
1170 1490 1370 1581 fecit3
1414 1490 1694 1565 detrahe
1736 1496 1926 1593 quod
1967 1496 2258 1596 optavit3

164 1630 301 1675 non
338 1624 441 1677 est
470 1603 897 1702 ignominia:
936 1605 1259 1678 nondum
1294 1607 1612 1679 atrocitas
1647 1629 1828 1682 erat:
1867 1611 2257 1710 qualecun-

166 1744 297 1817 que
325 1718 597 1791 crimen
617 1776 637 1809 ‚
675 1718 920 1793 donari
954 1720 1255 1811 meritis,
1293 1721 1540 1794 donari
1568 1722 1800 1795 virtuti
1833 1745 2074 1824 potest.

170 1997 942 2020 mmmmm
946 1998 2212 2023 mmmmmmmm
2219 2005 2258 2023 st

1006 2197 1419 2275 CCCXI.

801 2428 1131 2502 Addictus
1164 2437 1632 2504 manumissus.

176 2639 471 2698 Annio-rus
490 2683 509 2715 ,
550 2657 749 2700 nonne
789 2657 1104 2698 emmeram
1144 2657 1472 2715 sommi-r,
1514 2657 1788 2698 sznvur.
1831 2639 1956 2714 Qui
1995 2637 2267 2701 habebat

254 2737 423 2798 domi
447 2736 797 2812 addictum,
820 2749 1187 2798 testamento
1212 2757 1427 2799 omnes
1457 2757 1662 2797 servos
1689 2737 2088 2798 manumisit:
2115 2740 2269 2820 petit

253 2833 558 2911 addictus»,
582 2844 654 2893 ut
676 2831 833 2893 liber
857 2833 952 2892 sit.

864 3016 1570 3085 DECLAMATIO.

264 3181 737 3282 Intelligimus
783 3179 961 3252 nihil
1010 3179 1212 3252 nobis
1256 3179 1330 3250 in
1368 3178 1496 3250 hac
1539 3203 1748 3250 causa
1791 3178 2270 3250 verecundum

182 3299 393 3398 magis
417 3355 439 3389 ,
476 3325 691 3396 qnam
726 3323 1183 3370 communem
1216 3294 1598 3394 quemdam
1635 3294 1998 3383 omnium,
2035 3296 2154 3395 qui
2196 3296 2268 3366 in

182 3411 565 3487 libertatem
617 3436 968 3504 asserunt,
1024 3415 1333 3486 favorem
1373 3438 1388 3484 ε
1449 3432 1692 3483 contra
1738 3437 1950 3509 quem
2003 3437 2146 3482 non
2199 3409 2274 3482 id

184 3529 388 3601 modo
408 3555 450 3599 a
470 3527 678 3599 nobis
708 3528 1159 3626 intelligimus
1191 3551 1335 3598 esse
1366 3525 1748 3597 dicendum
1771 3579 1788 3614 ‚
1825 3545 1901 3595 ut
1928 3524 2270 3624 praecipue

186 3700 277 3741 tna
321 3688 655 3741 damnationi
678 3711 692 3740 ε
734 3688 1039 3760 indignatus
1090 3707 1146 3741 es
1168 3727 1184 3755 ,
1264 3689 1357 3741 En.
1374 3715 1446 3726 —·
1463 3686 1699 3740 Gratiam
1721 3685 1991 3738 reddimus.
2017 3686 2272 3737 Francius

187 3766 323 3838 quod
346 3767 635 3820 damnatus
655 3786 822 3834 esses,
846 3770 1041 3838 injuste
1066 3771 1185 3839 qni·
1264 3769 1474 3840 legebat
1506 3769 1726 3820 redditis.
1757 3797 1826 3808 -—-
1849 3769 2098 3822 Nondum
2131 3777 2273 3819 atro-

186 3847 299 3900 dem
313 3871 327 3900 t
352 3853 627 3902 sentent'oe
636 3849 881 3921 judicum
896 3869 1188 3922 repugnas·-
1266 3851 1393 3901 citas
1414 3858 1540 3901 erat.
1568 3849 1694 3902 Non
1715 3849 2068 3901 damnationis
2091 3849 2274 3900 atroci·

186 3929 248 3992 ti,
266 3931 461 3999 injuste
482 3930 665 3988 etiarm
686 3947 809 3981 nam
827 3929 927 3982 tibi
940 3949 1048 3982 non
1064 3948 1188 4001 per-
1268 3941 1345 3982 tas
1360 3931 1476 3982 erit.
1498 3931 1618 3980 Haec
1633 3927 1842 3981 sublata
1863 3945 1960 3998 per
1980 3928 2268 3998 optionem.

190 4007 409 4059 suadere
430 4011 655 4079 potuisti
682 4024 733 4062 te
745 4048 762 4076 ‚
784 4029 899 4062 csse
930 4013 1187 4063 innocen·
1268 4009 1380 4074 An,
1396 4008 1628 4060 nondum
1641 4005 1886 4057 amnites
1903 4003 2010 4054 hoec
2023 4006 2134 4056 erit.
2152 4005 2267 4057 Son.

187 4099 305 4136 tem.
326 4087 589 4138 Ceterum
607 4087 771 4139 muita
790 4090 845 4139 in
866 4087 947 4140 his
962 4088 1187 4141 obscura
1266 4089 1393 4140 Non
1416 4099 1565 4140 tanta
1587 4086 1828 4138 atrocitas
1847 4086 1920 4136 rei
1936 4097 2072 4152 erat,
2094 4087 2268 4138 AErod.

192 4177 241 4216 et
258 4164 543 4238 depravata
564 4168 647 4216 vix
668 4166 925 4220 medelam
952 4170 1185 4240 capiunt.
1269 4169 1520 4222 Nondum
1542 4165 1785 4220 «emim
1803 4185 1880 4219 res
1900 4177 2036 4233 erat,
2063 4187 2227 4242 marg.
