2855 4871
545 428 662 507 124
1040 426 1132 489 M.
1181 426 1431 489 FABII
1474 424 2101 507 QUINTILIANI

539 546 732 619 irasci
761 546 1258 619 calamitatibus
1286 574 1300 588 ·
1333 566 1573 619 coetera
1594 545 1745 645 jam
1778 544 2105 647 imputari
2132 546 2264 645 ipsi
2292 573 2435 618 non
2463 574 2629 647 pos-

537 682 738 735 sunt:
773 662 1086 736 hostibus
1119 663 1426 733 confessa
1460 681 1596 749 est3
1636 661 1960 732 nondum
1994 661 2145 733 dico
2186 682 2400 750 torta3
2442 662 2626 736 illud

536 777 696 848 satis
739 797 838 849 est
876 777 1138 867 dicere,
1180 777 1467 848 femina.
1512 776 1584 847 Si
1631 774 2024 847 mehercule
2067 776 2304 874 primae
2346 798 2627 851 tantum

538 893 776 983 minae,
803 921 882 965 ac
906 894 1112 966 timor
1139 891 1253 963 ille
1279 893 1611 965 exercitus
1627 950 1643 980 ‚
1672 891 1794 989 qui
1819 892 2027 963 modo
2052 892 2336 965 feliciter
2358 920 2629 992 pugna-

525 992 755 1099 serat,
791 1007 1211 1080 confudisset
1235 1008 1611 1097 feminam,
1647 1004 1922 1097 orbam,
1952 1028 2343 1106 stupentem
2378 1007 2629 1098 malis3

539 1145 680 1196 erat
705 1145 936 1196 tamen
969 1150 1070 1194 res
1100 1123 1311 1223 digna
1337 1124 1562 1195 venia.
1584 1122 1917 1195 Confessa
1938 1144 2069 1211 est,
2089 1150 2311 1221 quum
2335 1143 2631 1219 torque-

539 1260 762 1311 retur:
801 1238 925 1311 ubi
961 1257 1233 1309 tantum
1263 1238 1477 1310 robur
1502 1237 1765 1322 animi,
1800 1236 1923 1307 ubi
1964 1258 2108 1309 tam
2147 1237 2425 1309 firmam
2450 1238 2633 1309 soli-

540 1352 841 1451 damque
869 1370 1178 1424 mentem
1203 1364 1252 1441 ¹,
1283 1377 1437 1448 quae
1466 1375 1609 1422 non
1645 1349 1881 1421 dolore
1908 1350 2245 1440 vincatur,
2272 1376 2415 1423 non
2444 1350 2637 1448 igui-

539 1465 672 1537 bus
709 1465 940 1555 cedat,
975 1492 1118 1537 non
1153 1465 1553 1538 verberibus
1586 1464 2033 1563 ingemiscat?
2066 1464 2247 1536 hanc
2276 1492 2432 1538 vero
2464 1466 2635 1539 satis

541 1583 822 1673 fortiter,
858 1610 935 1655 ac
965 1610 1171 1683 supra
1203 1610 1441 1655 sexum
1464 1608 1671 1655 suum
1696 1581 1933 1654 fecisse
1960 1581 2196 1672 credo,
2228 1580 2417 1681 quod
2446 1581 2636 1655 nihil

543 1697 747 1789 dixit,
783 1719 1159 1798 antequam
1194 1720 1647 1796 torqueretur.
1684 1702 1767 1769 ln
1798 1697 1907 1770 his
1940 1720 2173 1771 tamen
2194 1699 2637 1771 necessitati-

542 1812 710 1903 buS‚
759 1815 833 1886 in
876 1816 986 1889 his
1023 1818 1264 1906 malis,
1309 1842 1487 1887 num
1536 1815 2035 1888 demonstravit
2074 1816 2337 1905 aditus,
2372 1814 2639 1915 quibus

543 1930 616 2001 in
649 1930 900 2003 urbem
929 1932 1166 2003 venire
1203 1928 1522 2030 possent?
1560 1956 1735 2001 num
1773 1930 2125 2029 proposita
2154 1928 2425 2002 nostra?
2452 1956 2641 2003 uum

543 2046 884 2117 occultam
914 2046 1655 2120 civitatis.voluntatem
1678 2046 2052 2144 patefecit?
2083 2044 2306 2144 quum
2346 2067 2641 2145 torque-

545 2181 760 2250 retur,
809 2163 1080 2235 minata
1127 2176 1290 2235 est².
1337 2164 1433 2233 At
1476 2188 1796 2261 oppressa
1840 2184 2005 2235 suut
2049 2162 2305 2234 auxilia
2350 2188 2392 2235 a
2434 2160 2645 2235 sociis

545 2274 793 2347 missa:
831 2276 886 2347 si
923 2276 1180 2348 damna
1211 2277 1561 2349 bellorum
1596 2276 1851 2350 deflere
1882 2277 2039 2368 hic,
2062 2276 2370 2376 judices,
2406 2296 2639 2367 vacat3

546 2390 746 2491 plura
793 2391 1262 2491 perdidimuS,
1311 2413 1377 2465 et
1421 2392 1645 2465 aciem
1694 2391 1929 2483 illam,
1982 2417 2135 2489 quae
2183 2392 2361 2464 circa
2407 2390 2645 2464 filium

547 2506 812 2580 miserae
848 2507 1057 2608 hujus
1089 2507 1274 2608 jacet
1311 2536 1324 2578 :
1375 2529 1475 2579 tot
1510 2507 1863 2579 fortissimi
1898 2506 2073 2579 cives
2109 2507 2325 2580 nostri
2360 2505 2645 2579 cecide-

551 2643 746 2694 runt:
786 2623 842 2694 si
866 2650 1028 2695 vero
1053 2624 1159 2694 lex
1189 2624 1318 2696 ista
1340 2622 1505 2695 belli
1536 2644 1668 2712 est,
1699 2623 1755 2694 si
1792 2621 1985 2694 nulla
2014 2649 2331 2721 unquam
2364 2642 2503 2692 tam
2534 2619 2647 2691 in-

547 2759 832 2812 cruenta
855 2739 1152 2811 victoria·
1165 2739 1452 2838 contigit
1465 2797 1484 2829 ,
1518 2766 1670 2836 quae
1690 2765 1835 2812 nou
1856 2737 2141 2810 haberet
2156 2737 2465 2836 aliquam
2484 2736 2651 2807 tris-

549 2853 708 2925 titiae
751 2856 1340 2946 recordationem3
1373 2856 1820 2955 pensavimus
1866 2854 2108 2926 omnia
2158 2855 2289 2926 ista
2332 2851 2643 2924 victoria.

549 2969 863 3043 Recuso³
889 2994 966 3047 ut
989 2975 1198 3072 possit
1219 2973 1435 3046 videri
1464 2971 1789 3045 secundis
1818 2969 2179 3043 ominibus
2197 3025 2216 3058 ‚
2242 2990 2310 3040 et
2336 2967 2649 3065 quadam

553 3084 980 3182 providentia
1008 3112 1134 3187 pro
1163 3088 1368 3160 nobis
1395 3087 1687 3160 deorum
1708 3084 2214 3158 immortalium
2232 3083 2491 3154 factum
2513 3139 2531 3170 ‚
2564 3105 2653 3154 ut

555 3200 700 3271 haec
743 3223 1096 3300 caperetur
1137 3232 1149 3274 :
1199 3203 1567 3274 intrassent
1610 3199 1956 3272 civitatem
2004 3199 2229 3271 hostes
2266 3225 2279 3266 :
2332 3195 2535 3286 nobis
2576 3217 2655 3266 et

555 3341 803 3388 somno
837 3318 1153 3417 sepultis,
1192 3339 1264 3392 et
1290 3315 1649 3389 securitate
1683 3315 1771 3388 ab
1805 3314 2004 3386 omni
2038 3311 2451 3412 cogitatione
2484 3309 2653 3382 bel-

557 3430 823 3521 lorum,
868 3453 1048 3505 totus
1089 3432 1318 3504 subito
1365 3431 1439 3502 in
1478 3429 1850 3502 visceribus
1884 3429 2102 3528 ipsius
2141 3426 2335 3498 urbis
2380 3423 2657 3497 ‘ihesus

637 3683 679 3716 1.
713 3663 950 3718 solidam
985 3675 1228 3716 mentem.
1269 3667 1342 3716 Ex
1373 3667 1557 3716 Horat.
1639 3663 1743 3719 illis
1763 3661 2053 3716 vindictam
2078 3660 2147 3712 ab
2170 3659 2274 3712 illis
2298 3657 2531 3718 auxiliis;
2552 3655 2655 3706 mi·

559 3741 661 3796 Od.
681 3745 778 3803 ΙΙΙ,
805 3745 866 3794 3:
897 3767 918 3790 ιι
940 3746 1117 3796 Mente
1137 3744 1306 3812 quatit
1325 3742 1513 3794 solida.
1532 3764 1553 3788 ι·
1638 3748 1839 3798 naciter
1863 3744 1966 3795 hoc
1992 3741 2141 3794 dixit-

633 3841 680 3874 2.
719 3823 928 3874 Minuta
965 3834 1050 3876 est.
1091 3823 1256 3875 Minis
1293 3825 1426 3876 victa
1445 3860 1464 3888 ,
1500 3837 1559 3875 ut
1710 3827 1761 3878 3.
1787 3827 1998 3876 Recuso.
2026 3825 2139 3888 An,
2170 3821 2409 3872 recusatis
2434 3829 2527 3882 ut,
2558 3829 2653 3869 aut

557 3903 720 3974 paulo
737 3906 940 3970 ωηερε·
951 3906 1135 3975 primoe
1153 3915 1356 3957 tantum
1377 3905 1533 3956 minoe
1544 3945 1561 3972 ,
1644 3921 1942 3958 recusamus.
1967 3903 2191 3956 scunt-r.
2282 3890 2317 3916 ‘⁹

561 3995 662 4035 etc.
688 3981 904 4034 Senum.
927 3983 1148 4035 Retineo
1164 3984 1433 4053 vulgatam
1452 3981 1567 4034 :.di··
1716 3984 1765 4049 4.
1812 3983 1987 4034 Hostis
2026 3979 2341 4052 apparuisset
2382 3973 2653 4027 ext-mim.

552 4062 734 4116 ,cendo
759 4063 952 4116 auxilia
975 4067 1180 4130 venire,
1198 4083 1305 4116 non
1330 4063 1567 4134 prodidit
1642 4061 1810 4132 Lege,
1834 4059 2045 4114 hostilis.
2070 4059 2317 4110 Gnonov:
2333 4057 2521 4125 Neque
2544 4053 2657 4104 hoe

565 4139 804 4194 hostibus
839 4142 1090 4208 consilia,
1121 4143 1218 4196 sed
1247 4143 1447 4196 minata
1486 4156 1567 4196 est
1645 4153 1861 4192 mutem.
1894 4141 1971 4190 lta
2000 4138 2139 4190 euim
2166 4149 2221 4186 et
2248 4131 2395 4206 apud
2424 4131 2657 4184 Statium
