2855 4871
517 410 1355 480 DECLAMATIONES.
1404 411 1929 480 CCCXLVIII.
2143 416 2260 496 431

159 565 352 640 opus
381 558 484 613 est
507 559 580 612 et
605 560 823 612 metu.
851 535 1052 628 Quid
1079 536 1138 608 si
1166 534 1495 635 pleraque
1525 534 1881 625 accidunt,
1910 534 1985 608 in
2014 532 2273 635 quibus

159 653 492 754 praesenti
531 679 736 754 poena
777 654 1103 753 castigare
1145 677 1419 724 necesse
1458 669 1561 723 est
1590 677 1745 741 εοε,
1781 650 1903 749 qui
1942 675 2273 750 peccave-

161 769 382 842 runt?
423 769 514 842 ad
555 767 702 842 haec
743 757 957 867 igitur
997 764 1235 838 omnia
1276 764 1634 865 provisum
1674 785 1881 862 atque
1922 765 2275 863 prolatum

164 906 272 960 est
292 899 344 976 ¹,
383 906 461 958 ut
496 883 876 985 imperator
910 907 1266 956 summam
1301 899 1709 980 potestatem
1742 880 2045 954 haberet.
2080 880 2275 971 Quid

165 1023 416 1074 tamen
447 1027 488 1072 a
511 999 720 1074 nobis
749 999 930 1099 exigi
961 996 1264 1097 oportet?
1297 997 1565 1071 bonam
1588 997 2015 1071 voluntatem
2046 1026 2061 1070 :
2094 1025 2279 1072 crra-

165 1117 394 1190 verim
430 1143 634 1209 sanc,
669 1118 726 1192 si
758 1117 832 1190 id
860 1113 1024 1190 ,satis
1060 1114 1455 1217 probationi
1490 1113 1909 1205 existimavi,
1940 1115 1998 1186 si
2028 1117 2159 1188 hoc
2186 1116 2278 1189 ad

160 1233 556 1308 utilitatem
593 1234 888 1310 civitatis
916 1225 1262 1334 pertinere
1301 1231 1586 1306 credidi.
1624 1225 1805 1322 Quis
1842 1231 2280 1306 damnaverit

168 1377 384 1441 eum,
418 1352 542 1450 qui
577 1351 854 1426 duabus
887 1350 1386 1451 potentissimis
1419 1347 1630 1423 rebus
1666 1350 2087 1441 defenditur,
2119 1350 2279 1450 jure

169 1487 238 1538 et
258 1465 545 1538 mente?
568 1466 739 1568 quid
771 1467 826 1538 si
853 1467 1062 1538 etiam
1088 1465 1256 1538 ratio
1281 1455 1413 1537 hoc
1438 1465 1739 1538 faciendi
1764 1465 1936 1538 fuit?
1964 1466 2278 1539 Forsitan

170 1601 236 1653 et
270 1580 462 1654 lente
495 1603 566 1654 et
591 1580 902 1654 nimium
936 1579 1318 1679 periculose
1351 1579 1676 1666 fecerim,
1708 1581 1896 1679 quod
1930 1600 2281 1678 suspectos

173 1696 624 1794 proditionis»,
659 1719 936 1772 tantum
969 1697 1045 1768 in
1085 1701 1429 1770 carcerem
1463 1696 1627 1768 duci
1650 1697 1850 1798 jussi.
1886 1695 2081 1768 Nihil
2115 1723 2281 1796 ege-

175 1839 327 1884 ram
347 1871 370 1903 ,
405 1840 552 1887 non
585 1814 748 1886 satis
777 1811 1030 1884 civitati
1057 1824 1589 1911 prospexeram²
1618 1837 1631 1880 :
1668 1810 1881 1884 hostis
1915 1807 2103 1884 idem
2134 1837 2282 1909 spc-

177 1930 389 2001 ravit:
423 1951 662 2002 tamen
693 1929 826 2002 hoc
849 1955 940 2002 ne
971 1929 1058 2002 ab
1089 1948 1479 2001 accusatore
1510 1925 1800 2027 quidem
1824 1925 2283 2028 reprehendi-

176 2063 312 2116 tur.
333 2045 498 2116 Jam
529 2045 740 2144 igitur
763 2045 851 2118 dc
877 2043 986 2118 his
1004 2101 1023 2136 ‚
1052 2045 1176 2145 qui
1205 2044 1282 2116 in
1305 2070 1647 2118 carcerem
1673 2042 1837 2116 duci
1864 2043 2281 2132 debuerunt,

175 2157 399 2232 levius
417 2149 520 2232 est
535 2161 964 2262 supplicium
979 2217 998 2252 ‚
1015 2185 1465 2260 quacumque
1487 2159 1751 2236 ratione
1773 2179 2137 2258 sumptum
2160 2177 2280 2230 est.

175 2277 384 2346 Nunc
417 2302 633 2372 quare
665 2275 1082 2378 sumptum?
1109 2275 1530 2377 proditionis
1566 2275 1728 2349 finis
1758 2295 1964 2374 atque
1999 2275 2284 2348 effectus

177 2389 438 2479 omnis,
463 2389 538 2462 in
558 2390 948 2491 proximam
972 2391 1176 2464 nobis
1201 2412 1481 2465 noctem
1506 2390 2087 2479 denunciabatur‚
2113 2408 2285 2490 puta

173 2504 433 2579 falsum
466 2534 480 2578 :
528 2507 685 2609 quis
723 2534 870 2580 non
909 2508 1208 2607 ignoscit
1237 2536 1388 2584 rem
1424 2530 1695 2583 tantam
1732 2504 2097 2581 timenti3?
2137 2530 2285 2577 non

176 2622 374 2695 enim
404 2622 780 2697 discrimen
813 2650 1204 2725 paucorum
1236 2625 1593 2727 capituml*
1622 2624 1975 2723 agebatur.
2012 2624 2123 2692 An
2153 2619 2285 2691 ali-

249 2794 298 2831 1.
325 2776 608 2831 prolatum
631 2788 718 2833 est.
749 2778 1030 2832 Pedatam
1043 2818 1066 2845 ,
1089 2778 1194 2829 La-
1275 2780 1601 2850 supplicium
1614 2796 1855 2844 numere,
1870 2794 1969 2831 nec
1984 2783 2287 2846 exspectare

175 2856 355 2907 tinius.
383 2855 672 2909 probatum
697 2868 798 2924 est,
823 2856 1003 2909 AErod.
1273 2857 1531 2913 indicium
1554 2856 1855 2928 transfugae.
1872 2852 2065 2907 'AEnon.

248 2952 300 2987 α.
325 2934 491 2989 Nihil
516 2954 752 3011 efferam,
782 2956 890 2991 non
915 2938 1040 2993 satis
1063 2937 1194 2991 civi-

177 3016 276 3067 tati
285 3034 672 3089 prospexeram.
689 3018 886 3073 Sensus
902 3032 1010 3087 est,
1029 3038 1194 3091 quan-

177 3108 288 3149 tum
314 3115 382 3151 ex
405 3096 486 3150 his
511 3098 685 3153 verbis
709 3100 890 3171 colligi
911 3115 1110 3173 potest.
1139 3102 1193 3155 Si

179 3177 310 3245 quid
348 3181 406 3231 in
449 3198 516 3233 eo
553 3184 802 3251 peccavi,
843 3182 900 3235 id
941 3183 1043 3235 fuit
1079 3196 1194 3235 tum

177 3254 434 3319 maxime,
453 3275 614 3326 quum
634 3261 934 3327 proditores
957 3280 1066 3315 non
1091 3276 1196 3316 sta-

175 3334 272 3385 tim
283 3334 424 3403 jussi
441 3335 684 3387 interfici.
699 3335 803 3391 Sed
819 3340 996 3409 aliqua
1015 3354 1194 3391 tamen

179 3410 362 3465 adhuc
400 3411 564 3483 hujus
603 3415 732 3467 facti
769 3420 1038 3471 excusatio
1075 3430 1158 3471 est
1173 3456 1194 3485 ‚

177 3508 300 3561 quae
330 3502 508 3543 tamen
533 3494 590 3544 in
619 3495 872 3563 majomm
893 3500 1194 3551 accuoatio-

179 3586 300 3624 nem
323 3572 503 3623 venire
525 3575 726 3642 possit,
747 3576 794 3625 si
819 3574 886 3625 ab
909 3590 1192 3629 accusato-

175 3670 235 3703 re
265 3650 760 3722 reprehenderetur.
785 3655 930 3721 Quia
950 3655 1198 3709 videlicet

175 3731 389 3783 nullum
429 3743 538 3783 tam
581 3731 886 3803 diligentem
929 3733 1196 3789 delectum

175 3812 408 3863 militum
431 3810 756 3878 habueram,
779 3832 880 3867 nec
899 3816 972 3867 ita
995 3818 1196 3869 civitati

175 3909 562 3963 prospexeram
579 3930 598 3959 ‚
639 3905 698 3944 ut
739 3893 860 3945 viris
901 3908 956 3946 et
993 3894 1192 3947 viribus

173 3972 419 4042 undique
434 4009 453 4038 ‚
477 3986 529 4025 et
553 3972 804 4027 adversus
831 3992 1042 4027 omnem
1065 3994 1192 4046 pro·-

174 4054 399 4105 ditionis
437 4066 634 4103 metum
673 4054 809 4105 tueri
845 4068 1061 4123 posset:
1095 4055 1194 4109 de-

177 4133 432 4202 bueram,
447 4136 646 4207 inquit,
659 4136 836 4190 statim
849 4133 916 4188 de
936 4136 1194 4209 suspectis

1347 2937 1398 2989 3.
1421 2936 1549 2987 Rem
1577 2946 1781 2988 tantam
1808 2936 2029 2987 timenti.
2054 2936 2183 2987 Rem
2208 2946 2291 2987 ta-

1272 3032 1394 3067 men
1423 3016 1659 3081 timenti,
1678 3014 1860 3067 AErod.
1880 3016 2007 3068 Rem
2038 3015 2197 3069 talem
2226 3016 2289 3069 u·-

1273 3096 1466 3160 menti,
1492 3115 1663 3167 marg.

1345 3174 1397 3241 4.
1418 3177 1665 3246 Cupitum
1679 3176 1944 3251 agebatur.
1962 3176 2052 3229 Aa
2066 3178 2287 3252 aliquid.

1275 3254 1557 3322 AErodiu3‚
1602 3258 1865 3329 aqebatur.
1908 3260 2175 3331 Ayebarur
2216 3278 2287 3311 cm

1275 3333 1502 3405 aliquid.
1532 3335 1755 3385 Sensum
1784 3336 1977 3406 procul
2008 3334 2173 3389 dubio
2207 3350 2286 3389 te·

1274 3416 1408 3467 nuit.
1458 3412 1562 3467 Sed
1600 3414 1745 3467 idem
1787 3416 1960 3469 salvus
2003 3431 2081 3469 est
2098 3455 2115 3485 ,
2157 3416 2290 3470 nihil

1275 3490 1420 3545 aliud
1466 3511 1625 3564 quam
1668 3506 1869 3545 mutata
1906 3493 2245 3549 distinctione
2272 3518 2287 3548 ι

1272 3574 1400 3626 Non
1429 3574 1569 3625 enim
1594 3574 1861 3628 discrimen
1882 3596 2173 3649 paucorum
2197 3596 2287 3629 ca-

1270 3652 1442 3723 pitum
1459 3673 1477 3711 ,-
1514 3653 1782 3725 agebatur,
1820 3674 1889 3706 an
1926 3655 2135 3729 aliquid
2166 3672 2290 3712 esset

1277 3732 1384 3783 hoec
1415 3732 1611 3785 civitas.
1644 3734 1725 3785 Sic
1758 3735 1993 3789 breviter
2023 3751 2077 3791 et
2108 3740 2287 3793 effica-

1275 3815 1390 3865 cius
1427 3813 1655 3881 dicitur,
1690 3816 1838 3887 quod
1866 3820 2131 3889 integrum
2168 3836 2283 3875 est:

1275 3896 1400 3947 Non
1434 3896 1708 3950 discrimen
1734 3916 2021 3969 paucorum
2052 3905 2287 3975 capitum

1275 3974 1541 4048 aqebatur,
1562 3978 1650 4029 sed
1670 3980 1929 4051 aqebatur.
1956 3983 2121 4037 Gnort.
2146 3986 2287 4061 Aqo—

1278 4058 1458 4111 batur:
1482 4060 1572 4111 sed
1590 4078 1678 4111 an.
1708 4061 1927 4115 Senum.
1958 4063 2283 4120 Gronovium

1275 4140 1517 4210 sequitur
1537 4136 1859 4194 Obrechtus.
