2855 4871
567 466 1403 535 DECLAMATIONES.
1452 469 1863 562 ¹CCXLVII.
2199 475 2274 538 13

164 592 365 658 tione
398 587 636 656 tradita
668 589 941 681 quidem
971 589 1093 672 ini,
1124 589 1241 656 sed
1272 591 1491 656 statim
1513 591 1786 682 quidem
1809 593 2106 662 discessit
2125 611 2280 684 post

173 719 454 763 vocem:
498 696 630 762 hoc
672 696 973 764 finitione
1012 696 1720 785 comprehendendum
1763 715 1880 764 est.
1920 701 2102 764 Uxor
2142 717 2276 778 est,

176 827 329 896 quae
352 805 597 870 femina
618 807 763 870 viro
780 806 1031 892 nuptiis
1051 804 1371 870 collocata
1392 806 1463 869 in
1489 805 1870 871 societatem
1890 809 2042 874 vitae
2060 807 2274 874 venit:

178 927 325 974 tum
350 934 485 976 non
510 928 611 976 est
632 908 865 975 tradita
888 931 927 972 ¹.
969 910 1087 974 Illa
1112 908 1274 999 quid
1298 909 1502 975 dicit?
1536 932 1702 976 uxor
1742 927 1842 976 est
1858 961 1876 991 ,
1911 913 2098 1003 eujus
2123 936 2278 979 cum

174 1018 322 1083 viro
362 1016 861 1083 matrimonium
902 1013 1188 1080 fa'ctum²
1235 1033 1353 1081 est.
1401 1018 1556 1081 Pars
1597 1015 1860 1083 diversa
1905 1017 2036 1084 hoc
2076 1017 2278 1100 dicit3

176 1123 393 1189 finitio
420 1125 686 1190 interim
711 1122 958 1189 dicitur
984 1123 1142 1189 falsa
1158 1173 1176 1203 ,
1206 1124 1472 1189 interim
1497 1147 1731 1211 parum
1755 1126 1975 1215 plena.
2007 1128 2136 1190 Nos
2161 1150 2279 1192 ne-

176 1255 309 1320 que
350 1230 584 1296 falsam
626 1252 979 1319 possumus
1022 1228 1242 1296 dicere
1286 1229 1490 1317 partis
1532 1230 1826 1296 adversae
1869 1230 2278 1312 finitionem,

172 1359 401 1426 neque
428 1358 662 1425 parum
693 1336 991 1424 plenam:
1027 1357 1151 1400 nec
1187 1352 1318 1400 tam
1351 1335 1421 1400 in
1454 1335 1902 1402 subvertenda
1931 1360 2010 1403 ea
2038 1337 2280 1402 morari

170 1444 535 1523 debemus,
563 1467 760 1534 quam
799 1443 868 1507 in
898 1442 1346 1510 confirmanda
1383 1459 1626 1509 nostra.
1667 1445 1760 1510 Sit
1800 1468 1997 1534 ergo,
2034 1462 2110 1510 ut
2142 1468 2277 1510 non

164 1549 428 1615 infirma
441 1549 654 1615 ndum
680 1549 997 1615 finitionis
1023 1573 1262 1639 genus,
1290 1549 1379 1615 ita
1400 1549 1488 1615 ad
1517 1549 2054 1616 convincendum
2084 1551 2278 1616 nimis

162 1659 471 1746 plenum.
518 1661 669 1723 Non
712 1681 1064 1747 possumus
1103 1659 1280 1723 enim
1320 1656 1576 1738 dicere,
1617 1659 1745 1736 Ea,
1791 1681 1938 1749 quae
1973 1659 2116 1724 viro
2158 1682 2280 1749 per

164 1765 437 1854 nuptias
476 1763 715 1829 tradita
748 1765 815 1828 in
846 1765 1228 1829 societatem
1260 1765 1411 1830 vitae
1445 1766 1662 1846 venit,
1699 1762 1816 1831 sed
1851 1789 1988 1831 non
2021 1782 2279 1831 tantum

164 1868 309 1936 haec
335 1893 535 1952 uxor,
568 1871 738 1935 sicut
766 1893 901 1937 non
936 1893 1327 1959 negaremus
1358 1893 1669 1950 uxorem,
1705 1873 1760 1938 si
1792 1872 1881 1937 ita
1913 1871 2275 1938 finiremus.

170 1979 357 2042 Uxor
396 1993 531 2056 est,
568 1999 719 2066 quae
747 1998 869 2066 per
898 1978 1161 2065 nuptias
1188 1999 1225 2042 a
1254 1977 1641 2067 parentibus
1675 1978 1742 2041 in
1779 1979 2277 2044 matrimonium

168 2085 408 2150 tradita
450 2087 525 2150 in
569 2086 883 2152 societate
918 2085 1145 2152 multis
1180 2087 1381 2152 annis·
1406 2087 1556 2150 fuit.
1598 2085 1799 2169 Illud,
1841 2111 1882 2150 α
1917 2088 2279 2180 parentibus

170 2191 405 2258 tradita
424 2243 443 2271 ,
476 2216 613 2260 non
648 2193 1093 2258 necessarium
1125 2193 1195 2258 in
1228 2191 1530 2258 finitione
1563 2194 1788 2259 uxoris
1823 2195 1924 2259 sit.
1965 2195 2096 2259 Ista
2121 2194 2280 2260 falsa

169 2297 449 2387 quidem
474 2321 615 2364 non
635 2315 816 2379 sunt,
840 2297 955 2365 sed
976 2299 1314 2389 plerisque
1336 2298 1646 2366 detractis
1661 2350 1678 2380 ‚
1707 2301 1833 2366 erit
1851 2299 2072 2366 adhuc
2091 2323 2274 2367 uxor.

164 2406 533 2495 Fingamus
578 2406 757 2471 enim
797 2405 1000 2473 factas
1047 2429 1189 2473 esse
1235 2407 1538 2495 nuptias,
1587 2424 2011 2475 consecutam
2057 2407 2276 2475 statim

166 2512 445 2577 alterius
485 2528 806 2577 mortem:
844 2516 967 2579 erit
998 2513 1301 2603 profecto
1334 2536 1520 2593 uxor,
1547 2514 1745 2580 etiam
1779 2530 1847 2579 te
1877 2514 2271 2592 confitente,

166 2606 445 2701 tradita,
478 2620 534 2685 si
568 2622 636 2685 in
666 2622 981 2687 societate
1004 2623 1155 2687 vitae
1180 2645 1316 2687 non
1340 2622 1560 2687 fuerit.
1589 2621 1946 2705 Quomodo
1973 2645 2131 2709 ergo
2156 2622 2278 2686 ista

170 2727 447 2789 societas
478 2728 621 2792 vitoe
651 2725 907 2815 adjecta
939 2749 1079 2792 non
1110 2726 1387 2817 quidem
1412 2728 1753 2799 mentitur,
1784 2723 1902 2791 sed
1929 2724 2134 2790 afficit
2163 2748 2275 2791 ne-

162 2828 608 2895 cessarium3:
636 2833 724 2895 ita
748 2830 913 2896 illud
941 2854 1244 2922 quoque,
1271 2834 1504 2923 nuptiis
1531 2828 1860 2912 collocata,
1889 2829 2095 2896 efficit
2116 2855 2276 2899 uxo—

162 2956 355 2999 rem:
392 2922 680 3002 sednon
714 2934 842 3003 hoc
881 2934 1301 3003 solummodo
1336 2937 1482 3001 erit.
1513 2937 1866 3025 Fingamus
1893 2938 2073 3003 enim
2105 2962 2275 3029 nup-

160 3042 294 3109 tias
320 3042 601 3132 quidem
624 3044 860 3109 fecisse
886 3043 1099 3110 nullas
1114 3092 1133 3125 ,
1166 3044 1377 3109 coisse
1408 3058 1632 3109 autem
1658 3043 2022 3110 liberorum
2045 3068 2278 3111 crean-

162 3146 415 3213 dorum
452 3149 689 3237 gratia:
724 3172 863 3214 non
894 3167 1115 3215 tamen
1150 3172 1317 3216 uxor
1348 3173 1486 3215 non
1513 3151 1669 3231 erit,
1702 3152 2000 3241 quamvis
2026 3154 2276 3240 nuptiis

160 3276 307 3318 non
350 3254 437 3317 sit
475 3254 816 3321 collocata.
846 3255 1209 3321 Videamus
1248 3256 1468 3345 igitur,
1504 3258 1558 3323 si
1597 3258 1720 3323 ista
1757 3279 2164 3345 supervacua
2208 3274 2280 3324 et

159 3358 573 3425 circumfusa
594 3375 785 3441 sunt;
816 3358 1031 3424 finitio
1054 3358 1209 3424 huic
1236 3361 1492 3424 nomini
1521 3360 1800 3425 sufficit:
1837 3383 2060 3451 neque
2090 3362 2270 3427 enim

160 3464 302 3530 hoc
324 3464 571 3530 intueri
597 3463 886 3544 debetis,
913 3463 1077 3554 quid
1100 3462 1301 3547 desit,
1333 3463 1448 3531 sed
1477 3466 1640 3557 quid
1666 3467 1818 3531 satis
1842 3464 1986 3531 sit4.

862 3661 1565 3729 DECLAMATIO.
1669 3704 1674 3709 ·

262 3808 427 3881 Dixi
452 3834 741 3881 uxorem
776 3832 951 3897 esse,
983 3804 1093 3907 cuj
1113 3834 1193 3879 us
1226 3833 1390 3879 cum
1414 3805 1562 3878 viro
1588 3804 2119 3879 matrimonium
2153 3804 2284 3875 fac-

246 3956 443 4008 1.Tum
478 3976 585 4010 vion
623 3968 697 4009 est
728 3956 937 4008 tradita.
969 3954 1054 4006 Tu
1083 3972 1188 4007 non
1342 3955 1393 4007 3.
1436 3953 1540 4007 Sed
1575 3950 1765 4026 afficit.
1809 3951 1912 4005 Sed
1945 3950 2140 4022 adjicit.
2177 3948 2272 4001 Ed.

156 4058 216 4093 es
242 4038 468 4105 tradita,
492 4056 557 4091 ex
578 4038 689 4091 MS.
714 4038 971 4089 Latinius.
1270 4032 1402 4086 Pith.
1429 4034 1516 4086 sed
1541 4050 1637 4083 nec
1655 4030 1864 4103 adiicit,
1899 4026 2271 4097 Schultingius.

241 4134 291 4168 α.
313 4110 479 4181 Uxor,
495 4119 641 4189 eujus
656 4116 765 4168 vim
782 4113 1179 4167 matrimonium
1266 4113 1518 4164 Francius
1532 4147 1548 4176 ,
1573 4110 1660 4164 sed
1679 4105 1860 4181 efficit.

158 4196 393 4263 factum.
417 4200 559 4270 Lego
578 4220 589 4249 :
608 4208 824 4270 pactum
852 4206 939 4247 est.
958 4194 1123 4246 Gaea.
1250 4212 1255 4219 ·
1333 4191 1384 4258 4.
1401 4192 1496 4245 Sit.
1513 4194 1687 4242 Burin.
1705 4200 1796 4239 est.-
1813 4204 1912 4238 nos
1921 4185 2176 4256 cumBip.
2189 4186 2269 4240 sit.
