2855 4871
545 428 1384 496 DECLAMATIONES.
1430 430 1923 498 CCCXXXII.
2153 434 2277 522 357

179 550 402 625 habui
422 611 443 645 ,
483 554 834 655 quidquid
876 556 1176 648 servavi,
1223 556 1569 657 quidquid
1613 558 1833 659 longae
1874 556 2281 657 frugalitatis

179 669 568 768 superfuit:
618 670 1063 744 accessissent
1104 671 1272 744 huic
1325 692 1737 746 testamento
1782 672 2049 747 subitae·
2075 700 2239 773 opes
2263 732 2281 764 ,

177 783 387 855 idem·
426 805 606 857 erat..
633 788 878 885 Neque
927 814 1052 886 ego
1093 814 1287 859 nunc
1331 786 1601 860 divitias
1640 810 1797 887 peto
1820 817 1857 860 ε·
1887 808 2285 889 paupertate

181 901 512 974 consuevi
533 917 580 992 ¹,
613 903 978 1003 frugaliter
1005 902 1232 977 vivere
1265 904 1402 976 scio
1421 962 1441 993 ‚
1472 905 1879 979 nulla-mihi
1908 908 2127 1007 gravis
2150 932 2283 979 ne·-

179 1016 452 1088 cessitas
492 1038 630 1090 est:
675 1017 924 1110 illum,
969 1017 1166 1092 illum
1218 1017 1507 1092 titulum
1550 1022 1928 1120 amplector
1958 1022 2285 1095 omnium

179 1132 560 1205 honorum.
607 1133 692 1205 si·
724 1134 894 1233 quid
938 1133 1142 1207 inferi
1184 1135 1533 1267 sentiunt,
1574 1164 1908 1236 cognosce
1956 1137 2285 1211 animum

181 1276 472 1339 meum,
502 1247 1163 1341 sicutvoluisti31ibi
1187 1251 1361 1339 vixi,
1389 1252 1515 1325 tibi
1539 1253 1917 1325 moriturus
1936 1254 2076 1344 fui,
2100 1252 2284 1325 nulli

181 1363 353 1437 alii
334 1392 410 1436 m
437 1362 572 1439 hoc
599 1386 872 1464 pectore
901 1362 1095 1439 locus
1123 1366 1297 1438 fuit:
1331 1366 1466 1440 hoc
1489 1388 1555 1441 te
1586 1368 1913 1441 omnium
1934 1370 2285 1441 bonorum

179 1503 509 1552 meorum
533 1478 902 1552 heredem
883 1481 1219 1601 instituit:
1252 1502 1406 1581 post
1432 1480 1565 1554 hoc
1593 1503 2086 1556 testamentum
2111 1481 2289 1553 dicat

181 1593 475 1694 aliquis,
501 1620 573 1667 se
602 1594 876 1667 mereri.

185 1864 480 1887 m
485 1864 970 1887 mmmm
975 1865 1072 1887 m
1077 1864 1362 1885 mmm
1371 1864 2275 1887 mmmmm&

888 2054 1586 2139 CCCXXXIII.

633 2290 914 2389 Pauper
939 2296 1253 2390 Impensis
1278 2292 1505 2364 divitis
1530 2292 1829 2364 disertus.

187 2499 536 2558 PArnoumu
581 2517 816 2558 orum-2
857 2517 1090 2558 mcum.
1135 2498 1392 2560 Iuonnr
1442 2520 1535 2560 srr
1576 2519 1775 2560 sono.
1820 2497 2282 2559 Adolescentem

261 2595 432 2656 dives
462 2615 800 2678 pauperem
826 2595 1115 2677 impensis
1147 2597 1270 2655 suis
1302 2597 1369 2656 in
1399 2594 1670 2656 Athenas
1694 2594 1898 2654 misit²
1922 2617 1935 2652 z
1967 2595 2151 2654 rediit
2178 2593 2283 2654 ille

263 2693 548 2754 disertus.
571 2691 806 2753 Detulit
827 2691 1082 2752 divitem
1107 2694 1363 2774 quidam
1386 2713 1567 2754 reum
1590 2691 1992 2773 proditionis,
2022 2703 2081 2750 et
2111 2704 2284 2772 opta·

264 2793 357 2850 vit
377 2803 718 2874 patronum
741 2813 1079 2874 pauperem
1102 2789 1282 2852 illum
1298 2837 1315 2868 ,
1346 2794 1455 2872 qui
1480 2791 1686 2852 divitis
1710 2790 2001 2871 impensis
2023 2789 2287 2872 profece-

266 2903 378 2951 rat.
411 2891 554 2972 Egit
579 2911 852 2975 pauper:
881 2911 1008 2952 non
1041 2893 1261 2952 tenuit.
1295 2893 1630 2953 Accusatur
1657 2912 1693 2950 a
1722 2889 1911 2950 divite
1937 2888 2183 2970 ingrati.

1052 3085 1415 3152 SERMO.

275 3243 648 3333 Intelligitis
666 3243 825 3310 huic
843 3241 1248 3309 adolescenti
1267 3265 1421 3309 cum
1446 3265 1706 3308 summo
1730 3259 2037 3332 respectu
2062 3239 2283 3306 divitis

185 3351 558 3442 agendum:
588 3352 676 3417 ita
705 3351 976 3416 demum
1009 3353 1186 3416 enirn
1219 3350 1557 3417 videbitur
1574 3351 1687 3432 id,
1723 3349 1905 3442 quod
1938 3349 2127 3430 fecit,
2164 3371 2283 3412 ne-

187 3459 490 3526 cessitate
519 3458 786 3536 fecisse,
819 3458 874 3522 si
905 3456 990 3522 de
1021 3457 1132 3522 illa
1165 3475 1503 3548 queretur.
1542 3459 1625 3521 Et
1652 3457 1721 3521 in
1748 3472 1961 3522 totum
1989 3454 2120 3520 hoc
2148 3477 2284 3518 ser-

265 3628 308 3662 r.
343 3612 658 3682 Paupertate
684 3611 940 3662 consuevi.
979 3611 1190 3662 Conser-
1270 3609 1477 3662 Excidit
1491 3627 1618 3659 vox:
1639 3607 1839 3661 scribe:
1861 3607 1917 3657 in
1936 3606 2105 3659 studia
2125 3603 2284 3656 Athe-

184 3691 332 3756 vavi,
353 3689 531 3741 AErod.
552 3687 707 3740 male.
722 3687 842 3740 Vid.
869 3687 938 3739 ad
953 3688 1189 3741 Declam.
1273 3707 1366 3740 nas
1379 3687 1534 3738 misit.
1554 3689 1625 3739 Ut
1640 3685 1783 3757 apud
1796 3682 2083 3750 Velleium,
2099 3683 2192 3734 lib.
2210 3684 2257 3734 11
2269 3719 2286 3748 ‚

185 3768 398 3822 CCCVI.
420 3795 490 3806 -—-
507 3766 673 3818 Illum
693 3766 867 3818 illum.
890 3765 1060 3818 Semel
1081 3780 1194 3818 tan·
1275 3769 1370 3840 59,
1396 3792 1418 3815 ι
1436 3770 1627 3834 Caesar,
1646 3767 1989 3838 Apolloniam
2009 3783 2129 3817 eum
2148 3763 2285 3834 (Oc-

183 3861 298 3900 tum
339 3847 494 3900 illum
537 3847 701 3900 habet
739 3848 998 3900 AErodins.
1031 3877 1102 3886 —-
1138 3849 1196 3901 Si
1281 3873 1302 3898 a
1329 3849 1551 3921 tavium)
1570 3851 1625 3902 in
1641 3848 1817 3902 studia
1830 3848 2060 3898 miserat.
2080 3869 2101 3892 n
2117 3845 2281 3897 Grion.

185 3928 314 3998 quid
341 3927 502 3999 Inferi
531 3927 775 3980 sentiunt·
803 3926 923 3979 Vid·
957 3927 1189 3979 Brisson·
1274 3931 1379 3984 Sed
1419 3951 1519 3984 nos
1562 3930 1631 3982 ad
1680 3929 1827 3981 illum
1872 3927 2058 3980 velleii
2104 3925 2283 3978 locum

183 4010 360 4060 Form.
389 4009 480 4061 lib.
500 4011 650 4075 vm,
679 4027 731 4078 p.
761 4009 890 4078 7373
921 4006 1056 4061 adde
1083 4010 1194 4061 Rit—
1273 4011 1435 4064 vcrba
1458 4010 1581 4075 illa,
1611 4009 1665 4060 in
1692 4006 1863 4060 studia
1878 4043 1896 4072 ‚
1920 4018 1979 4056 ut
2006 4016 2282 4076 suspecta,

187 4087 350 4142 tersh.
375 4089 448 4143 'ad
471 4087 672 4142 Phaedr.
693 4091 784 4156 IV,
803 4091 864 4156 4,
886 4089 974 4142 30.
993 4090 1192 4142 Auum..
1277 4090 1624 4164 expungenda
1640 4105 1753 4142 esse
1774 4086 2092 4139 censuimus.
2110 4086 2279 4138 Bmur.

264 4187 310 4223 α.
325 4171 577 4244 Ιῃιρεηείς
593 4171 698 4225 suis
717 4171 772 4224 ἱη
787 4170 1021 4226 Athenas
1037 4172 1192 4226 misit.
1275 4170 1393 4223 Vid.
1405 4167 1821 4232 nost.Velleium‚
1832 4185 1884 4238 p.
1894 4165 1992 4220 160
2004 4165 2125 4231 et41
2137 4165 2281 4218 3.En.
