2855 4871
513 376 637 456 584
802 390 811 399 '
1086 374 1623 439 CALPURNII
1667 372 2015 436 FLACCI

510 498 667 571 tulit
683 556 702 589 ,
732 524 1025 597 agnosce
1048 518 1115 569 te
1136 498 1361 568 filium
1386 496 1512 568 viri
1541 494 1767 583 fortis3
1789 495 1986 566 vince
2019 495 2326 585 feliciter,
2353 497 2424 568 id
2447 519 2539 570 est
2557 557 2574 587 ,

510 616 657 714 peri
688 614 984 686 fortiter:
1010 613 1155 686 haec
1188 632 1288 685 est
1314 612 1506 684 enim
1525 612 1679 712 jam
1710 631 1830 682 tua
1861 609 2006 681 sola
2036 611 2337 684 victoria.

1334 1054 1762 1169 xxxix.

1020 1288 1362 1359 Morietur
1379 1301 1425 1373 ¹,
1459 1301 1831 1385 antequam
1857 1285 2091 1359 nubat.

514 1489 840 1549 mencn
862 1508 955 1548 sn·
978 1508 1175 1549 ,ic-rio.
1199 1486 1564 1548 Adolescens
1590 1490 1746 1569 petit
1767 1489 2018 1569 nuptias
2041 1488 2302 1569 virginis
2331 1510 2364 1547 a
2396 1504 2586 1571 patre:

591 1599 764 1669 pater
780 1588 1036 1668 virginis
1061 1587 1137 1646 ad
1161 1606 1417 1647 uxorem
1442 1587 1667 1646 retulit.
1693 1584 1806 1645 Illa
1833 1587 2179 1668 respondit:
2207 1589 2363 1646 Ante
2387 1590 2591 1649 morie-

589 1696 713 1760 tur,
738 1705 929 1766 quam
958 1684 1048 1743 illi
1078 1684 1293 1745 nubat.
1319 1685 1500 1744 Pater
1521 1683 1719 1743 eidem
1750 1682 2118 1743 adolescenti
2147 1682 2509 1767 despondit;
2540 1699 2595 1743 et

592 1780 761 1841 diem
802 1783 1032 1865 nuptiis
1078 1783 1247 1843 dixit.
1295 1784 1468 1841 Intra
1509 1782 1674 1841 diem
1716 1780 1924 1863 puella
1965 1781 2123 1841 obiit
2163 1783 2373 1842 dubiis
2415 1784 2594 1863 signis

593 1882 912 1943 cruditatis
952 1896 1014 1942 et
1052 1884 1311 1943 veneni:
1354 1883 1756 1964 quaestionem
1799 1901 1992 1962 quum
2037 1880 2112 1941 de
2153 1878 2392 1941 familia
2433 1896 2596 1963 pater

592 1976 880 2055 haberet,
918 2000 988 2039 ex
1016 1978 1257 2040 ancillis
1294 2000 1423 2039 una
1450 1978 1728 2039 confessa
1759 1992 1881 2054 est,
1917 1977 2294 2038 adulterium
2323 2001 2464 2039 cum
2493 1978 2596 2039 illo

588 2075 811 2155 juvene
838 2077 1051 2135 matris
1078 2075 1514 2136 intercessisse:
1543 2088 1718 2155 pater
1746 2086 1994 2134 accusat
2017 2073 2300 2135 veneficii
2321 2090 2593 2135 matrem.

1182 2280 1515 2326 CONTRA
1563 2278 1930 2325 MATREM.

611 2400 987 2492 Quaeritur,
1038 2399 1259 2472 filiam
1312 2400 1644 2472 cruditate
1693 2425 1782 2470 an
1829 2424 2099 2471 veneno
2147 2400 2593 2472 interfeceris:

516 2543 679 2588 nam
711 2538 776 2590 et
799 2517 1099 2590 cruditas
1120 2517 1411 2616 virginis
1427 2574 1447 2606 ,
1481 2516 1743 2588 crimen
1772 2538 1871 2589 est
1894 2517 2130 2589 matris
2149 2530 2214 2586 ²:
2245 2517 2594 2604 morietur,

518 2653 891 2731 antequam
925 2633 1183 2722 nubat3
1219 2654 1286 2705 et
1318 2652 1592 2705 mortua
1637 2652 1774 2702 est:
1815 2659 1858 2702 o
1900 2632 2193 2730 impiam
2237 2630 2600 2702 divinatio-

516 2775 721 2839 nem,
749 2749 855 2822 vel
881 2749 1111 2849 potius
1142 2745 1790 2821 denunciationem!
1828 2775 1868 2818 o
1899 2746 2138 2818 infelix
2171 2745 2440 2846 puella!
2480 2771 2598 2844 ego

515 2866 641 2937 tibi
677 2868 1009 2964 parabam
1046 2868 1360 2968 nuptias,
1395 2887 1614 2937 mater
1645 2861 2079 2961 exsequias3!
2129 2862 2391 2962 placuit
2425 2862 2500 2934 in
2539 2883 2603 2932 te

516 3006 768 3078 sponso
810 3002 933 3053 tuo
975 2981 1354 3054 similitudo
1400 3003 1734 3054 materna.
1773 2983 2027 3078 Ego'te
2067 2979 2312 3068 fateor,
2353 2975 2600 3064 occidi,

518 3094 692 3166 dum
722 3121 884 3166 cum
917 3118 1133 3169 matre
1164 3097 1531 3171 contendo.

594 3301 637 3334 ι.
662 3285 933 3337 Morietur.
954 3283 1207 3353 Ejusdem
1226 3289 1522 3356 argumenti
1609 3307 1632 3330 σι
1652 3284 1790 3335 Nam
1817 3283 1966 3354 quod
1993 3284 2216 3334 invisum
2243 3283 2414 3334 fuisse
2443 3279 2606 3331 filium

515 3375 593 3414 est
628 3361 955 3417 Declamatio
996 3366 1219 3434 Quintil.
1260 3365 1520 3432 CCCLW,
1610 3386 1631 3411 α
1651 3368 1788 3435 patr-i
1797 3367 1992 3433 jactat,
2009 3365 2208 3415 crimen
2223 3381 2464 3414 noverca
2481 3373 2608 3426 erat,

514 3441 605 3492 ubi
622 3457 797 3513 partes
822 3463 923 3496 reae
947 3447 1126 3498 matris
1153 3444 1369 3517 obliqua
1399 3465 1522 3497 ora·
1609 3466 1632 3489 ι
1653 3447 1696 3496 si
1721 3446 2106 3496 confiteremur.
2131 3467 2153 3491 a
2179 3445 2418 3512 propert.
2444 3441 2611 3491 -Tam

516 3520 661 3571 tione
680 3535 933 3592 aguntum
952 3538 1006 3575 et
1024 3524 1206 3576 Senec.
1231 3524 1319 3576 lib.
1338 3526 1406 3574 V!
1431 3527 1524 3577 Ex·
1609 3545 1631 3568 α
1651 3523 1886 3576 formosa
1937 3537 2083 3575 tuum
2143 3535 2354 3572 mortua
2412 3521 2608 3570 crimen

518 3612 680 3670 cerpt.
720 3601 899 3653 Contr.
935 3605 1020 3654 VI.
1062 3603 1181 3654 vid.
1231 3619 1281 3657 et
1322 3604 1518 3677 Sulpic.
1610 3622 1631 3647 t
1652 3604 1763 3654 erit.
1788 3627 1810 3648 ι
1839 3603 1957 3655 Scn.
1979 3601 2098 3653 vid.
2125 3620 2241 3672 sup.
2267 3599 2420 3652 Deel.
2447 3597 2606 3648 xxa.

518 3677 721 3731 Victor.
749 3699 869 3751 pag.
898 3682 1017 3736 255.
1044 3683 1261 3737 Senum.
1658 3689 1724 3740 ··3.
1753 3689 2052 3762 Exsequias.
2085 3689 2266 3741 Senec.
2295 3688 2416 3740 loeo
2449 3689 2608 3738 citato

590 3773 639 3807 2.
686 3761 916 3814 Cruditas
952 3762 1165 3836 virginis
1208 3764 1404 3817 crimen
1449 3777 1523 3819 est
1599 3769 1739 3818 inter
1771 3766 1874 3819 alia
1913 3767 2128 3820 similia:
2171 3788 2192 3813 α
2213 3784 2373 3819 verae
2405 3778 2528 3819 sunt
2559 3767 2608 3815 in

518 3839 708 3893 matris.
726 3841 1085 3907 Quintilianus
1098 3845 1279 3914 junior
1296 3844 1444 3897 Decl.
1465 3849 1514 3898 1:
1606 3871 1628 3894 α
1649 3851 1922 3920 exsequiae
1947 3851 2160 3920 nuptiae.
2177 3872 2200 3896 ι
2229 3849 2322 3899 En.

1426 4042 1705 4060 ψ
