2855 4871
617 460 1018 527 DECLAM
1027 460 1459 529 ATIONES.
1508 460 1788 528 CCCII.
2121 462 2244 526 213

188 580 467 681 incipere
512 584 684 657 libet
730 587 878 658 ab
860 612 1010 685 ipsa
1054 587 1225 684 lege.
1274 590 1399 658 Jus
1443 606 1620 658 certe
1669 587 1956 659 sedendi
2006 581 2252 684 implet

188 698 553 796 ingenuitas
584 721 651 771 et
677 726 960 772 census:
999 700 1455 799 quaerendum
1487 720 1585 772 est
1618 728 1816 799 ergo,
1848 728 1938 773 an
1969 700 2080 772 hic
2110 697 2250 797 gla-

190 812 387 886 diator
412 813 536 905 sit,
572 834 691 886 aut
713 812 947 887 fuerit.
982 818 1143 887 Non
1178 840 1419 886 sumus
1447 817 1684 913 magni
1716 816 1932 917 legis
1914 837 2252 914 interpre-

189 947 311 999 tes:
344 954 481 1000 non
512 871 803 1020 ludum,
832 956 962 1002 nec
988 956 1271 1001 arenam
1290 985 1310 1019 ‚
1337 955 1468 1001 nec
1499 954 1856 1000 armorum
1887 930 2252 1002 scientiam

191 1044 521 1144 complexa
549 1068 681 1137 est,
710 1046 831 1119 sed
861 1046 1215 1146 gladium:
1244 1045 1359 1117 cui
1392 1044 1691 1116 dubium
1719 1065 1848 1135 est,
1881 1045 1952 1116 id
1978 1046 2257 1145 exigen-

193 1156 343 1230 dum
371 1186 509 1233 esse
542 1160 619 1231 in
650 1187 769 1251 eo,
802 1188 881 1233 ex
910 1187 1051 1259 quo
1075 1186 1338 1232 nomen
1373 1159 1772 1259 gladiatoris
1800 1160 2089 1231 ductum
2124 1159 2260 1231 est?

190 1271 549 1369 gladiator
530 1273 743 1372 igitur
772 1294 911 1363 est,
943 1273 1066 1371 qui
1100 1272 1173 1343 in
1208 1298 1421 1343 arena
1456 1271 1720 1401 populo
1753 1293 2100 1403 spectante
2128 1300 2260 1372 pu-

190 1387 419 1483 gnavit.
451 1390 639 1461 Nam
671 1414 901 1489 neque
930 1409 1159 1461 orator
1184 1390 1319 1479 est,
1356 1387 1479 1488 qui
1509 1388 1878 1487 nunquam
1915 1388 2058 1487 egit
2086 1414 2257 1460 cau-

192 1529 355 1575 sam·
340 1531 620 1605 ‚neque
648 1526 1021 1597 accusator,
1062 1505 1185 1605 qui
1224 1532 1425 1578 reum
1463 1504 1536 1576 in
1562 1504 1916 1605 judicium
1948 1531 2094 1577 non
2129 1503 2258 1575 de·-

192 1620 397 1711 duxit;
425 1648 657 1722 neque
686 1650 874 1715 reus,
910 1622 1031 1721 qui
1066 1648 1345 1695 causam
1380 1648 1526 1693 non
1561 1620 1751 1694 dixit.
1771 1621 2160 1694 Videamus
2193 1642 2260 1693 et

194 1735 382 1834 ipsius
410 1738 706 1839 periculi
740 1765 1043 1813 causam.
1068 1738 1359 1828 Quaero,
1400 1764 1493 1809 an
1527 1736 1584 1809 si
1615 1736 1908 1809 creditor
1942 1758 2094 1834 post
2132 1735 2260 1807 da-

193 1868 313 1922 tam
339 1852 749 1951 pecuniam,
780 1879 1019 1953 operas
1050 1852 1422 1925 remisisset
1441 1866 1490 1943 ¹,
1517 1852 1780 1923 diceres
1803 1878 1966 1923 eum
1998 1850 2262 1949 gladia-

194 1984 383 2039 torem
404 1968 666 2041 fuisse?
689 1972 771 2041 In
798 1968 968 2042 ludo
991 1967 1166 2040 fuit:
1194 1969 1482 2040 fuerunt
1505 1967 1812 2038 doctores
1827 2022 1847 2057 ,
1882 1986 1947 2037 et
1973 1965 2261 2057 medici,

196 2101 250 2151 et
269 2081 545 2155 ministri
572 2112 591 2155 ε
630 2111 860 2185 neque
886 2105 1121 2157 tamen
1152 2084 1227 2155 in
1250 2082 1371 2155 illo
1400 2082 1690 2155 nomine
1715 2102 2059 2155 tenentur.
2092 2084 2265 2152 Pro-

197 2194 410 2272 ductus
452 2186 595 2289 εει,
638 2222 706 2272 et
742 2200 864 2271 alii
906 2198 1151 2291 multi,
1196 2196 1565 2299 spectaculi
1607 2196 1846 2296 gratia.
1891 2194 2030 2269 Sed
2061 2194 2267 2267 affuit

195 2336 463 2411 pugnae:
510 2315 641 2388 sed
687 2317 1013 2389 animum
1062 2316 1406 2389 teneris²z
1456 2341 1684 2413 quum
1730 2311 2106 2414 praesertim
2151 2310 2268 2382 hic

198 2428 339 2502 ordo
370 2459 447 2504 ex
482 2433 698 2507 laude
735 2432 1001 2507 militiae
1036 2433 1170 2507 hoc
1198 2460 1464 2506 nomen
1502 2432 1890 2533 acceperit:
1927 2458 2072 2503 non
2103 2457 2267 2527 ergo

198 2573 403 2646 pugna
443 2578 569 2651 per
618 2578 691 2624 se
736 2552 955 2651 turpis
997 2572 1129 2639 est,
1174 2551 1295 2622 sed
1334 2551 1701 2623 inhonesta
1743 2574 2024 2648 pugna:
2072 2544 2269 2617 dedit

199 2663 359 2734 enim
389 2687 455 2738 et
483 2666 775 2740 familiis
802 2668 1093 2741 nomina
1116 2696 1131 2740 ε
1153 2666 1322 2740 hine
1346 2665 1669 2755 Corvini,
1700 2663 1865 2734 hinc
1889 2659 2225 2758 Torquati
2245 2714 2266 2750 ,

198 2773 339 2852 hinc
366 2780 643 2880 Opimi.
682 2783 895 2855 Illum
921 2809 1084 2882 ergo
1114 2782 1411 2884 majores
1434 2777 1946 2880 prohibuerunt
1963 2775 2272 2865 theatro‚'

260 2980 297 3014 1.
328 2966 447 3021 Post
476 2968 657 3020 datam
686 2968 965 3039 pecuniam
997 2981 1177 3036 operas

198 3044 443 3098 oemisinet.
467 3049 621 3116 Quas
638 3059 698 3098 ut
718 3045 991 3098 ‹lebiton-in
1014 3061 1175 3095 arena

198 3141 429 3194 pugnaret
438 3167 455 3194 ‚
469 3129 761 3183 locaverat.
772 3128 958 3193 caius,
972 3124 1063 3176 lib.
1076 3126 1175 3188 111,

198 3199 253 3252 de
272 3203 329 3256 iis
344 3208 435 3278 qui
460 3222 574 3259 not.
602 3207 785 3260 infam.
812 3231 835 3254 ιι
854 3206 961 3274 Qui
983 3223 1176 3276 operas

200 3303 219 3326 e
236 3301 343 3337 suas
364 3283 583 3354 locavit,
605 3301 666 3340 ιιι
688 3287 928 3359 prodiret
948 3287 1077 3339 artis
1095 3285 1175 3338 lu-

202 3383 221 3404 ·
236 3360 375 3416 dicre
396 3385 590 3432 causa,
618 3383 793 3437 neque
814 3365 1043 3438 prodiit,
1066 3383 1177 3417 non

202 3459 221 3484 ι
238 3455 462 3512 notatur,
496 3447 623 3518 quin
658 3465 769 3498 non
804 3459 887 3498 est
919 3465 1005 3498 res
1040 3443 1175 3497 adeo

204 3542 223 3563 ι
237 3527 414 3595 turpis,
434 3539 495 3578 ιιι
516 3527 679 3579 etiam
700 3525 979 3580 eonsilium
1000 3525 1179 3598 puniri

204 3621 223 3642 ¹
238 3598 447 3657 debeat:
478 3607 583 3658 nisi
609 3605 653 3657 si
677 3623 801 3658 eum
826 3605 1007 3657 hestiis
1038 3614 1178 3658 esset

204 3701 631 3754 ‘tp-pugnaturus
608 3686 698 3738 al.
730 3703 749 3738 ι
768 3723 785 3753 ,
808 3687 857 3753 S.
877 3685 1088 3739 bestias.
1114 3685 1175 3736 ff.

202 3757 257 3812 de
276 3765 577 3834 postula-ad.
600 3767 779 3819 AEnon.
804 3795 877 3805 —-
897 3767 1083 3837 Neque
1105 3777 1181 3815 ta-

200 3855 301 3892 men
324 3843 377 3894 in
400 3843 499 3896 ino
524 3846 737 3898 nomine
760 3854 1009 3896 tenentur.
1026 3841 1179 3896 Tolle

200 3925 621 3992 prepositionem.
648 3925 809 3976 Gnou
833 3922 989 3975 Delet
1012 3935 1067 3974 et
1084 3924 1181 3974 La-

202 3998 366 4064 ιὶιιὶιιις
388 4001 483 4054 sed
506 4003 719 4054 minime
742 4001 1027 4055 tollendam
1052 4021 1179 4054 cen-

203 4089 268 4125 set
287 4077 360 4130 Cl.
385 4079 677 4152 Schulting.
700 4081 767 4132 ad
790 4083 973 4134 Senee.
997 4083 1178 4134 Gonu.

1252 2963 1326 3014 Et
1347 2961 1448 3014 alii
1468 2957 1642 3012 multi.
1667 2956 1954 3020 Francius,
1991 2964 2052 3004 ιιι
2075 2951 2172 3004 alii
2193 2969 2265 3003 m.

1329 3057 1376 3091 a.
1399 3040 1502 3092 Sed
1518 3038 1757 3089 animum
1780 3035 1981 3088 teneris.
2005 3032 2144 3104 Lege
2159 3043 2271 3082 tue-

1256 3135 1309 3169 re
1328 3139 1343 3166 .·
1369 3131 1427 3168 ιιι
1447 3115 1750 3187 alloquatur
1769 3111 2152 3165 adversat-inin:
2173 3119 2270 3161 ιιιι

1234 3200 1472 3251 intuere.
1501 3199 1718 3250 Scitum.
1743 3197 1848 3249 Sed
1865 3197 2108 3246 animum
2132 3203 2272 3243 tene-

1258 3278 1319 3329 tis
1332 3319 1349 3346 ,
1390 3275 1566 3328 AErod.
1609 3275 1715 3326 Alii
1736 3311 1753 3342 ,
1789 3274 1878 3326 sed
1909 3291 2016 3345 quo
2051 3271 2272 3322 animo?

1258 3366 1475 3427 tur-pene
1506 3353 1564 3405 id
1591 3351 1930 3416 existimatis,
1953 3367 2114 3422 quum
2135 3367 2271 3421 μνω-

1255 3437 1427 3489 sertim
1441 3475 1459 3502 ,
1475 3448 1577 3487 etc.
1594 3463 1664 3473 —
1677 3433 1820 3484 Hinc
1843 3431 2126 3504 Torquati,
2147 3428 2271 3481 hinc

1262 3515 1458 3586 Opimi.
1491 3513 1722 3586 Opimius
1745 3513 1986 3562 novimus
2003 3547 2021 3576 ‚
2050 3508 2146 3562 sed
2168 3527 2271 3578 pu-

1256 3613 1417 3666 gnam
1455 3595 1688 3664 aliquam
1723 3592 2018 3664 spoliorum
2055 3593 2268 3661 opimo-

1256 3695 1375 3730 rum
1394 3679 1456 3728 iis
1473 3676 1580 3728 hoe
1601 3693 1796 3726 nomen
1814 3671 2024 3726 dedisse
2045 3673 2268 3743 legimus

1258 3775 1538 3831 nusquam.
1570 3755 1731 3808 Forte
1753 3777 1765 3806 :
1807 3755 1932 3806 hine
1967 3752 2265 3817 Coriolani,

1261 3837 1383 3889 hinc
1400 3835 1653 3907 Torquati
1666 3873 1684 3901 ,
1705 3835 1828 3885 hinc
1851 3833 2074 3886 Corvini.
2095 3831 2264 3882 Gnon.

1258 3915 1436 3986 ——Qui
1447 3914 1690 3966 utilitate.
1706 3911 1808 3982 Qui
1823 3909 2047 3974 vilitate,
2063 3907 2267 3961 Sehult.

1260 4011 1314 4049 et
1324 3993 1505 4049 AErod
1511 4009 1564 4046 et
1575 4011 1671 4045 nos
1687 4011 1808 4044 cum
1820 3993 1930 4063 Bip.
1937 3991 2110 4060 —Qui
2117 3988 2264 4060 qula.

1260 4077 1395 4129 Vide
1435 4074 1648 4129 Her-ald.
1693 4072 1762 4123 ad
1795 4069 1992 4123 Ter-tul.
2029 4070 2266 4143 Apolog.

201 4150 282 4205 lib
308 4157 610 4224 1V‚conn·.
642 4161 933 4232 xx1x‚p.
970 4177 1185 4230 290.-
1264 4180 1317 4231 p.
1348 4159 1464 4228 167,
1489 4158 1582 4229 qui
1604 4156 1761 4209 etiam
1785 4152 1986 4206 vilitate
2007 4152 2148 4226 legit.
