2855 4871
723 371 1556 439 DECLAMATIONES.
1603 373 1818 438 xxx.
2188 379 2307 468 577

224 524 493 576 naturae
526 521 598 573 et
616 498 795 601 juris
829 498 1170 572 imitatur:
1209 499 1279 568 in
1316 524 1456 594 quo
1487 523 1702 595 puero
1723 512 1740 542 ¹
1773 499 2002 571 nescio
2031 502 2318 599 quid-'sit

228 616 629 714 indiguiuS‚
658 636 889 687 utrum
923 615 1133 713 patris
1162 615 1353 713 origo
1372 672 1391 703 ,
1422 613 1610 712 quod
1641 634 1740 685 est
1771 614 2018 705 dubia3
2055 618 2141 688 an
2175 644 2316 689 ma-

227 734 351 805 tris
380 734 571 829 origo
592 790 610 822 ,
647 732 835 828 quod
870 753 1059 803 certa
1087 750 1207 802 est.
1247 730 1433 801 Dixit
1464 728 1577 802 ille
1610 757 1820 802 suum
1857 731 2130 822 filium}
2154 733 2322 805 dixit

228 871 309 921 ut
338 871 647 937 amator3
682 846 858 918 dixit
885 846 1106 918 immo
1140 845 1325 944 ipse,
1353 846 1504 946 jam
1538 872 1790 945 parum
1827 874 2052 919 sanus.

1110 1289 1450 1366 XXXI.

810 1518 1163 1593 Adultera,²
1192 1546 1387 1592 soror
1416 1535 1483 1593 et
1513 1537 1748 1594 mater.

236 1729 330 1787 Er
364 1744 603 1786 narnus
630 1744 705 1784 m·
734 1742 994 1783 senones
1028 1744 1094 1783 m
1130 1744 1475 1787 Anum-nmo
1507 1742 1928 1785 parmenus
1965 1745 2138 1785 uel-:¹1
2173 1746 2336 1787 occl-

320 1841 501 1881 usae·
538 1820 809 1900 Quidam
843 1840 1039 1901 quum
1075 1840 1351 1879 sororem
1385 1819 1908 1902 deprehendisset,
1944 1821 2204 1880 occidit:
2235 1822 2334 1883 fu-

320 1942 527 1982 rorem
571 1942 813 2001 passus,
856 1921 1150 2002 resipuit:
1192 1920 1434 1979 invenit
1472 1936 1534 1979 et
1568 1932 1863 1994 matrem3
1903 1941 2035 1981 non
2069 1921 2334 1981 occidit:

323 2020 649 2081 abdicatur
672 2042 709 2079 a
732 2031 925 2101 patre.

1061 2190 1213 2236 PRO
1262 2191 1516 2237 FILIO.

343 2316 570 2403 Soror,
596 2315 1091 2391 insaniendum
1117 2330 1294 2387 est²z
1324 2339 1393 2388 et
1418 2336 1636 2387 mater
1658 2312 1974 2386 adultera
1996 2314 2196 2405 vivit,
2225 2314 2341 2385 do-

244 2460 364 2504 mo
406 2434 626 2532 patria
666 2435 1042 2507 carendum
1090 2457 1208 2508 est.
1250 2434 1382 2507 Hic
1425 2434 1643 2506 exitus
1676 2430 1932 2524 venit-⁹⁶,
1971 2454 2049 2505 ut
2083 2461 2162 2505 ex
2196 2461 2335 2530 quo

244 2547 435 2619 malo
482 2549 672 2619 furor
717 2571 1040 2649 coeperat,
1086 2576 1165 2620 ex
1213 2576 1296 2620 eo
1344 2549 1596 2620 sanitas
1643 2569 2057 2618 nasceretur.
2093 2545 2344 2619 Voluit

244 2688 365 2733 me
400 2663 749 2760 expiorare
785 2665 1137 2734 fortunam
1164 2661 1413 2761 gloria:
1452 2679 1800 2758 quantum
1831 2658 2035 2730 nobis
2065 2657 2346 2730 honoris

243 2777 495 2866 attulit,
513 2799 784 2849 tantum
799 2779 861 2848 vi
872 2779 1065 2850 rtutis
1091 2777 1403 2875 exposcit.
1424 2773 1910 2846 Innocentiam
1929 2772 2138 2873 patris
2163 2773 2340 2844 dum

243 2890 541 2964 liberare
571 2893 853 2990 quaeris,
888 2893 1225 2964 infamas:
1258 2889 1534 2963 homini
1568 2888 1961 2961 verecundo
1996 2888 2072 2958 in
2096 2886 2344 2989 hujus-

328 3077 373 3110 1.
416 3061 483 3112 In
525 3080 629 3133 quo
664 3081 825 3133 puero
842 3101 861 3127 ,
898 3076 999 3114 etc.
1040 3061 1219 3114 Scribe
1237 3101 1255 3128 .,
1336 3060 1778 3125 debat‚Sororem
1792 3059 1957 3111 occidi
1972 3082 1987 3110 .-
2008 3057 2151 3129 quod
2168 3071 2346 3112 tamen

248 3142 503 3194 imitatur.
520 3143 587 3194 In
604 3143 700 3194 hoc
710 3161 875 3216 puero
885 3184 902 3211 ,
920 3157 1020 3196 etc.
1033 3145 1253 3196 Senum.
1336 3157 1446 3190 non
1488 3139 1726 3217 praefero..
1770 3138 1989 3189 Senum.
2023 3139 2348 3191 Asteriscum

246 3251 323 3260 -—
372 3221 521 3291 Quod
560 3233 697 3274 certa
742 3235 828 3276 est.
872 3225 1039 3292 Igitur
1080 3224 1259 3274 sciunt
1340 3219 1542 3272 addidit
1562 3218 1880 3274 Obrechtus.

250 3317 436 3351 omnes
448 3337 465 3364 ‚
485 3299 627 3352 hunc
645 3303 925 3356 meretricis
944 3319 1057 3354 esse
1070 3300 1253 3353 filium.
1408 3303 1460 3356 3.
1481 3303 1589 3353 Hic
1605 3303 1772 3353 exitus
1791 3301 1944 3352 venit.
1967 3300 2101 3350 Puto
2113 3337 2131 3364 ‚
2156 3299 2348 3351 invide-

253 3378 477 3433 Scunm.
1184 3377 1199 3400 ⁶
1340 3393 1448 3446 tur,
1487 3382 1754 3450 scripsisse
1791 3391 2079 3430 auctorem.
2123 3379 2341 3430 Senum.

325 3477 372 3510 2.
398 3461 571 3525 Soror,
594 3463 955 3515 insaniendum
976 3475 1062 3516 est.
1084 3463 1257 3516 Probo
1338 3463 1526 3525 Forte,
1549 3460 1648 3512 huc
1661 3461 1828 3511 exitus
1843 3459 1986 3509 venit
1999 3480 2014 3507 .·
2036 3471 2094 3509 ut
2110 3457 2344 3510 nectam.

256 3541 615 3602 conjecturam
652 3541 888 3593 Neveleti
924 3545 1063 3608 mei,
1104 3544 1262 3597 Soror
1338 3541 1637 3596 CCCXXXI
1653 3562 1667 3590 ε
1700 3562 1722 3585 α
1741 3541 1794 3593 Si
1817 3551 2036 3590 eventus
2059 3539 2246 3590 eodem
2267 3557 2350 3590 re·-

256 3613 474 3679 occidit,
518 3616 877 3678 insaniendum
921 3631 1025 3670 est:
1078 3632 1256 3672 mater.
1345 3645 1369 3668 a
1390 3620 1598 3673 diturus
1630 3620 1746 3670 fuit.
1769 3641 1792 3665 ι
1823 3647 1896 3656 —-
1927 3616 2112 3670 Voluit
2147 3635 2230 3667 me
2263 3634 2350 3666 ex-

254 3691 405 3742 Pr'ru.
434 3694 571 3764 Lege
593 3714 605 3742 ι
632 3693 792 3745 Soror
811 3695 1049 3748 adultera
1075 3699 1262 3749 occidi·
1337 3700 1547 3774 plorare
1563 3700 1844 3769 fortunam
1865 3696 2036 3770 qlon'a
2051 3735 2068 3762 ,
2095 3709 2195 3747 etc.
2227 3697 2348 3748 Haec

256 3784 357 3838 rur,
376 3772 734 3826 insaniendum
754 3787 828 3828 est
842 3797 857 3826 .·
880 3788 1049 3828 mater
1062 3779 1263 3831 adulte·
1345 3795 1562 3849 quoque
1585 3779 1734 3850 quasi
1757 3775 2016 3848 deposita.
2044 3774 2235 3825 Melius
2253 3772 2353 3824 ha-

254 3868 319 3902 ra
340 3852 489 3916 vivit,
512 3853 665 3905 domo
682 3856 856 3924 patria
871 3855 1149 3908 carendum
1172 3871 1259 3910 est.
1342 3858 1545 3909 bebunt
1573 3857 1677 3909 hoc
1707 3855 1869 3908 modo
1893 3878 1906 3906 ε
1941 3855 2126 3910 Voluit
2149 3875 2234 3906 me
2260 3873 2350 3907 ex-

255 3931 422 4010 Gaon.
445 3932 757 3996 Neveletus,
776 3937 933 3989 Soror
949 3937 1136 3990 occidit
1151 3960 1167 3988 .-
1188 3941 1265 3990 in-
1336 3938 1550 4012 plorare
1569 3938 1794 4009 fortuna
1813 3961 1828 3989 .·
1854 3949 2108 4009 quantum
2137 3935 2348 4008 qlorioe,

254 4011 561 4062 uniendum
600 4023 686 4066 est.
728 4014 871 4067 Idem
904 4013 1165 4081 videram,
1192 4019 1265 4068 si-
1343 4031 1594 4089 quantum
1615 4017 1763 4069 nobis
1786 4016 1994 4070 honoris
2010 4015 2216 4083 attulit,
2241 4027 2354 4067 tan-

258 4085 475 4140 minima
500 4092 730 4143 ratione:
758 4093 857 4144 nisi
883 4093 1027 4163 quod
1054 4107 1105 4146 et
1129 4095 1263 4146 inci-
1344 4108 1459 4146 tum
1484 4098 1687 4149 virtutis
1708 4096 1948 4166 exposcit.
1975 4093 2192 4146 Scnunr.

472 4177 525 4228 6.
2037 4182 2102 4250 37
2196 4225 2205 4228 -
