2855 4871
617 406 745 484 240
1118 398 1211 463 M.
1260 397 1512 464 FABH
1559 396 2197 479 QUINTILIANI

616 524 707 596 rit
735 520 1270 595 testamentum?
1318 518 1812 619 potest-videri.
1837 518 2178 590 novitium
2199 576 2219 610 ,
2259 518 2716 620 quod-magis

605 639 765 741 jure
790 640 1100 738 primum
1134 636 1528 708 dixerimus.
1561 635 1695 707 Sed
1721 634 2324 731 quemadmodum
2356 636 2530 709 inter
2551 636 2716 736 plu-

615 755 795 826 rima
826 774 1227 827 testamenta
1245 810 1264 843 ,
1302 751 1638 824 ultimum
1665 749 1891 823 valere
1916 772 2184 851 oportet
2211 780 2225 823 :
2264 752 2359 824 ita
2387 753 2532 825 haec
2561 780 2718 827 ma-

615 872 863 943 nifesta
907 870 1075 968 legis
1120 868 1438 941 voluntas
1485 889 1623 959 est,
1673 888 1754 939 ut
1795 867 1869 939 id
1917 888 2416 940 testamentum
2449 869 2710 959 valeat,

612 1005 763 1084 post
802 984 992 1084 quod
1034 983 1317 1055 nullum
1357 996 1852 1055 testamentum
1891 1002 2009 1054 est.
2047 985 2294 1081 Neque
2335 1004 2440 1055 est
2486 984 2714 1057 incre-

611 1100 863 1189 dibile,
896 1100 1043 1170 sine
1082 1098 1335 1187 dubio,
1370 1098 1580 1169 etiam
1622 1117 1784 1169 ante
1821 1096 1953 1169 hoc
1991 1118 2525 1191 testamentum,
2549 1127 2710 1198 ‚quo

611 1240 738 1314 ego
767 1213 967 1286 heres
999 1214 1215 1284 factus
1250 1238 1444 1301 sum,
1479 1210 1820 1309 scripsisse
1857 1210 2060 1284 illum
2089 1213 2225 1284 alia
2258 1234 2706 1305 testamenta,

609 1329 975 1403 hominem
1019 1329 1419 1426 frequenter
1449 1340 1466 1371 ¹
1510 1327 1644 1400 hoc
1682 1328 2097 1400 facientem:
2143 1329 2234 1401 ita
2275 1350 2344 1401 et
2375 1329 2708 1402 ultimum

609 1444 827 1517 videri
870 1464 1122 1541 potest,
1166 1443 1221 1514 si
1266 1463 1420 1542 post
1462 1442 1600 1515 alia
1635 1442 1968 1542 scriptum
2007 1465 2105 1517 est
2138 1473 2153 1515 ε
2201 1465 2268 1518 et
2307 1445 2363 1517 si
2393 1445 2708 1544 primum

612 1561 944 1658 scriptum
984 1579 1118 1650 est,
1164 1559 1328 1658 quia
1364 1559 1648 1632 nullum
1691 1582 1930 1632 tamen
1969 1581 2104 1652 est,
2151 1561 2341 1658 quod
2371 1561 2600 1633 vincat
2643 1584 2710 1633 et

610 1674 961 1775 potentius
994 1675 1083 1747 sit
1106 1696 1383 1773 postea,
1418 1701 1545 1772 pro
1579 1672 1831 1745 ultimo
1855 1673 2266 1746 habendum
2296 1695 2438 1746 est:
2473 1674 2710 1746 subla-

609 1811 761 1862 tum
802 1789 1046 1861 dicunt
1077 1788 1267 1888 prius
1300 1809 1797 1861 testamentum
1839 1788 2216 1888 posteriore
2251 1808 2656 1861 testamento
2685 1816 2701 1859 :

610 1931 838 2001 neque
867 1931 995 2003 ego
1022 1904 1320 2002 inficior,
1349 1903 1405 1976 si
1423 1902 1586 2003 jure
1613 1905 1875 1977 factum
1903 1905 1994 1975 sit
2017 1923 2541 1993 testamentum,
2574 1902 2706 1975 hoc

610 2040 748 2109 est,
792 2020 848 2091 si
890 2039 1381 2092 testamentum
1419 2039 1558 2107 est,
1603 2017 2166 2115 potentissimam
2208 2044 2350 2090 esse
2393 2018 2702 2090 defuncti

610 2135 995 2235 proximam
1012 2160 1373 2232 quamque
1391 2132 1821 2205 voluntatem
1843 2160 1857 2203 :
1883 2132 2003 2206 sed
2024 2159 2204 2233 nego
2223 2132 2450 2205 ullum
2471 2155 2704 2233 postea

609 2252 871 2323 factum
904 2269 1393 2321 testamentum
1429 2276 1442 2319 :
1490 2248 1663 2347 quid
1699 2270 1797 2321 est
1837 2250 2028 2321 enim
2065 2250 2602 2321 testamentum?
2631 2270 2704 2322 ut

611 2366 880 2467 opinor3
894 2366 1205 2439 voluntas
1216 2365 1525 2438 defuncti
1545 2365 1946 2466 consignata
1950 2366 2108 2468 jure
2124 2365 2538 2466 legibusque
2554 2366 2703 2440 civi-

611 2481 786 2554 tatis.
805 2485 963 2554 Non
982 2479 1270 2552 dixerim
1288 2507 1415 2579 ego
1434 2501 1922 2553 testamentum
1936 2540 1955 2573 ,
1977 2482 2089 2553 cui
2115 2508 2452 2554 numerus
2477 2483 2703 2582 signa-

612 2619 839 2671 torum
876 2596 1065 2668 deest
1096 2623 1111 2666 :
1149 2622 1293 2667 non
1335 2594 1628 2667 dixerim
1660 2616 2187 2682 testamentum,
2217 2595 2331 2667 cui
2365 2595 2700 2694 libripens

611 2731 681 2784 et
714 2730 986 2811 emptor
1025 2709 1343 2802 familiae,
1382 2729 1450 2782 et
1487 2729 1730 2782 caetera
1760 2709 1904 2810 juri
1948 2710 2408 2782 necessaria2:
2449 2709 2700 2782 tabulae

611 2846 848 2915 erunt;
882 2827 1169 2897 fortasse
1204 2845 1270 2896 et
1297 2824 1635 2922 scriptum
1667 2824 1815 2895 erit.
1847 2827 1933 2895 Et
1960 2823 2125 2915 hoc,
2167 2845 2248 2897 ut
2276 2823 2515 2925 paullo
2546 2846 2697 2897 ante

612 2941 963 3030 dicebam,
1003 2961 1224 3014 vestra
1264 2967 1544 3038 quoque
1592 2941 2050 3013 manifestum
2091 2941 2521 3015 confessione
2569 2961 2695 3030 est,

612 3083 754 3127 non
806 3082 947 3127 esse
992 3057 1177 3128 velut
1219 3077 1711 3128 testamentum
1747 3083 1764 3130 :
1814 3057 1990 3129 facto
2037 3056 2231 3131 enim
2276 3057 2400 3130 illo
2448 3057 2700 3130 dicitur

610 3243 721 3296 deri
750 3261 855 3295 non
890 3245 1093 3294 vitium.
1130 3243 1309 3296 Scribe
1335 3263 1432 3315 per
1455 3246 1616 3296 imer-
1695 3247 1818 3297 Haec
1841 3247 1886 3297 si
1908 3245 2109 3310 desint,
2129 3247 2328 3317 inquit,
2347 3245 2543 3297 tabulae
2565 3265 2700 3317 quae-

610 3323 969 3392 rogationem:
1005 3331 1173 3394 potest
1208 3322 1369 3373 videri
1400 3323 1616 3374 novissi·
1697 3324 1817 3376 dam
1838 3343 1950 3376 esse
1971 3337 2249 3394 poterunt,
2269 3336 2362 3375 aut
2380 3325 2588 3394 privata
2603 3322 2698 3376 alia

610 3423 755 3455 mum
777 3442 795 3469 ‚
836 3405 979 3476 quod
1022 3404 1187 3476 magis
1223 3405 1343 3474 jure
1383 3403 1615 3474 primum
1697 3403 1909 3474 quidem
1941 3405 2232 3474 scriptura:
2269 3401 2364 3456 sed
2396 3421 2506 3453 non
2537 3415 2698 3456 testa-

608 3485 919 3536 di‘xen‘mus?
934 3483 1098 3535 Giton.
1122 3483 1247 3535 Non
1270 3493 1440 3554 potest
1457 3482 1618 3534 videri
1695 3497 1928 3536 mentum
1949 3521 1966 3548 ‚
2015 3486 2139 3554 quia
2183 3501 2292 3534 non
2337 3485 2698 3554 conscriptum

609 3563 962 3615 novissimum.
987 3564 1203 3616 sonum.
1685 3568 1806 3635 jure
1837 3565 2148 3637 legibusque
2180 3566 2431 3618 civitatis:
2461 3583 2572 3615 non
2609 3581 2696 3612 vo-

687 3659 731 3693 ι.
766 3643 1091 3714 Frequenter.
1126 3645 1203 3694 lta
1236 3641 1364 3694 dicit
1394 3643 1609 3696 Sueton.
1693 3642 1908 3696 luntatis
1927 3644 2188 3712 suaejusta
2203 3643 2570 3710 senteutia‚ut
2585 3643 2695 3694 Mo·

608 3723 735 3776 Caes.
776 3723 1011 3774 LXXXII
1047 3743 1059 3773 ε
1102 3724 1423 3794 «Pompeius
1457 3723 1612 3774 here-
1692 3723 1930 3779 destinas
1965 3727 2038 3777 ait
2081 3725 2169 3777 lib.
2208 3726 2253 3775 ΙΙ
2291 3723 2690 3776 Pandectarum.

615 3824 637 3850 ι
656 3802 777 3853 dem
800 3820 829 3852 a
854 3802 1054 3854 Caesne
1077 3800 1235 3852 scribi
1258 3801 1487 3852 solitum.
1511 3825 1534 3848 ι·
1699 3807 1872 3857 AEnon.
1897 3835 1970 3844 -
1995 3807 2120 3858 Non
2141 3824 2242 3859 esse
2264 3804 2420 3858 velut.
2447 3806 2578 3856 Non
2605 3820 2694 3856 esne

682 3901 729 3934 2.
746 3885 821 3936 Et
832 3893 1013 3935 cetera
1011 3884 1130 3955 juri
1147 3885 1440 3935 necessaria.
1461 3883 1608 3950 Jure,
1693 3903 1864 3938 verum
1897 3895 2254 3936 testamentum
2271 3923 2288 3950 ,
2315 3882 2446 3936 ohr.
2481 3883 2549 3936 Et
2582 3884 2690 3946 alii,

610 3967 815 4037 opinor.
860 3966 1028 4017 Giton.
1066 3964 1135 4014 Ut
1180 3962 1413 4034 quinque
1459 3962 1612 4014 liberi
1689 3974 1777 4015 est.
1815 3963 1940 4015 Non
1977 3981 2077 4015 esse
2121 3963 2276 4015 vultis
2313 3973 2686 4015 testamentum.

610 4045 749 4097 cives
774 4047 1006 4111 romani,
1034 4045 1243 4096 testium
1272 4043 1448 4112 signa,
1473 4041 1612 4093 filio·
1691 4043 1910 4094 Senum.
1925 4071 1997 4082 --·
2013 4042 2186 4093 Unum
2203 4040 2300 4092 hoc
2313 4051 2686 4096 testamentum·

609 4139 725 4174 rum
748 4125 1009 4176 institutio
1026 4122 1105 4176 vel
1121 4121 1484 4186 exheredatio,
1507 4135 1609 4174 etc.
1691 4121 1808 4172 Hoc
1830 4139 1938 4172 non
1963 4119 2123 4172 habet
2143 4117 2322 4172 AErod.
