2855 4871
578 430 1410 499 DECLAMATIONES.
1460 432 1877 497 CCLXXII.
2150 435 2267 501 125

213 555 622 655 apparuisset
647 555 974 628 exercitus
1003 583 1019 625 τ
1046 581 1176 627 nec
1204 555 1394 654 prius
1422 554 1763 643 desiisset,
1793 580 2005 651 quam
2034 556 2275 629 incen-

215 671 414 761 deret,
463 671 924 771 opprimeret,
973 670 1322 768 diriperet.
1367 648 1542 761 Hic,
1589 670 1645 741 si
1691 670 1949 769 placet,
1995 672 2271 744 feminae

214 786 554 875 animum,
591 804 662 858 et
695 786 771 856 in
801 812 1034 859 amore
1073 786 1306 885 patriae
1339 805 1725 883 assumptas
1760 785 2031 883 culpate
2053 788 2269 859 vires:

213 898 510 971 discussit
533 897 818 972 vincula
841 899 966 970 illa
983 955 1002 989 ,
1033 925 1186 995 quae
1203 956 1222 989 ,
1249 920 1326 971 ut
1351 898 1743 996 parcissime
1772 899 2032 988 dicam,
2061 900 2275 973 hostis

212 1015 650 1114 imposuerat,
691 1015 988 1107 femina,
1027 1042 1241 1106 anus,
1275 1034 1455 1089 torta
1490 1016 1697 1115 rupit.
1736 1016 2101 1107 Quaeritis,
2136 1043 2275 1116 quo

212 1130 430 1203 animo
449 1130 730 1205 fecerit?
749 1131 1039 1229 cogitate
1054 1190 1073 1223 ,
1096 1131 1268 1231 quid
1293 1158 1575 1231 passura
1591 1132 1802 1203 fuerit
1817 1131 2272 1231 deprehensa:

211 1266 371 1318 torta
389 1267 520 1338 est,
541 1266 926 1345 antequam
951 1247 1335 1319 offenderet
1360 1274 1374 1319 :
1399 1247 1653 1319 iterum
1684 1247 1983 1345 ingressa
2011 1269 2283 1320 noetur-

209 1384 370 1431 num
414 1362 576 1453 iter,
627 1389 773 1434 non
815 1364 1107 1435 confusa
1153 1361 1493 1452 tenebris,
1542 1387 1686 1433 non
1734 1361 2078 1460 periculo,
2122 1362 2283 1465 vicit

211 1499 398 1547 cursu
423 1497 739 1568 aetatem,
773 1502 1042 1565 sexum,
1070 1476 1588 1548 infirmitatem:
1625 1476 1839 1547 secuti
1873 1476 2047 1549 cives
2078 1476 2283 1573 quid-

210 1588 364 1685 quid
395 1590 665 1663 dixerat
684 1603 732 1681 ¹,
764 1588 1112 1686 quidquid
1134 1590 1386 1663 fecerat
1413 1609 1633 1661 mater
1660 1616 1673 1657 :
1712 1587 1895 1661 salus
1926 1614 2085 1687 ergo
2118 1590 2285 1661 civi-

209 1704 345 1777 tatis
376 1726 442 1777 et
467 1704 798 1795 victoria,
831 1732 970 1803 qua
999 1731 1194 1777 nunc
1236 1704 1659 1803 gaudemuS,
1698 1702 1864 1776 huic
1898 1704 2278 1778 debentur:

209 1816 329 1891 hoc
362 1843 462 1894 est
495 1820 922 1894 enunciare?

211 2060 742 2087 ..mmmm
1035 2064 1420 2085 mmm
1426 2060 1805 2083 mm
1808 2062 2255 2085 mmmm
2260 2064 2289 2081 ι

947 2238 1544 2315 CCLXXIII.

945 2447 1233 2522 Debitor
1261 2447 1543 2520 adulter.

211 2639 484 2703 mimus
505 2659 894 2704 utrumn-:nsi
918 2659 1222 2701 Anum-rimi
1249 2659 1410 2700 nom
1433 2657 1749 2699 rossmzu·
1763 2663 1780 2697 t
1800 2656 2105 2699 Anvssnsus
2120 2655 2291 2696 spon·

289 2757 474 2797 soum
508 2761 608 2798 sn·
641 2758 820 2799 iic-rio
837 2782 856 2813 ,
891 2757 1029 2811 QUAE
1065 2757 1372 2800 mvnnsus
1407 2755 1778 2797 DEBITOREM.
1813 2735 2000 2812 Quon
2032 2753 2295 2792 nemrou

289 2852 404 2893 non
433 2855 757 2910 sorvemr,
780 2854 1042 2895 sponsos
1073 2855 1317 2895 somn.
1344 2833 1618 2912 Quidam
1642 2831 1985 2893 debitorem
2017 2851 2198 2890 suum
2226 2829 2293 2888 in

285 2931 586 2994 adulterio
612 2931 1048 3015 deprehendit3
1079 2933 1247 2993 bona
1273 2932 1485 2992 onmia
1510 2951 1582 2990 ex
1608 2931 1738 3010 lege
1763 2931 2120 3012 occupavit:
2143 2929 2294 3010 petit

283 3027 564 3090 debitum
590 3031 670 3090 ab
695 3049 1008 3112 sponsore.
1039 3028 1150 3090 Ille
1174 3029 1241 3089 C.
1267 3031 1344 3088 D.

1065 3200 1429 3265 SERMO.

289 3340 688 3431 Priusquam
719 3344 1020 3408 venimus
1053 3343 1137 3409 ad
1169 3367 1429 3408 causam
1450 3344 1867 3432 ,praeparare
1904 3339 2296 3407 debebimus

209 3448 503 3513 animum
518 3448 798 3540 judicis,
827 3474 951 3541 pro
980 3451 1119 3540 ipsa
1144 3475 1423 3542 persona
1448 3451 1801 3542 sponsoris.

903 3629 1601 3696 DECLAMATIO.

299 3772 572 3844 Petitur
600 3800 643 3844 a
668 3773 867 3846 nobis
899 3775 1235 3875 pecunia,
1269 3803 1484 3876 quam
1518 3802 1662 3846 non
1695 3769 2119 3872 accepimus,
2154 3794 2296 3839 non

213 3915 848 3988 exmanuscriptis,Theb.
867 3917 956 3984 XI,
975 3935 1058 3970 22:
1077 3920 1216 3971 «Nec
1304 3941 1326 3965 a
1345 3918 1459 3983 his,
1497 3919 1783 3982 Germane,
1819 3912 2032 3984 gradus.
2064 3935 2087 3957 ι
2130 3911 2296 3960 Bonu-

217 3999 360 4066 «jam
409 3996 596 4048 hostes
639 4011 844 4064 turmae,
887 4012 977 4051 aut
1020 4000 1220 4052 ferrum
1375 4017 1418 4051 1.
1454 4000 1629 4052 Secuta·
1650 3991 1783 4050 ciues
1804 3992 2059 4067 quidquid
2084 3992 2297 4044 dixerat.

221 4091 244 4117 ι
259 4074 484 4126 mortale
496 4077 731 4127 timetur.
749 4099 772 4122 ι
787 4079 850 4130 Et
864 4075 1078 4130 deinde:
1097 4101 1120 4126 ιι
1134 4077 1223 4129 At·
1299 4075 1483 4129 Fidem
1510 4075 1782 4128 nuncianti
1806 4072 2041 4123 habuere
2052 4107 2068 4135 ‚
2094 4071 2177 4140 agi
2204 4087 2301 4120 cu-

223 4173 246 4195 ·
265 4171 368 4225 que
393 4157 674 4228 increpat,
695 4156 876 4211 hostes
899 4157 1022 4225 Quo
1051 4172 1219 4212 retra·-
1301 4157 1559 4210 niculum.
1586 4156 1735 4210 Salus
1758 4171 1913 4224 ergo,
1936 4163 2034 4203 etc.
