2855 4871
608 374 695 464 98
1115 370 1208 435 Μ.
1257 369 1509 433 FABIl
1556 368 2196 451 QUINTILIANI

613 518 746 585 est,
779 521 1000 594 quum
1029 493 1166 566 sint
1187 491 1513 564 exorandi
1542 490 1771 562 adhuc
1800 490 2059 580 animi,
2092 491 2473 565 multorum
2495 496 2671 567 susti-

615 613 850 685 nenda
882 609 1280 708 malignitas
1317 636 1331 679 ε
1376 607 1523 679 haec
1564 605 1743 677 mihi
1780 604 2025 677 omnia
2054 634 2173 678 arx
2198 608 2385 680 fecit.
2430 611 2531 679 An
2560 636 2671 707 ego

611 755 896 828 possum
921 753 1065 799 non
1085 725 1273 815 flere,
1301 722 1569 821 quoties
1599 722 1849 822 cogite,
1866 749 2039 822 quos
2060 723 2431 796 habuerim
2461 752 2671 824 paren·

611 867 740 935 ῑεε,
778 871 988 943 quam
1019 842 1270 914 domus
1298 842 1603 931 famam,
1634 854 1991 939 quas‘spes
2011 840 2489 914 adolescentiae
2512 841 2671 913 infe-

609 960 721 1034 lici
745 960 1128 1031 temeritate
1147 1016 1165 1048 ,
1193 954 1610 1027 damnandis
1634 954 2135 1054 cupiditatibus
2155 1012 2174 1045 ‚
2202 956 2591 1049 everterim‚
2612 976 2675 1027 ut

609 1076 860 1164 sentin,
908 1075 983 1145 in
1023 1070 1485 1172 perpetuum?
1532 1070 1715 1143 nihil
1758 1091 1857 1143 est
1902 1071 2091 1143 enim
2130 1071 2321 1171 quod
2358 1094 2676 1145 accusator

611 1218 810 1263 meus
855 1188 1294 1263 simulatione
1349 1186 1655 1284 quadam
1682 1244 1701 1277 ‚
1754 1187 1843 1258 ad
1897 1214 1978 1259 ea
2029 1213 2184 1287 quae
2234 1202 2249 1231 ¹
2279 1190 2675 1287 praeteriere,

605 1308 900 1405 obliqua
943 1303 1372 1403 malignitate
1416 1302 1716 1403 objicere
1762 1322 2071 1375 conetur.
2120 1296 2265 1402 Ego
2306 1328 2420 1375 me
2464 1304 2677 1375 fecisse

609 1422 800 1520 quod
829 1418 1090 1493 nollem
1108 1477 1127 1510 ‚
1149 1418 1410 1508 et,scio,
1431 1418 1707 1521 judices
1725 1476 1744 1509 ‚
1776 1439 1842 1490 et
1864 1416 2240 1492 confiteor:
2278 1440 2343 1492 et
2366 1418 2675 1519 quamdiu

609 1536 864 1625 vixero,
888 1563 1163 1637 semper
1185 1535 1316 1608 hoc
1341 1536 1607 1625 animo,
1634 1556 1775 1607 tota
1794 1556 2029 1607 mente
2053 1532 2420 1609 inhaerebit
2442 1560 2678 1631 :neque

612 1649 802 1721 enim
829 1648 981 1722 illas
998 1707 1016 1741 ,
1044 1677 1197 1749 quae
1222 1676 1335 1721 me
1363 1648 1730 1747 tetigerant
1754 1650 2209 1750 suspiciones,
2248 1650 2585 1749 pertinere
2606 1648 2679 1719 ad

609 1785 1016 1864 praesentem
1055 1764 1539 1838 defensionem
1577 1786 1785 1863 pute,
1824 1766 2266 1838 securissima
2302 1766 2677 1865 republica:

609 1904 738 1950 nec
755 1879 928 1976 quid
949 1878 1122 1951 illud
1143 1878 1386 1972 fuerit,
1409 1906 1500 1951 an
1517 1879 1760 1952 alienis
1778 1880 2273 1979 cupiditatibus
2290 1880 2679 1969 obstiterim,

612 1995 782 2067 dum
819 2022 1042 2087 meas,
1075 1996 1291 2068 simul
1322 1996 1609 2068 omnia²
1646 1997 1770 2069 ista
1811 1998 2127 2071 absoluta
2169 2022 2311 2071 esse
2350 1999 2586 2090 credo,
2614 2022 2681 2069 eo

609 2132 917 2212 tempore
937 2170 956 2201 ‚
985 2138 1126 2212 quo
1157 2111 1338 2184 inter
1365 2139 1481 2183 me
1516 2136 1807 2212 remque
1840 2110 2201 2213 publicam
2228 2115 2588 2203 convenit,
2622 2132 2683 2184 ut

609 2231 756 2302 haec
795 2229 1421 2301 omnia-memoriae
1457 2227 1874 2318 exciderint,
1904 2249 1981 2300 ut
2008 2254 2152 2301 non
2182 2228 2269 2302 ad
2304 2230 2529 2330 leges,
2562 2256 2682 2301 non

611 2346 699 2418 ad
724 2346 968 2417 odium
998 2344 1451 2445 pertinerent:
1476 2364 1642 2417 tunc
1669 2366 1847 2418 certe
1865 2344 2278 2419 laudabatiS.
2306 2346 2446 2421 Sed
2470 2374 2685 2447 quem-

612 2463 1000 2537 admodum
1046 2461 1237 2561 apud
1277 2487 1393 2534 vos
1440 2461 1937 2534 moderationis
1984 2464 2251 2536 famam
2298 2484 2683 2538 consecutus

612 2609 805 2670 sum,
841 2581 934 2652 ita
963 2577 1155 2679 apud
1187 2579 1561 2678 meipsum
1590 2605 1606 2650 :
1644 2577 1791 2652 haec
1818 2603 2099 2678 quoque
2136 2581 2358 2681 gravis
2381 2605 2686 2654 verecun-

612 2697 730 2770 dia
751 2696 990 2770 animo
1014 2695 1150 2767 fuit
1167 2753 1184 2788 ‚
1211 2696 1402 2795 quod
1425 2694 1715 2769 videbar
1741 2693 1873 2767 hoc
1896 2695 2137 2769 fecisse
2164 2716 2527 2797 tamquam
2558 2722 2686 2768 mo-

614 2814 904 2885 derator.
953 2811 1150 2904 Quid
1195 2811 1481 2913 postea?
1530 2811 1944 2885 satellitesne
1991 2811 2291 2885 contraxi
2338 2813 2430 2886 ad
2476 2807 2686 2886 arma?

613 2927 1013 2999 hahui=ante
1039 2927 1330 3000 divisam
1350 2925 1766 3028 pecuniam?
1784 2927 2053 3025 aliquid
2073 2929 2252 3000 inter
2270 2927 2528 3001 amicos
2548 2953 2689 3000 con·

615 3040 838 3112 tinui?
871 3041 1044 3138 quid
1077 3042 1287 3144 objici
1320 3043 1499 3116 mihi
1530 3063 1751 3143 potest
1776 3041 1851 3114 in
1880 3041 2234 3130 futurum,
2271 3069 2497 3143 quum
2530 3065 2687 3142 prae-

695 3225 713 3260 ι
727 3248 738 3260 .
765 3208 853 3261 Ad
866 3227 929 3260 ea
951 3227 1069 3281 qaoe
1087 3212 1390 3281 proeten'ere.
1411 3211 1618 3265 Scribe:
1776 3229 1824 3265 2.
1846 3213 1989 3277 Dum
2010 3231 2149 3266 meas
2166 3211 2327 3266 simul
2340 3213 2539 3266 omnia.
2560 3212 2691 3264 AEro-
2796 3233 2798 3257 ε

617 3289 759 3365 qnod
787 3301 1058 3343 aecusator
1085 3305 1227 3344 meus
1243 3332 1262 3359 ,
1285 3291 1625 3345 simulatione
1704 3288 1823 3345 dius
1848 3293 2061 3364 corrigit
2084 3305 2137 3345 et
2161 3291 2404 3366 supplet:
2434 3293 2557 3346 dum
2584 3291 2692 3343 meis

615 3389 810 3438 cmo,
835 3384 886 3424 et
905 3391 996 3439 ea,
1019 3389 1138 3445 quoe
1154 3376 1472 3444 preter-iere,
1498 3375 1627 3430 oui-
1702 3373 2042 3448 indulgen-m·
2070 3373 2249 3427 εἶπαί
2268 3375 2470 3428 omnia.
2496 3375 2693 3426 roms-

615 3469 724 3524 (μω
743 3450 1075 3524 maliqnitate
1090 3454 1304 3525 objicere
1313 3465 1545 3508 conetur.
1566 3454 1627 3508 ld
1666 3452 1673 3462 ’
1704 3457 1807 3509 sis:
1830 3476 1901 3510 an
1924 3454 2111 3510 alienis
2130 3457 2501 3532 cupiditatibus
2520 3455 2695 3511 obstite-

617 3543 716 3598 est‚
734 3529 862 3584 dum
875 3531 1100 3602 videtur,
1119 3547 1172 3587 et
1191 3533 1553 3608 praeferthanc
1568 3557 1625 3590 se
1705 3537 1804 3586 rt'm
1819 3572 1837 3600 ,
1873 3535 1997 3587 dum
2033 3551 2171 3588 meas
2192 3531 2334 3608 fint'o
2352 3557 2367 3585 .·
2404 3536 2584 3589 omnia
2614 3533 2693 3586 ista

620 3629 836 3667 causam
869 3631 1060 3686 agore,
1095 3631 1281 3669 oneret
1313 3635 1396 3671 me
1430 3617 1625 3672 invidia
1702 3615 1939 3670 absoluta
1982 3633 2085 3670 esse
2125 3615 2293 3669 mdo.
2344 3617 2694 3689 Suspicionem

618 3699 997 3769 praeteritorum
1013 3735 1030 3764 ‚
1055 3717 1169 3770 quae
1193 3697 1391 3752 abolita
1415 3715 1469 3754 et
1492 3719 1626 3754 con·
1704 3711 1881 3750 movet
1904 3701 2073 3771 ipsam
2099 3697 2169 3750 ob
2196 3697 2529 3770 tyrannidem
2552 3697 2695 3768 depo·

623 3775 820 3828 donata
854 3789 996 3830 sunt.
1037 3777 1261 3851 Obliqua
1291 3779 1623 3852 malignitas,
1704 3778 1889 3844 dum,
1906 3775 2166 3848 quosdam
2192 3776 2295 3830 sibi
2314 3779 2694 3838 succensuisse,

621 3869 682 3908 ut
719 3855 942 3928 obliquis
977 3856 1298 3910 orationibus
1331 3868 1384 3908 et
1417 3857 1594 3911 edictis
1605 3893 1623 3924 ,
1706 3860 1799 3929 qui
1812 3857 2010 3912 scilicet
2024 3857 2165 3910 illius
2184 3859 2381 3912 invidia
2400 3859 2693 3931 peccabant.

620 3935 874 3986 Suetonio
893 3955 908 3996 3
942 3933 1142 4008 obliqui
1170 3935 1416 3988 caminis
1442 3946 1591 3990 oesms
1604 3973 1624 4004 ,
1704 3941 1774 3992 Ut
1794 3941 1955 3992 faciat
1970 3957 2085 3992 nou
2102 3939 2334 3993 alienum
2354 3960 2383 3992 a
2406 3939 2543 4008 fide,
2558 3955 2695 3993 aceu-

621 4008 1625 4088 Statio.Gnouov.Dissimulationequoe·
1702 4031 1937 4072 satorem
1978 4020 2117 4072 inter
2152 4017 2255 4073 hos
2302 4031 2419 4073 esse
2458 4021 2693 4094 potuine·

625 4093 744 4146 dam
761 4105 814 4146 et
829 4115 890 4148 ea
909 4114 1024 4168 quoe
1038 4116 1122 4169 pr.
1143 4095 1361 4150 Senum.
1702 4099 1938 4158 Gitonem
