2855 4871
470 464 2022 559 DECLAMATIONES.ccoLxxxvm.
2161 480 2286 549 515

195 580 323 661 tua
350 586 555 688 culpa
584 588 879 687 periisse.
908 586 1144 677 Quare
1170 590 1423 663 deinde
1453 612 1598 664 tam
1630 618 1812 687 sero,
1847 620 2006 697 post
2033 577 2292 676 ¹annos

124 690 131 702 ’
196 703 571 775 consilium
611 704 864 776 initum
902 724 1002 777 est
1035 704 1422 807 ejusmodi?
1458 733 1564 779 res
1597 708 1778 783 inter
1809 711 2004 787 initia
2035 738 2287 809 urunt,

196 838 267 891 et
290 818 465 891 livor
489 845 685 893 mora
710 819 1019 892 solvitur.
1046 822 1181 893 Sed
1211 822 1299 894 ad
1329 820 1462 893 hoc
1493 823 1974 921 proficiscitur,
2012 856 2152 930 qua
2179 860 2293 905 ra-

193 934 387 1007 tione
411 935 727 1008 alienum
746 962 1019 1009 servum
1041 937 1323 1009 evincit:
1346 938 1560 1011 modo
1583 940 1902 1017 dicebam
1916 1001 1935 1035 ,
1962 945 2290 1021 libertum
2314 990 2322 1000 ·

193 1048 461 1140 habe03
505 1072 577 1121 at
603 1050 758 1151 jam
799 1050 1287 1152 praejudicium
1320 1052 1585 1125 habeo:
1619 1056 1676 1127 si
1717 1060 1901 1131 testis
1937 1060 2296 1137 honestior

176 1166 549 1266 juraverit,
576 1166 941 1238 conficitur
963 1168 1448 1239 controversia.
1478 1173 1570 1240 At
1593 1197 1718 1269 ego
1741 1174 2002 1249 multos
2017 1176 2292 1277 judices

180 1278 451 1378 juratos
492 1280 679 1353 dabo
710 1308 725 1350 :
776 1306 982 1352 causa
1024 1280 1297 1377 cognita
1316 1338 1335 1373 ,
1384 1308 1660 1356 excussa
1705 1308 1774 1357 et
1813 1289 2125 1364 absoluta
2167 1316 2286 1366 est.

190 1398 391 1495 Nego
418 1394 744 1467 solvenda
772 1420 917 1467 esse
932 1384 1239 1495 judicia:
1275 1395 1468 1467 hunc
1497 1424 1641 1469 esse
1666 1427 1996 1498 puerum,
2026 1408 2292 1481 inventi

190 1534 389 1602 sunt,
414 1513 538 1611 qui
560 1514 892 1613 jurarent.
919 1512 1207 1610 Peregre
1226 1569 1245 1601 ,
1278 1512 1547 1611 inquit:
1583 1514 1728 1587 illic
1755 1518 1926 1591 dicis
1943 1579 1962 1612 ,
1997 1523 2120 1594 ubi
2143 1551 2293 1598 non

188 1626 413 1725 gratia
432 1684 451 1715 ‚
480 1625 607 1697 ubi
636 1646 878 1697 contra
906 1624 1053 1696 haec
1078 1626 1317 1697 omnia
1340 1627 1534 1699 nuda
1555 1628 1796 1702 veritas
1827 1634 2127 1708 stabat²z
2157 1637 2292 1711 hoc

187 1768 439 1814 meum
464 1760 957 1841 argumentum
984 1760 1102 1812 est.
1131 1742 1368 1832 Quid?
1396 1744 1586 1841 quod
1622 1770 1766 1817 non
1801 1768 2075 1823 tantum
2098 1781 2127 1854 J
2139 1755 2294 1826 ndi-

188 1876 462 1947 catum,
498 1856 615 1927 sed
650 1856 859 1927 etiam
894 1880 1171 1953 peregre
1184 1856 1588 1956 judicatum
1613 1881 1747 1952 est,
1781 1863 1902 1935 ubi
1937 1892 2080 1937 non
2120 1895 2292 1966 pro-

184 1972 476 2071 pinqui,
500 1973 621 2044 ubi
643 1973 751 2043 vix
773 1972 1147 2071 quisquam
1169 1993 1333 2064 erat,
1358 1974 1480 2070 qui
1499 1996 1768 2074 patrem
1788 1977 1910 2082 huj
1921 2006 2000 2055 us
2021 1984 2292 2057 noscet?

181 2092 281 2160 At
302 2089 613 2161 hercules
630 2147 649 2179 ,
676 2089 880 2187 quale
902 2088 1091 2160 domi
1112 2089 1468 2189 judicium
1491 2092 1636 2163 est?
1662 2094 1756 2165 ibi
1789 2096 1975 2169 solus
1999 2098 2288 2173 libertus

183 2202 400 2275 vicit:
438 2202 551 2276 hic
578 2224 643 2275 et
664 2204 813 2274 avia
838 2203 1166 2276 defendit.
1194 2204 1440 2296 Dedit,
1466 2205 1731 2305 inquit,
1761 2208 2050 2285 libertus
2077 2242 2291 2313 pecu·-

180 2318 385 2389 niam
426 2318 901 2408 venalitiari0‚
958 2339 1037 2390 ut
1088 2320 1645 2417 praevaricaretur
1681 2350 1696 2393 ε
1745 2352 1910 2399 sane
1961 2355 2090 2402 nec
2137 2333 2288 2403 avia

178 2432 521 2506 libertum
568 2435 922 2527 timuerit,
972 2461 1101 2506 nec
1150 2435 1431 2508 libertus
1471 2439 2004 2518 venalitiarium.
2058 2449 2288 2522 Proba

175 2548 518 2621 libertum
552 2548 871 2620 habuisse
902 2550 1271 2648 pecuniam
1292 2607 1310 2640 ,
1346 2550 1615 2642 tulisse,
1658 2555 1924 2628 dedisse
1953 2585 1968 2628 :
2006 2587 2284 2634 necesse

176 2691 290 2743 est
341 2670 651 2742 multum
700 2666 1157 2739 venalitiarius
1210 2670 1645 2766 poposcerit:
1693 2671 2045 2743 aestimavit
2086 2676 2281 2747 enim

170 2813 335 2860 non
378 2811 525 2856 rem
573 2809 807 2874 suam,
852 2782 970 2853 sed
1010 2809 1208 2880 spem
1244 2803 1576 2854 nostram.
1617 2788 1764 2883 Age
1799 2785 2089 2878 deinde,
2129 2817 2282 2863 non

168 2905 389 2977 timet
428 2900 749 2988 libertus,
784 2926 873 2970 ne
910 2899 1031 2969 ille
1073 2898 1193 2996 qui
1231 2924 1528 2998 puerum
1564 2901 1906 2993 vendidit,
1941 2904 2066 2975 tibi
2107 2933 2278 2978 ven-

176 3015 349 3090 d.1t³
384 3013 769 3087 indicium?
796 3041 886 3085 ne
910 3013 1175 3103 veniat,
1204 3039 1295 3086 ne
1322 3013 1621 3086 scribat?
1651 3015 1708 3087 si
1739 3041 2136 3118 corruptum
2158 3022 2278 3123 ju-

176 3133 455 3206 dicium
488 3157 631 3204 non
664 3128 955 3230 probaS,
979 3129 1135 3200 vici.
1172 3130 1502 3228 Agnoscit
1522 3129 1708 3222 avia,
1745 3159 1898 3228 qnae
1937 3135 2276 3237 majorem

178 3271 583 3346 temporum
605 3268 868 3346 partem
894 3244 1106 3348 hujus
1122 3243 1579 3318 oblectatione
1599 3249 2065 3348 consumpsit:
2091 3252 2274 3326 filius

264 3409 307 3445 1.
350 3393 473 3446 Post
506 3411 687 3446 annos.
726 3393 850 3445 Post
885 3403 959 3444 tot
992 3410 1187 3457 annos,
1342 3409 1389 3444 2.
1411 3393 1604 3445 Stabat.
1631 3394 1799 3462 Lege,
1825 3403 2004 3446 comm
2032 3393 2140 3447 hoec
2163 3415 2273 3448 om-

180 3471 385 3526 Schnlt.
411 3471 662 3524 Obrecht.
691 3471 878 3524 dubito
908 3489 975 3522 an
1003 3489 1191 3524 neces·
1265 3469 1359 3521 nia
1382 3471 1527 3522 nuda
1555 3473 1737 3524 veritas
1759 3471 1932 3522 dabat.
1961 3473 2030 3524 Ut
2051 3473 2266 3527 Sueton.

183 3555 383 3605 sarium
400 3571 415 3600 t
445 3565 523 3604 est
541 3555 680 3603 enim
702 3551 840 3603 idem
860 3561 979 3624 post
993 3569 1185 3613 annos,
1265 3551 1452 3604 Claud.
1479 3553 1593 3614 XV,
1611 3553 1657 3618 s.
1681 3551 1744 3616 4:
1775 3573 1797 3597 α
1819 3551 1954 3604 Dare
1975 3555 2270 3610 secundum

184 3631 331 3704 qnod
354 3642 473 3702 post
496 3629 703 3702 aliquot
725 3649 889 3681 annos
911 3653 925 3680 .·
959 3643 1018 3680 ut
1046 3629 1187 3701 apud
1263 3645 1567 3704 praesentes.
1587 3655 1610 3679 ιο
1643 3632 1860 3684 Senum.
1890 3633 2034 3686 Nihil
2057 3651 2266 3690 mutan-

180 3715 321 3764 Just.
336 3713 515 3776 XLIV,
531 3711 583 3778 4,
600 3711 631 3764 3
644 3733 658 3762 :
690 3733 712 3757 ιι
726 3713 849 3762 Post
864 3709 973 3763 dies
990 3710 1056 3762 ad
1071 3730 1185 3762 con-
1263 3713 1387 3765 dum
1404 3731 1597 3765 censeo
1612 3733 1624 3763 ε
1639 3724 1772 3765 stare
1785 3716 1926 3765 enim
1946 3731 2024 3767 est
2037 3720 2266 3787 patroci-

186 3814 211 3837 ι
230 3809 335 3862 pus
354 3792 576 3860 expositi
594 3787 961 3860 requirendum
980 3790 1135 3841 misit.
1155 3811 1179 3836 ι
1260 3795 1402 3858 nari,
1426 3807 1486 3844 ut
1508 3793 1756 3846 omnibus
1779 3809 1979 3848 notum,

180 3873 249 3924 Et
264 3871 357 3924 lib.
370 3871 496 3936 XX,
514 3871 573 3935 5,
595 3873 627 3939 4
640 3893 654 3922 :
676 3893 699 3917 ι
717 3871 823 3938 Qui
838 3881 959 3922 ante
976 3889 1181 3922 menses
1333 3873 1383 3926 3.
1413 3875 1514 3927 Ubi
1535 3875 1741 3926 vendat.
1762 3877 1925 3945 Lege,
1945 3877 2039 3928 tibi
2059 3879 2260 3934 vendat.

189 3973 211 3997 α
233 3953 452 4002 Romam
472 3949 832 4003 incenderant.
855 3973 877 3996 ι
907 3953 971 4002 Et
988 3949 1074 4000 alii
1093 3967 1184 4001 εω-
1262 3957 1409 4006 Ριτιῐ.
1450 3951 1724 4006 AErodius:
1763 3955 1836 4006 t’bt'
1848 3976 1870 4016 ‚-
1905 3954 1997 4006 sed
2035 3957 2265 4012 scriben-

181 4033 414 4104 pissime.
435 4030 555 4083 vid.
591 4030 659 4082 ad
688 4031 868 4100 Quint.
895 4031 1060 4082 Instit.
1084 4031 1183 4094 xl,
1263 4033 1421 4096 dum,
1457 4031 1568 4083 tibi.
1607 4035 1653 4084 A
1689 4045 1742 4084 te
1777 4035 2002 4102 pecnnia
2045 4053 2262 4110 accepta

187 4131 214 4164 2
234 4151 251 4178 ,
302 4130 379 4182 ¹7·
424 4113 501 4164 lta
547 4133 569 4157 ιι
588 4125 713 4181 post
752 4125 961 4185 tempus
980 4135 1004 4160 n
1038 4129 1180 4183 supr.
1262 4129 1472 4164 omnem
1487 4113 1704 4161 nimum
1717 4110 1944 4182 detegat.
1965 4113 2130 4168 Guozt.
2147 4117 2267 4170 Tibi

182 4191 332 4246 Decl.
360 4193 725 4246 cehxxxlx.
1266 4193 1421 4242 etiam
1445 4187 1694 4244 Obrecht.
2079 4197 2082 4202 '

1895 4280 1981 4332 33.
