2855 4871
552 413 1390 482 DECLAMA‘rloNEs.
1439 413 1888 482 cccxxxi.
2143 415 2268 500 345

164 566 325 613 non
353 541 671 628 interest,
701 565 841 637 qua
872 539 1023 636 lege
1054 538 1306 610 harum
1340 537 1758 610 accusaveris
1786 566 1802 608 :
1839 538 2175 637 quoniam
2200 539 2273 611 id

166 657 472 730 demum
495 657 692 757 jure,
724 655 811 726 de
840 682 983 752 quo
1016 653 1366 752 quaeritur,
1402 653 1988 752 comprehensum
2025 675 2158 744 est,
2200 673 2277 727 ut

166 773 296 871 qui
328 771 569 873 capitis
592 770 1043 860 accusaverit,
1075 795 1352 869 poenam
1382 768 1712 869 patiatur:
1746 770 1842 842 ita
1865 770 2043 842 nihil
2069 771 2278 843 inter-

166 909 313 977 est,
352 885 544 986 quod
580 913 799 985 genus
835 884 1088 986 judicii
1128 884 1375 972 fuerit,
1419 883 1478 955 si
1510 905 1796 957 eventus
1832 885 2082 958 eodem
2125 885 2278 958 red-

168 1007 403 1078 iturus
427 1005 675 1076 fuerat.
692 1007 885 1076 Num
912 1002 1125 1101 igitur
1146 1000 1446 1073 dubium
1471 1022 1599 1090 est,
1617 1002 1787 1101 quin
1812 1003 1960 1094 hic,
1987 1029 2110 1103 pro
2137 1031 2276 1101 quo

166 1121 453 1220 loquor,
488 1119 544 1190 si
584 1139 755 1190 esset
788 1117 1211 1218 injuriarum
1250 1117 1450 1191 tertio
1481 1118 1895 1211 damnatuS,
1938 1119 2278 1218 periturus

166 1235 431 1308 fuerit?
464 1255 647 1308 extra
689 1235 1143 1334 quaestionem
1191 1255 1313 1306 est.
1364 1235 1564 1326 Quid
1609 1234 1814 1334 ergo?
1860 1235 2276 1310 damnatum

170 1381 345 1425 eum
379 1351 757 1425 existimari
790 1349 1098 1451 oportet?
1132 1351 1244 1424 cui
1272 1352 1608 1424 damnato
1643 1352 1883 1451 capitis
1916 1379 2116 1453 poena
2145 1353 2281 1425 im-

170 1468 445 1557 minet,
481 1493 625 1539 non
660 1467 958 1566 pecunia
1000 1467 1441 1558 multabitur,
1487 1492 1633 1539 non
1667 1466 2092 1568 ignominia,
2135 1495 2279 1540 uon

170 1583 445 1655 damno
483 1581 661 1683 juris
708 1580 1003 1682 alicujus
1044 1608 1061 1652 :
1112 1581 1284 1680 quid
1346 1580 1555 1680 ergo?
1605 1583 1923 1653 futurum
1973 1601 2159 1672 erat,
2201 1601 2282 1653 ut

170 1699 649 1770 occideretur:
687 1697 861 1797 quid
898 1697 1179 1770 interest
1209 1698 1341 1769 hoc
1373 1724 1514 1795 qua
1552 1696 1748 1797 lege?
1790 1697 1962 1798 quid
2005 1699 2284 1772 interest

172 1841 317 1910 quo
356 1839 611 1911 genere
630 1811 927 1913 judicii?
956 1815 1012 1882 F
1016 1812 1140 1884 ieri
1163 1838 1306 1883 non
1332 1831 1574 1912 potest,
1604 1832 1684 1884 ut
1713 1811 1828 1884 hic
1859 1813 2080 1912 capite
2111 1812 2284 1913 peri·

174 1927 459 1999 clitatus
488 1927 606 2019 sit,
629 1947 696 1998 et
714 1948 788 1999 tu
810 1952 956 1998 non
979 1925 1223 2026 capitis
1244 1925 1689 1997 accusaveris.
1711 1929 2041 1998 Praeterea
2067 1953 2281 2026 quam

173 2063 514 2139 putamus
564 2041 777 2114 fuisse
826 2067 1113 2114 causam
1161 2040 1680 2114 conscribendae
1728 2039 1898 2139 legis
1950 2039 2286 2139 hujusce?

174 2161 386 2232 Hanc
438 2159 628 2231 enim
675 2186 901 2259 quum
940 2157 1479 2249 excusserimus,
1527 2156 1930 2256 apparebit,
1969 2157 2042 2227 in
2083 2156 2284 2228 istam

174 2301 467 2374 quoque
494 2295 762 2374 partem
789 2273 947 2346 satis
972 2299 1117 2346 esse
1144 2293 1456 2345 cautum.
1484 2273 1555 2344 St
1582 2291 1749 2362 Quis
1772 2291 2048 2345 effu-15
2071 2291 2288 2345 Accu-

174 2411 514 2484 SAVERIT,
553 2413 645 2464 ET
683 2412 838 2466 NON
871 2410 1373 2482 DAMNAVERIT,
1410 2409 1563 2465 IPSE
1595 2409 1854 2464 CAPITE
1893 2408 2282 2463 PUNIATUR.

174 2510 333 2581 Hoc
354 2565 375 2597 ,
407 2508 680 2609 opinor,
712 2507 817 2579 illi
841 2507 1205 2610 justissimi
1234 2508 1403 2607 legis
1423 2508 1714 2609 hujusce
1743 2508 1990 2579 latores
2017 2529 2289 2604 specta-

178 2642 472 2715 verunt,
508 2651 597 2695 ne
628 2624 783 2721 quis
817 2624 1106 2723 impune
1138 2624 1333 2695 alteri
1369 2622 1762 2723 periculum
1799 2623 2113 2694 afferret:
2152 2620 2286 2691 ho-

174 2739 457 2813 micidii
504 2767 723 2839 genus
765 2759 1184 2840 putaverunt
1212 2795 1233 2827 ,
1284 2760 1522 2839 petere
1566 2737 1888 2837 spiritum
1934 2735 2284 2828 hominiS,

178 2882 403 2953 quem
444 2854 665 2927 occidi
710 2881 855 2925 non
898 2873 1260 2952 oporteret.
1296 2854 1409 2923 Tu
1454 2850 1593 2923 hoc
1639 2850 1858 2923 fecisti
1896 2878 1912 2921 ε
1959 2849 2284 2921 accusasti

176 2972 671 3058 innocentem,
714 2971 769 3043 si
804 2969 933 3042 tibi
973 2968 1313 3041 creditum
1358 2988 1568 3054 esset,
1611 2966 1962 3067 periturus
2007 2986 2153 3038 erat
2193 2966 2284 3057 is,

174 3114 405 3187 quem
432 3086 785 3159 accusasti.
815 3085 1095 3158 Judices
1130 3085 1380 3158 eodem
1409 3106 1725 3183 tempore
1755 3084 1842 3155 de
1872 3104 1936 3157 te
1969 3109 2290 3183 pronun-

176 3202 583 3275 ciaverunt:
614 3230 755 3274 non
787 3222 1008 3302 potest
1035 3200 1333 3272 omnino
1370 3200 1498 3272 ista
1537 3198 2009 3272 circumscribi
2047 3197 2286 3297 religio

176 3340 244 3391 et
276 3320 600 3391 severitas
623 3318 913 3420 judicii,
950 3340 1028 3391 ut
1068 3345 1212 3391 non
1261 3344 1543 3419 poenam
1588 3317 1704 3389 det
1748 3345 1901 3416 pars
1935 3314 2282 3388 utralibet.

178 3436 343 3504 Hoc
380 3434 729 3524 absoluto,
762 3434 883 3531 qui
922 3432 1273 3534 periturus
1310 3432 1486 3523 fuit,
1526 3431 1863 3503 continuo
1896 3430 1966 3502 id
2005 3456 2287 3526 quoque

180 3570 647 3621 consecutum
686 3570 821 3639 est,
866 3568 943 3620 ut
980 3547 1103 3619 tibi
1142 3567 1315 3619 esset
1350 3572 1550 3647 poena
1585 3544 1932 3646 patienda.
1967 3546 2060 3615 At
2092 3542 2286 3615 enim

182 3666 389 3737 tertio
420 3685 699 3737 tantum
728 3664 1151 3766 injuriarum
1186 3663 1538 3752 accusavi,
1573 3683 1644 3734 et
1678 3683 1753 3734 tu
1781 3661 1890 3734 bis
1917 3660 2288 3733 damnatus

184 3808 339 3852 eras
386 3779 827 3881 injuriarum.
874 3778 1071 3870 Quid
1114 3780 1438 3870 interest,
1484 3804 1635 3878 quae
1679 3805 1784 3851 res
1823 3776 2056 3850 fecerit
2104 3774 2288 3847 istud

184 3894 435 3995 capitis
461 3892 859 3996 judicium?
898 3921 1065 3967 nam
1110 3914 1177 3967 et
1214 3915 1291 3967 tu
1332 3893 1600 3966 crimen
1634 3892 1904 3991 gravius
1939 3888 2288 3990 objecisti,

186 4037 413 4108 quam
453 4008 715 4109 priores
757 4010 1204 4111 objecerunt:
1240 4008 1343 4081 vis
1381 4008 1588 4096 scire,
1622 4032 1840 4109 quam
1879 4004 2012 4075 hoc
2044 4028 2288 4076 verum

188 4126 320 4197 sit?
362 4125 579 4198 semel
607 4126 1024 4227 injuriarum
1047 4127 1377 4199 damnato
1406 4122 1828 4224 ignoscitur:
1861 4119 2040 4195 illud
2072 4140 2289 4193 morte
