2855 4871
580 469 708 548 406

1079 468 1174 532 Μ.
1223 467 1473 530 FABII
1519 463 2150 550 QUINTILIANI

1267 643 1969 744 DECLAM'ATIO.

663 839 812 928 QUI
843 856 1283 910 VOLUNTATE
1309 857 1579 908 DOMINI
1610 856 1687 907 IN
1720 855 2115 908 LIBERTATE
2142 855 2432 924 FUERIT,
2460 855 2669 909 LIBER

565 970 702 1023 SIT.
742 952 812 1024 Si
851 951 935 1024 de
974 953 1082 1025 his
1111 952 1505 1051 loqueretur
1537 951 1683 1043 lex,
1724 979 1895 1049 quos
1929 951 2259 1022 dominus
2298 951 2669 1022 manumi-

565 1066 786 1158 sisset,
819 1089 883 1140 et
913 1068 1167 1142 liberos
1198 1095 1340 1140 esse
1364 1067 1724 1159 voluisset,
1751 1095 2253 1168 supervacuum
2282 1090 2463 1139 erat:
2496 1097 2663 1140 nam

561 1183 769 1254 etiam
799 1185 926 1256 hac
958 1185 1108 1284 lege
1142 1184 1451 1272 sublata,
1494 1211 1637 1256 non
1680 1185 2149 1275 dubitabatur,
2186 1185 2361 1283 quin
2401 1212 2663 1257 manu—

562 1298 752 1370 missi
777 1299 975 1370 liberi
997 1320 1238 1371 essent.
1260 1302 1592 1372 Praeterea
1612 1299 1805 1373 aliud
1826 1326 1970 1371 esse
1988 1357 2005 1386 ,
2034 1299 2107 1370 in
2138 1298 2457 1371 libertate
2484 1327 2661 1390 esse,

556 1413 746 1486 aliud
779 1415 1080 1488 liberum
1114 1445 1292 1507 esse,
1329 1417 1539 1490 etiam
1576 1444 1653 1490 ex
1690 1445 1770 1490 eo
1806 1417 2255 1488 manifestum
2292 1436 2435 1504 est,
2474 1418 2663 1514 quod

557 1553 672 1598 eos
693 1585 710 1617 ,
747 1530 870 1628 qui
902 1531 976 1602 in
1009 1530 1324 1604 libertate
1363 1532 1662 1622 fuerint,
1696 1531 1950 1602 liberos
1984 1557 2123 1602 esse
2158 1529 2265 1601 lex
2286 1530 2523 1631 jubet.
2556 1533 2659 1602 Ad

553 1669 728 1742 quos
757 1673 919 1744 ergo
947 1646 1052 1720 lex
1083 1649 1420 1747 pertinet,
1448 1668 1526 1720 ut
1548 1648 1636 1720 ad
1666 1668 1974 1720 nostram
2006 1646 2401 1718 finitionem
2430 1647 2663 1719 redea-

554 1759 754 1832 mus?
781 1762 926 1852 Qui
949 1762 1342 1836 volentibus
1373 1762 1683 1834 dominis
1716 1761 2008 1833 fecerint
2032 1761 2269 1859 aliqua
2296 1782 2658 1858 tamquam

551 1875 794 1950 liberi:
823 1900 902 1951 ut
928 1902 1125 1978 puta,
1151 1881 1449 1980 signavit
1474 1879 1739 1979 aliquid
1764 1880 2037 1950 vol'ente
2068 1877 2363 1949 domino
2389 1879 2661 1951 servus?

551 1990 855 2064 liberum
891 2022 1030 2067 esse
1055 1996 1238 2067 vult:
1280 1996 1609 2092 iniquum
1646 1995 1837 2066 enim
1869 1994 2031 2064 erit¹
2072 1993 2339 2066 tabulas
2365 1995 2657 2082 auferri,

549 2128 619 2178 et
649 2107 1249 2208 circumscriptum
1295 2136 1439 2182 esse
1480 2109 1713 2181 nescio
1753 2136 1965 2205 quem
1990 2167 2010 2199 ,
2050 2107 2161 2179 cui
2202 2108 2494 2205 signatae
2528 2109 2661 2181 sint

549 2223 823 2294 tabulae.
877 2226 1106 2296 Judex
1159 2227 1338 2298 inter
1390 2225 1563 2298 duos
1610 2225 2073 2312 convenerim
2120 2245 2189 2296 et
2236 2227 2656 2298 sententiam

547 2337 782 2410 tulerit
807 2339 1084 2413 volente
1115 2341 1448 2416 domiuo?
1475 2343 1775 2415 liberum
1806 2369 1947 2418 esse
1976 2343 2167 2414 hunc
2191 2342 2444 2434 voluit,
2478 2365 2559 2416 ut
2582 2371 2657 2416 ea

550 2480 688 2544 τρε,
735 2482 888 2553 quae
919 2458 1231 2558 judicata
1267 2481 1442 2551 erat,
1482 2461 1769 2534 haberet
1798 2488 2009 2533 suum
2050 2462 2289 2532 finem.
2324 2463 2655 2561 Denique

550 2571 907 2645 neminem
923 2632 941 2665 ,
969 2576 1092 2674 qui
1121 2576 1194 2648 in
1221 2576 1458 2676 aliqua
1480 2577 1786 2650 formula
1810 2576 2143 2649 libertatis
2160 2576 2187 2622 ³
2211 2576 2489 2669 fuisset,
2518 2578 2650 2649 nisi

623 2760 666 2794 ι.
687 2744 968 2797 Inimicum
989 2749 1130 2798 enim
1152 2748 1265 2800 erit.
1285 2751 1406 2801 Hcec
1423 2750 1555 2801 ratio

543 2840 652 2871 non
673 2836 932 2893 perpetuo
948 2844 1072 2877 vera
1092 2839 1188 2879 est.
1206 2828 1345 2879 Nam
1361 2826 1557 2879 tabulae

543 2917 934 2972 nonnunquam
953 2904 1111 2957 firmae
1131 2920 1182 2958 et
1203 2920 1323 2959 ratae
1343 2926 1558 2960 manere

543 2990 798 3046 possunt,
827 2994 878 3031 et
908 2984 1054 3034 testis
1087 2983 1175 3035 iile
1209 2984 1550 3039 nihilominus

543 3056 593 3105 in
625 3058 926 3109 servitutem
953 3064 1080 3131 peti.
1107 3064 1154 3129 s.
1185 3063 1278 3115 sed
1303 3084 1426 3117 cum
1455 3065 1553 3117 ali-

469 3200 478 3209 ·
543 3134 660 3206 quis
685 3137 736 3186 in
761 3138 1045 3192 InstitutiO.
1071 3141 1137 3195 de
1161 3157 1281 3196 test.
1309 3146 1549 3199 ordinan.

542 3212 686 3271 Servi
703 3232 918 3287 quoque
935 3217 1138 3271 nullum
1156 3222 1430 3275 arbitrium
1447 3238 1553 3291 est,

543 3307 601 3344 ut
625 3292 883 3367 Ulpianus
913 3298 984 3350 ait
1014 3300 1081 3352 ad
1111 3300 1342 3355 edictum
1371 3304 1438 3356 de
1468 3325 1553 3358 re-

545 3378 710 3445 ceptis
749 3377 988 3431 arbitris:
1031 3394 1082 3433 et
1113 3396 1292 3435 tamen
1326 3400 1553 3455 possunt

543 3456 715 3508 valere
737 3476 850 3529 quae
872 3460 1016 3533 apud
1041 3482 1161 3515 eum
1183 3480 1302 3517 acta
1324 3480 1474 3533 sunt,
1494 3482 1553 3521 ut

544 3548 720 3587 tamen
753 3536 889 3589 liber
917 3557 1024 3591 non
1053 3540 1327 3595 efficiatur.
1359 3544 1394 3595 I.
1425 3548 1553 3598 Bar-

543 3614 719 3667 barius
736 3654 753 3682 ,
781 3616 854 3683 ff,
874 3616 940 3669 de
965 3620 1144 3672 officio
1169 3618 1419 3693 primoris.
1451 3625 1555 3679 Sed

546 3712 710 3766 quum
752 3710 1038 3769 utrumque
1079 3700 1289 3754 volente
1334 3702 1551 3758 domino

545 3774 746 3827 factum
775 3777 900 3843 erit,
933 3781 1147 3850 quaestio
1173 3780 1260 3832 illa
1288 3788 1552 3855 nascitur,

548 3872 613 3905 an
637 3856 792 3907 tacite
812 3857 859 3907 ei
879 3854 1124 3909 dominus
1143 3858 1438 3915 libertatem
1460 3862 1555 3915 ‹lo-

545 3948 698 3985 nasse
721 3932 978 4003 videatur,
1000 3950 1058 3987 ut
1083 3956 1242 4008 quum
1269 3957 1388 3992 eum
1415 3955 1554 3993 tuto·

547 4028 660 4062 reru
701 4010 791 4065 dat
807 4052 823 4081 ,
866 4029 959 4066 aut
998 4015 1250 4069 heredem
1291 4020 1515 4073 instituit
1537 4045 1548 4074 ε

549 4106 661 4159 quae
687 4110 794 4142 non
819 4094 920 4145 uisi
943 4092 1224 4148 liberorum
1247 4110 1368 4148 sunt
1389 4102 1553 4151 nomi·

549 4184 634 4218 na.
659 4167 840 4222 AEnon.
869 4170 1150 4226 Inimicum
1175 4174 1353 4227 AErod.
1385 4189 1437 4229 et
1464 4178 1552 4229 alii

1638 2747 1838 2818 legunt.
1876 2748 2008 2799 Vide
2048 2748 2266 2799 Fomer.
2314 2745 2509 2801 Select.
2549 2750 2651 2813 111,

1638 2844 1757 2898 cap.
1787 2826 1847 2895 4,
1873 2839 1926 2878 et
1950 2828 2018 2879 ita
2045 2846 2209 2897 supra
2230 2825 2312 2877 bis
2337 2839 2489 2878 terve
2513 2846 2653 2879 com·

1638 2906 1857 2971 mutari,
1878 2904 1989 2956 haec
2007 2902 2167 2958 verba
2188 2902 2446 2971 vidimus,
2466 2904 2535 2957 ad
2556 2908 2655 2959 De-

1636 2986 1790 3038 cIam.
1812 2985 2084 3037 CCCXIII.
2098 3017 2170 3027 --
2187 2985 2417 3039 Tabulas
2434 2988 2647 3059 auferri.

1634 3066 1826 3128 Forte,
1871 3064 2082 3117 aboleri,
2124 3067 2289 3117 Gnou.
2330 3064 2406 3115 Εἰ
2453 3066 2651 3119 tabulas

1635 3142 1839 3215 offerri.
1868 3142 2087 3195 Senum.

1708 3240 1756 3272 2.
1795 3222 1966 3273 Judex
2004 3224 2143 3273 inter
2175 3222 2299 3273 duos
2332 3224 2645 3276 convenerit.

1638 3302 1974 3375 cognoverit,
2012 3302 2267 3354 Obrecht.
2314 3302 2409 3353 sed
2450 3304 2645 3356 nullam

1633 3402 1847 3436 causam
1879 3382 2069 3435 video:
2108 3403 2244 3456 saepe
2279 3386 2420 3437 onim
2456 3404 2645 3439 conve—

1634 3462 1765 3514 nisse
1780 3463 1949 3535 judex
1980 3462 2189 3515 dicitur.
2222 3462 2337 3515 vid.
2364 3468 2549 3519 Vorst.
2582 3464 2645 3518 ad

1632 3539 1747 3591 val.
1774 3542 1912 3591 Max.
1940 3542 2013 3606 n,
2039 3542 2098 3607 8,
2127 3558 2176 3592 ιι.
2204 3544 2373 3594 Burin.

1704 3618 1752 3670 3.
1776 3618 1839 3669 In
1856 3616 2094 3689 formula
2118 3618 2377 3675 libertatis.
2402 3624 2516 3687 An,
2530 3622 2643 3695 for-

1634 3713 1793 3766 tuna,
1816 3714 1871 3752 ut
1890 3699 2038 3753 Decl.
2060 3700 2309 3754 CCCXL:
2338 3726 2359 3748 ι
2384 3704 2441 3754 ln
2466 3702 2639 3775 aliqua

1638 3803 1659 3827 κ
1682 3782 1895 3833 fortuna
1920 3782 2238 3854 reipublicae.
2260 3808 2281 3831 ιι
2306 3786 2371 3837 Ει
2394 3788 2467 3837 ita
2496 3786 2639 3839 Deci.

1632 3860 1949 3927 CCCXle,
1983 3881 2079 3933 pro
2103 3862 2364 3933 fortuna,
2392 3864 2639 3935 famula

1634 3945 1944 4015 reponenda.
1994 3944 2299 3997 Scnntrnto.
2352 3948 2465 4017 Ego
2514 3944 2639 3998 nihil

1631 4034 1813 4072 muto:
1857 4024 1928 4073 ita
1972 4025 2111 4074 enim
2154 4042 2290 4097 saepe
2330 4024 2539 4083 Livius,
2580 4036 2635 4075 ut

1630 4097 1721 4151 lib.
1766 4102 1954 4167 XLIII,
1992 4102 2059 4153 6:
2106 4124 2127 4147 α
2146 4103 2537 4175 Lampsacenos
2582 4103 2632 4152 in

1636 4200 1659 4225 ι
1680 4182 1943 4233 sociorum
1991 4184 2277 4237 formulam
2325 4186 2520 4237 referre
2564 4184 2627 4250 Q-
