2855 4871
582 421 709 488 326
1078 421 1171 483 M.
1216 418 1469 482 mnu
1513 417 2152 501 QUINTILIANI

578 546 767 618 cium
798 542 923 616 filii
956 541 1088 614 hoc
1118 567 1528 640 responsum
1561 540 1900 615 dederant
1933 541 2232 615 civitati:
2267 567 2516 641 magna
2539 567 2648 614 ar-

581 659 969 734 cessebatur
984 657 1251 730 anima:
1270 656 1516 730 debuit
1533 656 1696 728 duci
1707 671 1723 700 ¹
1749 656 2042 730 honesta
2061 657 2198 730 via:
2217 683 2430 754 quem
2449 657 2648 756 igitur

580 777 814 876 potius
846 777 919 847 in
950 775 1090 848 fine
1114 772 1403 846 actionis
1426 799 1602 846 meae
1631 772 1946 846 invocem
1963 831 1982 864 ,
2008 799 2226 871 quam
2255 771 2460 846 illum
2481 771 2648 844 mihi

580 892 947 993 proprium
980 887 1239 966 deum?

577 1153 1161 1177 mmmmm

1549 1151 1938 1172 mmmm
1945 1147 2660 1172 mmmm„

1308 1343 1948 1422 CCCXXVII.

1211 1574 1468 1682 &eri-(js
1497 1579 1702 1647 tn’um
1732 1599 2044 1647 noverca.

585 1781 945 1842 Introducta
972 1781 1167 1842 tribus
1194 1781 1494 1864 privignis
1509 1794 1549 1856 ¹,
1579 1779 1913 1840 sterilitatis
1941 1779 2464 1841 medicamentum
2491 1777 2668 1839 bibit:

1125 1879 1479 1962 repudiata,
1506 1877 1716 1960 injusti
1741 1878 1980 1962 repudii
2007 1879 2152 1960 agit.

1282 2065 1992 2132 DECLAMATIO.

686 2228 903 2318 Quod
936 2229 1250 2327 prinrum
1288 2228 1584 2326 pertinet
1616 2228 1706 2301 ad
1743 2230 2086 2330 pudorem
2122 2229 2334 2332 hujus
2367 2230 2682 2320 feminae,
2785 2271 2796 2280 ·

592 2371 734 2415 non
763 2342 1189 2416 adulterium
1214 2344 1560 2445 objicitur,
1587 2371 1730 2416 non
1755 2346 1990 2447 aliqua
2012 2346 2333 2420 adversus
2359 2347 2686 2420 maritum

589 2460 905 2534 licentia:
936 2486 1212 2532 necesse
1242 2480 1340 2531 est
1364 2460 1758 2559 plurimum
1785 2464 1932 2563 ejus
1957 2465 2271 2537 moribus
2292 2464 2586 2553 tribuat,
2613 2488 2692 2535 ex

594 2604 734 2679 qua
754 2578 1007 2650 liberos
1028 2576 1285 2673 quaerit.
1318 2576 1878 2687 Omnis-repudii
1897 2606 2104 2652 causa
2129 2582 2204 2653 in
2227 2580 2524 2653 crimine
2546 2604 2692 2651 uno

594 2692 948 2767 consistit:
1002 2692 1137 2765 hoc
1182 2689 1387 2791 quale
1438 2692 1566 2783 sit,
1630 2713 1860 2792 postea
1912 2694 2346 2767 videbimus:
2401 2694 2698 2766 interim

594 2836 824 2881 unum
860 2828 990 2898 est,
1024 2808 1097 2879 in
1126 2833 1265 2904 quo
1295 2806 1700 2895 mortalium
1735 2828 1923 2879 tanta
1953 2808 2276 2899 facilitas,
2307 2834 2437 2881 nee
2469 2808 2562 2880 de
2597 2809 2700 2880 fe-

597 2924 797 2993 mina
838 2921 1125 3022 loquor,
1174 2922 1373 3023 cujus
1416 2921 1766 2993 infirmior
1809 2948 2005 2995 sexus
2051 2945 2188 3014 est,
2235 2923 2356 2996 sed
2403 2923 2480 2995 in
2527 2923 2704 3022 ipsis

597 3038 841 3127 etiam,
878 3040 998 3135 qui
1033 3037 1442 3138 prudentia,
1475 3038 1954 3140 sapientiaque
1986 3040 2264 3139 gloriari
2287 3039 2546 3129 solent,
2571 3038 2706 3111 ha-

596 3150 716 3223 bet
758 3152 997 3224 locum
1043 3153 1484 3252 poenitentiae.
1535 3154 1671 3226 Sed
1717 3181 1944 3227 unum
1989 3155 2076 3228 sit
2117 3182 2283 3227 sane
2321 3180 2572 3255 grave,
2617 3156 2706 3226 sit

600 3268 962 3339 scelestum
985 3323 1004 3356 ,
1044 3289 1114 3340 et
1159 3268 1484 3359 hercule,
1522 3267 1850 3342 credibile
1887 3270 2054 3361 erit,
2093 3270 2164 3341 in
2207 3296 2321 3359 ea,
2361 3294 2514 3367 quae
2561 3290 2706 3342 tres

601 3382 951 3481 privignos
982 3381 1279 3455 habuit:
1316 3404 1626 3481 exspecto
1665 3410 1744 3456 ex
1779 3383 1892 3457 his
1925 3384 2193 3483 aliquid
2219 3383 2710 3457 novercalibus

680 3598 893 3650 1.Duci.
914 3596 997 3650 Ad
1016 3599 1368 3671 supplicium,
1384 3617 1501 3651 voc.
1521 3614 1610 3650 so·
1697 3622 1720 3645 ι
1739 3597 1956 3650 domum
1985 3616 2158 3651 meam
2185 3596 2428 3650 inductus
2457 3608 2570 3661 est,
2593 3621 2620 3643 u
2659 3611 2713 3649 et

604 3676 1610 3749 lemnietproprio.Vid.Decl.CGCXV.
1691 3681 1890 3751 passim
1925 3679 1978 3729 in
2009 3676 2091 3731 his
2117 3677 2500 3730 Declamation.
2529 3676 2714 3729 Recte

678 3754 1045 3808 2.Introducta
1066 3755 1616 3829 tribuspriviqnis.Le-
1695 3760 1852 3809 etiam
1895 3756 2105 3810 inducta
2143 3757 2424 3829 priviqnis,
2459 3766 2521 3807 ut
2563 3752 2710 3807 Ptin-

606 3854 699 3906 ge:
738 3834 963 3886 inducta.
1000 3834 1166 3885 Gaou.
1206 3836 1281 3886 lta
1317 3836 1430 3886 Val.
1465 3833 1610 3887 Flac.
1693 3840 1970 3911 Epist.V1‚
2003 3838 2105 3891 33:
2139 3838 2394 3890 «Femina
2419 3834 2714 3908 splendide

604 3915 680 3977 11,
714 3913 841 3965 132:
876 3912 1185 3983 “Carasque
1208 3915 1336 3964 toris
1360 3912 1614 3964 inducere
1699 3944 1720 3967 ..
1741 3934 1863 3971 nam
1896 3919 2207 3972 exheredata
2247 3918 2314 3971 ab
2355 3920 2714 3987 octogenario

614 4018 635 4041 α
654 3996 928 4049 Thressas.
947 4018 968 4043 ι
990 3996 1203 4049 Tacitus
1224 3995 1343 4061 ΧΠ,
1362 4013 1416 4047 2:
1443 4017 1464 4039 α
1483 3996 1618 4045 Lon·
1701 4023 1722 4046 ι
1743 4014 1922 4072 patre,
1947 4000 2082 4051 inu-a
2109 3997 2352 4050 undecim
2379 3997 2522 4064 dies.,
2542 4016 2714 4071 quam

616 4098 639 4121 α
656 4094 723 4144 ge
766 4079 959 4129 rectius
996 4076 1219 4129 Lolliam
1260 4075 1456 4129 induci.
1481 4098 1503 4123 π
1551 4078 1616 4129 Et
1701 4104 1723 4126 a
1743 4079 1831 4130 ille
1858 4095 2140 4131 novercam
2166 4080 2246 4141 ei,
2273 4096 2454 4131 amore
2477 4092 2712 4149 eaptus,

611 4156 735 4208 infr.
770 4158 917 4211 Decl.
956 4158 1306 4213 CCCXLVss:
1356 4160 1506 4228 aQui
1548 4158 1617 4211 ad
1703 4158 2036 4213 tinduxerat.
2059 4180 2082 4206 u
2113 4158 2282 4211 Bm.
