2855 4871
643 414 763 479 128
1137 414 1230 476 Μ.
1278 412 1527 476 FABII
1572 410 2205 494 QUINTILIANI

632 533 964 634 posuisti,
1009 560 1224 632 ponas
1256 560 1532 607 necesse
1566 553 1665 605 est
1690 554 1922 605 tecum
1956 561 1970 603 :
2010 558 2175 605 nam
2208 532 2601 630 patrimonii
2630 530 2690 601 in

633 649 852 722 alium
881 650 1226 722 transituri
1246 676 1326 720 ea
1346 649 1515 719 ratio
1538 668 1668 738 est,
1692 670 1766 721 ut
1785 649 2099 749 primum
2122 648 2380 719 credito
2398 644 2687 718 satisfiat:

634 784 900 864 partem
921 786 1283 863 tamquam
1305 761 1575 837 debitor
1592 761 1819 853 solvit,
1839 784 2107 863 partem
2124 784 2485 861 tamquam
2504 760 2693 831 credi·

633 898 740 951 tor
751 878 1027 977 accipis,
1041 878 1264 949 Etiam
1283 903 1477 950 nunc
1494 878 1845 976 fingamus
1859 879 2031 949 alios
2047 877 2437 965 creditores,
2454 898 2519 949 et
2534 873 2693 947 nihil

633 992 706 1063 in
740 992 1206 1092 patrimonio,
1239 991 1431 1091 quod
1460 994 1792 1091 supersit:
1830 994 1899 1067 id
1936 1012 2016 1065 ut
2050 991 2479 1065 manifestius
2510 1010 2693 1086 atque

632 1108 930 1206 apertius
955 1106 1217 1196 dicam,
1251 1106 1386 1179 sint
1408 1108 1865 1206 possessiones
1894 1109 2059 1181 huic
2089 1108 2553 1207 deprehenso,
2578 1106 2695 1177 sint

633 1222 1022 1321 mancipia,
1053 1222 1395 1322 supellex;
1430 1224 1519 1296 sit
1548 1250 1637 1297 aes
1664 1224 2011 1315 alienum,
2046 1225 2159 1297 cui
2196 1223 2310 1295 aeri
2336 1220 2543 1295 alieni
2572 1246 2693 1291 non

633 1338 986 1409 sufficiant
1012 1364 1092 1409 ea
1109 1394 1128 1427 ,
1161 1364 1315 1436 quae
1343 1338 1417 1409 in
1443 1341 1869 1438 patrimonio
1892 1360 2054 1413 sunt
2080 1367 2095 1410 :
2134 1338 2503 1439 occupabis
2526 1361 2695 1409 man·

633 1452 854 1551 cipia‚
887 1451 1255 1551 occupabis
1293 1454 1829 1553 supellectilem,
1864 1455 2227 1527 creditores
2258 1454 2501 1527 inanes
2528 1476 2694 1523 excu-

635 1565 761 1637 ties
777 1622 796 1653 ,
827 1586 1032 1665 atque
1061 1564 1404 1641 dimittes?
1437 1595 1581 1641 uon
1606 1590 1827 1669 potest
1852 1568 1985 1641 hoc
2010 1594 2291 1667 aequum
2316 1567 2531 1639 videri
2560 1563 2695 1635 tibi-

633 1681 912 1781 metipsi
951 1684 1350 1756 foeueranti:
1392 1686 1636 1757 omnia
1670 1686 1882 1785 igitur
1916 1712 2033 1777 ea,
2077 1711 2231 1785 quae
2273 1700 2692 1784 apparerent,

635 1796 710 1867 in
737 1798 1077 1871 creditum
1107 1820 1174 1871 et
1204 1800 1282 1871 in
1311 1828 1400 1873 aes
1427 1802 1742 1875 alienum
1776 1803 2221 1876 transissent:
2254 1823 2333 1874 tu
2351 1855 2371 1889 ,
2410 1795 2693 1900 quamvis

633 1910 860 2011 legem
884 1913 1170 1989 haberes
1188 1972 1208 2003 ,
1234 1944 1375 2016 qua
1393 1918 1521 1990 tibi
1544 1918 1838 1991 adulteri
1862 1919 2051 1991 bona
2072 1918 2515 2005 deberentur,
2543 1908 2691 1985 nihi!

631 2032 868 2100 'tamen
907 2055 986 2099 ex
1023 2030 1128 2101 his
1165 2031 1463 2105 adulteri
1502 2033 1743 2124 bonis,
1787 2034 1910 2130 qui
1946 2032 2123 2105 nihil
2160 2032 2485 2121 haberet,
2528 2054 2693 2101 rece·-

630 2140 872 2240 pisses.
901 2144 1012 2217 Sic
1034 2172 1196 2245 ergo
1215 2167 1449 2219 tecum
1475 2148 1741 2221 debitor
1764 2170 1924 2221 tuus
1948 2150 2296 2247 loquitur:
2326 2149 2510 2220 bona
2532 2170 2690 2219 mea.

631 2255 707 2328 id
739 2278 874 2349 est,
911 2261 1100 2359 quod
1143 2262 1444 2337 liberum
1484 2264 1558 2336 in
1599 2266 2021 2364 patrimonio
2056 2293 2215 2338 meo
2246 2286 2385 2354 est,
2429 2284 2499 2337 et
2530 2258 2691 2361 quod
2804 2316 2806 2325 2

631 2375 908 2474 proprie
940 2402 1179 2450 meum
1201 2435 1220 2469 ,
1255 2378 1344 2452 ad
1383 2401 1449 2453 te
1485 2380 1773 2456 transi're
1802 2382 2009 2456 debet
2037 2380 2188 2481 lege
2222 2410 2237 2453 :
2273 2381 2465 2481 prius
2498 2376 2691 2464 solvo;
2804 2394 2806 2415 ³

630 2510 698 2561 et
729 2491 900 2588 quid
941 2491 1222 2566 interest
1250 2521 1376 2593 ego
1407 2494 1668 2568 solvam
1692 2555 1711 2588 ,
1745 2524 1835 2568 an
1872 2517 1947 2569 tu
1987 2495 2301 2568 auferas?
2342 2523 2485 2568 uon
2520 2492 2693 2565 debet

629 2631 792 2703 ergo
821 2604 944 2677 tibi
975 2606 1065 2697 is,
1096 2609 1210 2679 cui
1236 2611 1608 2707 pecuniam
1629 2611 2018 2700 credidisti;
2046 2612 2271 2683 multo
2298 2611 2534 2682 minus
2556 2634 2689 2705 ego,

629 2719 751 2816 qui
780 2721 1080 2819 profecto
1109 2721 1372 2796 solutus
1397 2751 1586 2814 sum,
1616 2725 1673 2797 si
1696 2724 1865 2796 alter
1880 2725 2033 2827 jam
2060 2726 2278 2798 solvit.
2309 2726 2506 2817 Quid
2531 2723 2689 2796 enim

630 2831 940 2930 alioquin
971 2837 1193 2910 facere
1221 2865 1336 2910 me
1363 2838 1505 2910 vis?
1534 2839 1803 2939 integro
1828 2859 2002 2911 statu
2034 2840 2364 2913 debitoris
2394 2839 2568 2930 mei,
2594 2835 2641 2907 si
2660 2859 2690 2902 a

631 2971 745 3017 me
775 2969 1002 3044 petere
1034 2952 1429 3044 maluisses,
1468 2955 1559 3026 ad
1592 2955 1975 3028 debitorem
2007 2976 2409 3028 reverterer:
2446 2955 2503 3026 si
2536 2949 2691 3024 debi·
2796 3019 2798 3028 .

631 3081 740 3134 tor
773 3063 1194 3159 decessisset,
1231 3093 1300 3142 et
1343 3072 1529 3144 bona
1571 3073 1720 3174 ejus
1757 3073 1845 3144 ad
1884 3071 2211 3146 heredem
2251 3072 2689 3173 pervenirent,

629 3176 715 3247 ad
757 3177 1086 3251 heredem
1126 3183 1493 3275 redissem,
1520 3187 1603 3257 -id
1641 3209 1775 3275 est,
1812 3189 1997 3260 bona
2034 3215 2483 3288 persequerer
2515 3182 2693 3288 patri·

631 3294 885 3383 monii,
913 3322 1038 3394 pro
1072 3325 1211 3394 quo
1241 3328 1370 3408 ego
1402 3303 1769 3402 spopondi.
1808 3305 2005 3376 Idem
2032 3331 2105 3378 es
2138 3333 2291 3378 reus
2312 3321 2361 3395 ¹,
2391 3333 2433 3376 a
2457 3331 2588 3401 quo
2608 3295 2687 3370 fui

631 3409 1042 3506 repetiturus
1063 3469 1082 3500 ,
1117 3413 1172 3484 si
1203 3415 1372 3511 quid
1405 3437 1763 3518 tamquam
1796 3447 2085 3520 sponsor
2110 3420 2465 3492 solvissem
2490 3448 2503 3490 :
2532 3437 2689 3490 nunc

634 3521 722 3592 ad
759 3544 823 3594 te
853 3526 1120 3599 transiit
1145 3528 1688 3626 patrimonium3
1716 3560 1908 3606 nunc
1932 3535 2187 3632 coepisti
2214 3535 2439 3608 vicem
2468 3533 2689 3605 habere

634 3639 936 3715 heredis:
966 3645 1135 3742 quid
1157 3649 1348 3720 enim
1375 3649 1689 3740 interest,
1714 3652 1873 3754 jure
1905 3652 2297 3723 testamenti
2326 3679 2369 3724 a
2397 3650 2686 3723 defuncto
2788 3651 2790 3664 '

633 3754 861 3827 veniat
883 3756 969 3827 ad
994 3777 1060 3828 te
1075 3756 1449 3852 hereditas,
1477 3791 1566 3834 an
1582 3764 1733 3862 lege
1749 3791 1791 3836 a
1811 3763 2123 3838 vivente?
2142 3765 2198 3836 si
2217 3761 2683 3865 patrimonium
2786 3803 2788 3808 -

639 3869 814 3940 mihi
834 3875 1146 3972 persequi
1167 3874 1358 3966 licet,
1388 3879 1476 3949 ad
1503 3900 1569 3951 te
1600 3880 1877 3953 redeam
1909 3907 2183 3953 necesse
2212 3900 2350 3952 est:
2380 3881 2472 3951 ita
2502 3871 2683 3958 istud,

637 3985 824 4084 quod
863 3988 1171 4088 accipere
1203 4017 1343 4063 non
1376 4015 1597 4092 potes,
1632 3996 1688 4067 si
1717 4023 1945 4095 posses
1975 3997 2321 4095 accipere,
2356 3994 2645 4068 solveres.
2784 3987 2786 3990 ⁴

715 4144 757 4177 1.
779 4129 924 4182 Idem
943 4149 994 4186 es
1013 4153 1136 4191 mas.
1161 4137 1300 4207 Lege
1315 4160 1329 4189 ι
1356 4139 1491 4191 idem
1514 4158 1635 4196 esses
1657 4159 1781 4194 reus.
1806 4141 1973 4194 Gnou.
1998 4153 2137 4197 esset.
2159 4141 2379 4196 Senum-r.
