2855 4871
485 442 1320 509 DECLAMATIONES.
1369 442 1898 511 CCCXXXIII.
2115 446 2235 511 361

124 592 379 657 remo,
429 592 523 638 au
567 566 884 665 potuerit.
931 566 1090 638 Non
1138 566 1379 639 omnia
1420 592 1562 641 esse
1604 569 1988 668 praestanda
2030 569 2242 643 etiam

125 682 550 782 parentibus
584 684 772 755 dico:
817 683 1076 781 alioqui
1111 684 1291 756 nihil
1330 704 1431 756 est
1464 684 1913 785 periculosius
1956 686 2246 786 acceptis

125 799 540 890 beneficiis,
573 799 631 872 si
673 800 747 871 in
783 826 1070 871 omnem
1109 824 1238 871 nos
1271 799 1561 899 alligant
1593 800 1989 874 servitutem
2020 828 2034 872 :
2074 827 2245 872 nam

128 912 356 985 etiam
403 913 786 1006 scelerum,
836 915 893 987 si
939 915 1034 986 ita
1080 914 1393 986 videatur
1444 915 1594 1007 his,
1644 898 1765 1014 qui
1809 944 1937 990 nos
1983 916 2247 988 meritis

129 1026 572 1126 obligavere,
620 1029 930 1101 afferunt
967 1030 1468 1105 necessitatem.
1517 1031 1963 1132 Quapropter
2007 1031 2128 1103 illa
2171 1030 2245 1109 in.

129 1145 460 1217 confesso
490 1166 731 1239 erunt,
763 1172 992 1245 neque
1029 1146 1380 1220 facturum
1413 1148 1683 1245 aliquid
1712 1149 2034 1221 adversus
2068 1174 2252 1221 rem-

129 1261 507 1360 publicam
541 1289 624 1335 ex
647 1263 1000 1337 voluntate
1031 1265 1216 1366 ejus,
1253 1291 1298 1336 a
1333 1293 1475 1362 quo
1508 1264 1935 1367 beneficium
1972 1290 2253 1362 accepe-

131 1377 263 1469 rit,
317 1404 486 1449 eum
533 1379 658 1476 qui
701 1380 1082 1478 acceperit;
1118 1407 1350 1478 neque
1392 1381 1699 1480 impium
1738 1406 1901 1479 erga
1938 1398 2252 1478 parentes

132 1493 542 1566 necessitate
565 1495 688 1566 tali
711 1496 1072 1587 futurum,
1102 1523 1334 1595 neque
1365 1494 1848 1586 inhonestum,
1880 1522 2107 1593 neque
2140 1520 2252 1583 ea,

133 1634 298 1707 quae
353 1608 506 1679 fieri
543 1636 687 1682 non
727 1626 1120 1709 poterunt¹,
1160 1632 1667 1711 praestaturum.
1719 1610 1932 1701 Quod
1986 1610 2042 1682 si
2099 1609 2256 1681 luce

136 1725 292 1824 ipsa
312 1780 334 1815 ,
355 1724 666 1825 judiceS,
697 1725 952 1798 clarius
981 1748 1112 1817 est,
1137 1728 1288 1829 jam
1315 1728 1737 1817 intueamur,
1765 1754 1857 1799 an
1881 1728 2045 1817 hoc,
2066 1724 2260 1824 quod

137 1866 256 1911 me
286 1860 613 1939 praestare
643 1839 966 1912 debuisse
995 1840 1195 1931 dicit,
1227 1842 1532 1941 praestari
1562 1843 1963 1941 oportuerit.
1990 1841 2261 1913 Fortior

138 1956 238 2027 sic
273 1977 553 2055 ageret:
587 1956 1112 2029 advocationem
1149 1984 1399 2055 negare
1431 1978 1669 2029 contra
1696 1985 1897 2029 reum
1933 1956 2261 2056 proditio-

139 2073 298 2145 nis²
335 2099 482 2144 nou
515 2050 748 2145 debui.
795 2074 1184 2173 Oportebat
1222 2100 1366 2145 non
1403 2073 1637 2146 deesse
1670 2074 1941 2172 legibus
1972 2101 2257 2163 vocem;

143 2188 514 2288 oportebat
543 2215 686 2261 esse
715 2189 1023 2288 aliquem
1045 2247 1064 2279 ,
1097 2190 1218 2290 qui
1262 2189 1337 2261 iu
1383 2190 1677 2265 summis
1714 2190 2107 2289 reipublicae
2132 2247 2151 2280 ,
2184 2211 2265 2262 ut

143 2324 298 2376 tum
324 2302 720 2389 videbatur,
746 2304 1079 2403 periculis
1108 2326 1454 2379 excuteret
1473 2305 1854 2379 veritatem.
1886 2306 2265 2379 Dicebatur

145 2418 464 2520 proditor
491 2418 783 2520 aliquis:
821 2420 1170 2494 clamabat
1203 2421 1467 2494 delator
1479 2454 1498 2513 3
1528 2422 1585 2494 si
1617 2422 1797 2496 mihi
1824 2450 1952 2495 vox
1982 2444 2179 2512 esset,
2206 2421 2261 2494 si

147 2535 322 2634 quid
355 2535 764 2634 eloquentiae
803 2557 1056 2610 natura
1089 2537 1477 2630 tribuisset,
1505 2539 1657 2641 jam
1695 2538 1890 2610 vobis
1924 2537 2264 2610 ostendis-

147 2678 338 2742 sem,
364 2677 518 2748 quae
544 2678 707 2723 cum
733 2650 926 2724 hoste
958 2654 1414 2745 commercia,
1442 2654 1633 2751 quod
1658 2652 2032 2725 discrimen
2056 2652 2265 2724 totius

149 2765 596 2864 reipublicae,
629 2793 844 2865 quam
874 2767 1019 2839 haec
1055 2769 1336 2858 omnia,
1367 2797 1524 2868 quae
1553 2771 1628 2841 in
1664 2788 2039 2868 conspectu
2062 2787 2261 2856 sunt,

150 2880 227 2951 in
265 2879 513 2953 ultimo
547 2881 858 2980 periculo
899 2904 1143 2955 essent.
1185 2884 1475 2956 Hiccine
1510 2911 1713 2974 eum,
1745 2883 1869 2983 qui
1900 2881 2265 2956 3accusare

152 3022 350 3095 posse
378 2994 764 3090 videbatur,
802 3018 1028 3070 tacere
1061 2998 1449 3098 oporteret?
1480 2999 1660 3072 mihi
1690 2999 1885 3071 aliter
1910 2998 2264 3098 agendum

155 3131 292 3182 est:
323 3137 457 3210 ego
493 3110 910 3185 utilitatibus
935 3113 1237 3212 publicis
1263 3136 1501 3188 contra
1528 3113 1910 3188 stetissem?
1942 3131 2070 3213 ego
2102 3141 2265 3186 vero

231 3305 250 3339 1
263 3327 278 3340 .
297 3291 428 3344 Non
447 3302 747 3363 potuerunt.
767 3291 1055 3348 Maluimus
1075 3313 1172 3367 po·
1253 3297 1417 3365 batur,
1440 3309 1603 3350 tacere
1624 3297 1909 3368 oporteret?
1921 3294 2089 3348 Gnon.
2110 3293 2271 3363 Opor-

156 3379 334 3422 tenant
358 3391 420 3422 ex
445 3371 530 3425 ed.
557 3375 669 3446 Bip.
697 3373 788 3426 En.

225 3470 278 3504 2.
321 3451 736 3508 Advocationem
770 3475 958 3529 neyare
989 3469 1174 3510 contra

155 3553 300 3585 reum
316 3534 648 3605 proditionis.
671 3537 783 3588 Cic.
802 3557 902 3608 pro
921 3536 1058 3610 Sylla
1083 3557 1172 3610 ¹7²

161 3637 182 3660 ι
203 3615 544 3687 Intelligebat
563 3617 703 3670 hanc
727 3619 883 3670 nobis
909 3637 938 3669 a
962 3621 1177 3690 majori-

161 3717 184 3741 ·
203 3695 306 3750 bus
327 3715 446 3750 esse
464 3699 714 3752 traditam
735 3699 1100 3772 disciplinam,
1116 3716 1177 3754 ut

161 3801 184 3822 ιι
207 3777 408 3830 nullius
443 3781 672 3832 amicitia
707 3780 776 3832 ad
809 3781 1176 3853 propulsanda

162 3877 184 3900 ι
209 3857 456 3927 pericula
471 3859 898 3929 impediremur.»
921 3861 1178 3914 AEnon.—

159 3937 344 3992 Totius
365 3939 498 4011 reip.
529 3941 708 3994 Totius
729 3942 890 4009 deest,
916 3941 1096 3995 AErod.

229 4017 282 4068 3.
325 4017 552 4070 Hic-cine
591 4039 710 4072 eum
732 4057 750 4085 ,
790 4022 882 4093 qui
923 4022 1174 4076 accusari.

157 4094 409 4148 AErodius
423 4119 436 4146 ι
458 4097 566 4149 Hic
579 4117 662 4150 me
676 4117 806 4151 eum.
825 4101 1034 4154 Potius:
1055 4103 1180 4153 Hic-

161 4175 278 4226 εἰπε
305 4195 420 4228 eum
437 4217 456 4246 ‚
485 4180 576 4250 qui
603 4198 842 4234 accusare
863 4200 1009 4252 posse
1037 4183 1176 4236 vide·

1254 3388 1352 3444 tet,
1376 3379 1649 3428 Francius.
1674 3405 1747 3416 --
1766 3375 1917 3427 Mihi
1943 3373 2111 3426 aliter.
2143 3375 2265 3424 Non

1256 3466 1364 3505 tam
1397 3455 1609 3507 fortiter
1640 3473 1797 3526 agere
1824 3451 2018 3504 audeo.
2043 3453 2265 3504 Senum.

1256 3561 1326 3572 —-
1351 3533 1469 3605 qu
1502 3553 1621 3586 vem
1654 3533 1763 3585 hoec
1788 3532 1969 3584 omnia
1998 3547 2156 3600 supra
2186 3547 2271 3580 me

1257 3612 1569 3667 maluissem.
1595 3613 1873 3674 AErodius„
1896 3629 2049 3682 supra
2068 3629 2153 3663 me
2168 3627 2270 3662 esse

1255 3694 1555 3748 maluissem
1570 3715 1585 3744 .·
1604 3693 1719 3748 aliis
1734 3693 1917 3746 tribuit
1935 3693 2265 3764 supprimere.

1257 3775 1633 3829 scribendum:
1664 3778 1779 3851 Eyo
1808 3793 1925 3828 vero
1955 3774 2063 3826 hoec
2091 3772 2271 3824 omnia

1245 3858 1516 3930 ,supprimi
1542 3857 1855 3910 maluissem.
1890 3857 2120 3908 Gnonov.
2150 3854 2268 3925 qu

1260 3959 1309 3990 v.
1347 3939 1398 3990 Ιι.
1434 3958 1481 3993 ο.
1516 3956 1755 4011 suprema
1782 3935 2073 3988 maluissem
2085 3968 2103 3998 ‚
2133 3931 2265 3985 Obr.

1257 4019 1370 4083 An,
1389 4037 1483 4091 eqo
1502 4017 1684 4069 eadere
1702 4013 1811 4066 hoee
1829 4012 2007 4064 omnia
2020 4027 2173 4080 supra
2188 4029 2271 4062 me

1257 4098 1589 4151 maluissem?
1602 4096 1819 4148 senum.
1838 4095 1995 4144 Forte
2006 4129 2022 4158 ,
2042 4111 2137 4164 eqo
2152 4109 2271 4146 vero

1262 4181 1368 4234 hoec
1410 4178 1590 4234 omnia
1630 4177 1794 4230 subire
1834 4194 1917 4228 me
1958 4172 2267 4229 maluissem.
