2855 4871
1143 344 1678 409 CALPURNII
1726 342 2072 407 FLACCI

562 472 791 542 stitem
838 468 1065 566 legem
1092 481 1137 537 ¹.
1185 466 1482 538 Procede
1524 465 1934 565 legumlator
1971 465 2059 535 ad
2102 464 2418 537 bellum:
2459 490 2650 539 muta

566 586 807 658 stilum
841 583 1104 683 gladio,
1133 582 1347 653 lorica
1382 604 1638 679 togam.
1672 586 1832 655 Jam
1857 582 2148 653 fortunae
2177 581 2646 671 satisfecimu5‚

568 722 637 772 et
662 701 924 789 hosteS,
958 700 1061 771 vel
1098 700 1271 771 dum
1296 698 1666 789 vincimur,
1701 696 2172 797 fatigavimus:
2201 698 2278 768 in
2305 698 2648 770 victoriam

469 882 479 885 -
566 843 761 917 paene
795 816 1102 888 succedis
1136 815 1464 887 alienam.

570 349 693 435 592

570 1059 667 1079 m

1447 1056 2658 1077 mmmmmmmmss

1453 1226 1776 1301 XLIX.

1030 1431 1290 1529 Raptor
1315 1427 1853 1527 duarumfllium
1883 1434 2203 1499 nutriens.

571 1628 698 1685 Lxx
718 1645 1067 1685 nuruum.
1090 1626 1362 1702 Quidam
1381 1624 1534 1685 duas
1552 1626 1783 1706 rapuit:
1807 1623 2122 1707 productae
2143 1623 2224 1683 ad
2244 1626 2654 1704 magistratus,

650 1722 843 1781 altera
875 1725 1154 1805 nuptias,
1188 1722 1378 1783 altera
1412 1736 1674 1781 mortem
1701 1723 1868 1802 petit.
1901 1721 2299 1801 Magistratus
2331 1718 2654 1780 humanio-

653 1842 782 1879 rem
808 1821 1175 1880 sententiam
1203 1821 1392 1881 secuti
1418 1833 1581 1879 sunt.
1612 1819 1757 1879 Post
1788 1817 1978 1878 factas
2011 1818 2294 1898 nuptias,
2329 1816 2474 1890 illa,
2497 1813 2658 1896 quod

651 1922 828 2001 virgo
858 1940 1141 2002 perpessa
1177 1932 1267 1979 est
1280 1930 1326 1994 2,
1365 1939 1550 1999 quem
1580 1926 1978 1999 conceperat,
2011 1917 2280 1998 peperit3
2315 1910 2342 1952 3
2357 1914 2657 1996 exposuit:

654 2030 867 2099 raptor
886 2018 1174 2098 suscepit,
1194 2018 1302 2098 qui
1322 2030 1472 2076 tunc
1490 2031 1620 2075 erat
1640 2016 1893 2077 maritus
1913 2015 2176 2091 alienuS,
2195 2027 2258 2073 et
2275 2012 2445 2073 alere
2465 2012 2660 2093 coepit.

654 2114 813 2173 Reus
841 2124 930 2172 est
954 2114 1164 2189 uxori,
1190 2113 1368 2173 malae
1392 2102 1794 2173 tractationis.

1349 2302 1503 2348 PRO
1549 2301 1896 2347 MARITO.

688 2422 908 2493 Venit
949 2422 1036 2493 ad
1083 2450 1200 2494 vos
1242 2449 1452 2521 prava
1504 2419 1757 2494 mulier
1779 2477 1798 2511 ,
1851 2410 2248 2492 accusatura
2287 2416 2660 2516 pietatem:

656 2573 700 2608 ι.
738 2557 1010 2630 Reliquisti
1044 2559 1358 2629 superstitem
1398 2557 1580 2631 leym.
1662 2557 1970 2619 Terentius;
2013 2568 2063 2606 et
2105 2556 2371 2625 praecipue
2417 2552 2489 2603 ad
2531 2550 2666 2602 hunc

578 2636 708 2702 Quae
732 2649 853 2706 post
880 2650 931 2688 te
954 2635 1207 2688 duratura
1236 2650 1288 2688 et
1311 2654 1585 2688 conserva·
1665 2651 1875 2688 sensum
1900 2633 2050 2684 Adel.
2075 2635 2170 2697 111,
2197 2633 2228 2684 5
2249 2654 2260 2684 :
2291 2654 2316 2676 ι
2332 2633 2498 2702 Virgo
2525 2649 2585 2682 ex
2608 2647 2668 2680 eo

578 2727 695 2766 tura
734 2729 881 2767 tuum
920 2729 999 2768 est
1035 2735 1261 2768 nomen:
1297 2715 1444 2786 quod
1475 2733 1584 2766 nou
1671 2733 2016 2786 «compressu
2067 2713 2282 2785 gravida
2331 2726 2411 2766 est
2465 2713 2620 2763 facta.
2645 2734 2664 2754 ι

578 2794 717 2846 idem
740 2797 959 2866 contigit
984 2798 1147 2868 patri,
1169 2815 1330 2868 quum
1355 2806 1584 2847 sumeret
1664 2794 1847 2844 Posset
1871 2805 1922 2843 et
1946 2795 2166 2864 propius
2191 2791 2258 2843 ad
2279 2791 2550 2860 vulgatam
2575 2789 2674 2840 lec-

580 2873 1001 2942 expeditionem;
1044 2893 1201 2944 quam
1239 2874 1466 2944 sumpsit
1503 2886 1586 2923 ta·
1666 2878 1862 2927 tionem
1902 2874 2035 2944 legi,
2073 2892 2368 2948 perpressa,
2414 2885 2476 2922 ut
2521 2867 2671 2922 ovid.

582 2969 717 3002 men.
746 2953 1209 3006 Accommodatius
1243 2952 1311 3004 ad
1344 2972 1452 3005 rem
1489 2954 1586 3016 sit,
1664 2957 1780 3005 Art.
1807 2957 1862 3018 1,
1886 2955 2019 3024 394:
2051 2978 2074 3000 ι
2097 2957 2362 3024 Perprime
2387 2963 2674 3012 tentatam,

584 3029 875 3100 reliqueris,
923 3047 1012 3083 aut
1054 3032 1321 3104 relinques.
1364 3033 1584 3084 Senum.
1673 3060 1695 3083 α
1717 3053 1842 3100 nec,
1865 3037 1966 3087 nisi
1991 3037 2174 3099 victor,
2203 3032 2304 3086 abi.
2331 3056 2354 3079 ι
2387 3033 2542 3101 Quod
2560 3047 2676 3081 oon·

582 3135 655 3146 --
668 3107 734 3157 In
758 3109 1021 3160 victoriam
1046 3127 1197 3182 poene
1216 3110 1439 3162 succedis
1457 3107 1589 3160 alie-

586 3205 726 3239 nam.
750 3187 941 3240 Florus
964 3190 1034 3255 H,
1062 3190 1121 3240 16
1141 3212 1154 3241 z
1186 3212 1208 3234 a
1228 3193 1355 3242 Fata
1378 3193 1585 3242 rerum!

591 3288 612 3311 a
636 3284 799 3335 quum
814 3265 1057 3318 Metellus
1076 3265 1391 3333 dimicasset,
1408 3267 1477 3319 ad
1491 3269 1590 3318 vic-

593 3367 615 3389 t«
634 3347 819 3396 toi-iam
842 3347 1125 3397 Mummius
1146 3347 1302 3398 venit.
1321 3369 1342 3393 ο
1368 3345 1585 3397 Senum.

659 3438 706 3472 a.
740 3421 849 3474 lua
884 3423 1019 3494 quod
1054 3424 1197 3497 vir-90
1229 3443 1464 3497 perpessa
1499 3433 1586 3475 est.

588 3499 707 3550 Haec
730 3500 858 3570 quid
876 3501 975 3551 sibi
990 3501 1175 3568 velint,
1193 3522 1298 3555 non
1317 3521 1586 3573 assequor.

585 3577 689 3628 Res
715 3579 829 3649 ipsa
855 3578 1077 3647 jubebat
1100 3603 1111 3631 ι
1143 3580 1283 3648 Illa,
1306 3598 1423 3654 quoe
1450 3599 1590 3634 mor-

589 3669 695 3710 tem
720 3669 1003 3730 optaverat.
1032 3663 1198 3713 Gnou.
1233 3661 1442 3728 Scribe,
1473 3664 1594 3715 Post

578 3736 755 3808 factas
782 3738 993 3809 nuptias
1020 3739 1183 3792 altera
1199 3779 1216 3806 ,
1252 3741 1391 3812 quod
1422 3743 1591 3792 virum

584 3835 821 3890 perpessa
866 3833 975 3872 erat
994 3861 1010 3886 ,
1052 3841 1207 3895 quem
1252 3833 1557 3893 conceperint
1572 3863 1590 3891 ‚

586 3899 799 3968 peperit.
838 3898 1055 3952 Senum.
1096 3902 1252 3952 Forte
1294 3903 1560 3972 scripserit
1575 3939 1592 3968 ,

592 3971 689 4024 illa
710 3976 848 4048 quod
874 3979 1013 4053 vir-qo
1037 3996 1319 4050 compressa
1346 3999 1594 4050 concepe-

596 4066 709 4118 rat,
752 4061 967 4128 peperit.
1015 4062 1093 4112 lta
1133 4079 1269 4131 saepe
1312 4078 1620 4138 compr-msah

1669 3128 1896 3188 ceperat,
1921 3133 2038 3167 vere
2060 3115 2324 3186 eleganter
2345 3127 2398 3164 et
2417 3133 2482 3164 ex
2501 3115 2674 3182 pn'sco

1671 3215 1787 3249 usu.
1805 3198 1878 3247 Ita
1898 3196 2064 3258 Plaut.
2083 3194 2272 3266 Amph.
2289 3197 2338 3258 1,
2355 3195 2414 3247 3:
2443 3215 2468 3236 α
2483 3195 2676 3243 Verum

1675 3296 1696 3319 ιι
1719 3273 1862 3346 quod
1901 3288 2084 3324 natum
2121 3273 2216 3324 erit
2249 3271 2453 3332 tollito;
2475 3296 2498 3316 ι
2533 3268 2680 3340 quod

1669 3354 1898 3403 imitatus
1921 3355 2132 3403 Terent.
2161 3349 2324 3402 Andr.
2354 3352 2403 3415 1,
2431 3367 2448 3400 ι
2468 3366 2516 3412 1,
2540 3349 2601 3412 3,
2629 3362 2680 3398 et

1669 3431 1766 3492 111,
1810 3446 1865 3480 1:
1905 3452 1926 3475 α
1947 3427 2222 3500 Quidquid
2259 3431 2552 3500 peperisset
2587 3427 2680 3478 de-

1677 3520 1995 3560 ·creverunt
2031 3505 2231 3558 tollere.
2253 3531 2275 3554 n
2313 3509 2439 3576 Leg-
2484 3506 2677 3570 26‚.ff.

1670 3587 1738 3640 de
1783 3588 1914 3640 Stat.
1962 3587 2106 3640 hom.
2155 3612 2178 3634 ι
2203 3587 2264 3640 ld
2305 3586 2454 3658 quod
2499 3601 2680 3638 natum

1678 3671 1700 3713 i·
1721 3670 1837 3718 erit.
1861 3691 1882 3713 n
1925 3669 1990 3719 Et
2023 3670 2096 3719 ita
2126 3667 2294 3720 Graeci
2324 3665 2380 3718 τό
2411 3665 2680 3732 γοήμεναι,

1672 3747 1836 3800 Math.
1863 3752 1917 3808 1,
1945 3766 2044 3811 203
2065 3751 2193 3800 Luc.
2219 3751 2273 3814 1,
2300 3747 2386 3800 35.
2415 3749 2496 3799 lta
2523 3749 2682 3799 etiam

1670 3827 1912 3878 destituta
1947 3846 2046 3898 pro
2079 3827 2338 3879 destitutis
2371 3823 2679 3877 hominibus

1671 3904 1894 3975 vidimus
1914 3904 1979 3957 ad
1996 3906 2179 3974 Quint.
2200 3903 2347 3956 Decl.
2369 3907 2421 3968 1,
2435 3903 2488 3955 6.
2513 3905 2678 3954 Bm.

1746 3983 1794 4034 3.
1807 3980 2060 4056 Exposuit
2077 3996 2276 4055 ruptor:
2291 3981 2525 4053 suscepit.
2539 3981 2684 4033 Diffi-

1675 4061 1773 4114 cile
1789 4081 1902 4115 esse
1917 4075 2164 4133 putamus
2179 4061 2289 4114 haec
2307 4064 2383 4114 ita
2401 4073 2680 4112 construc-
