2855 4871
545 417 1388 491 DECLAMATIONES.
1438 422 1925 489 CCCXXVII.
2157 422 2279 509 327

175 548 398 621 factis.
431 552 808 624 Venenum
835 549 1141 649 paravit?
1182 527 1505 623 insidiata
1534 568 1639 621 est
1668 546 1901 619 liberis
1930 544 2110 621 tuis?
2140 545 2287 637 vel,

177 668 378 766 quod
407 668 838 741 levissimum
867 690 1000 757 est,
1032 654 1418 768 expugnare
1448 666 1767 740 animum
1794 685 1997 739 tuum
2022 664 2292 737 voluit?

178 782 369 855 nihil
405 782 701 855 horum:
737 810 1002 886 novum
1033 805 1099 856 et
1131 781 1529 857 inauditum
1564 802 1767 855 antea
1793 772 2056 853 crimen
2080 795 2129 869 ¹,
2160 806 2289 852 no-

179 924 381 971 verca
419 897 728 971 nimium
758 897 1011 971 dicitur
1037 926 1271 972 amare
1306 896 1687 998 privignoS,
1722 896 2099 969 sterilitatis
2137 920 2293 966 me-

191 1013 675 1086 dicamentum
706 1013 910 1086 bibit.
945 1014 1016 1087 Si
1057 1035 1133 1087 tu
1161 1013 1412 1085 liberos
1442 1040 1584 1085 non
1619 1012 1904 1085 haberes
1926 1068 1945 1101 ,
1982 1031 2291 1110 poteram

186 1152 428 1202 tamen
471 1128 593 1201 illa
629 1127 898 1219 dicere,
933 1127 1324 1227 periculum
1353 1127 1625 1218 timuit,
1656 1127 2091 1199 documentis
2120 1152 2294 1225 qua-

185 1244 518 1317 rumdam
550 1243 917 1317 infeliciter
947 1244 1368 1345 parientium
1403 1266 1597 1316 mota
1628 1264 1763 1335 est,
1791 1244 2076 1315 fortasse
2110 1241 2294 1314 male

189 1360 408 1433 sensit
427 1359 511 1431 de
541 1359 972 1460 temporibus
995 1358 1193 1460 ipsis:
1216 1357 1389 1429 vidit
1408 1385 1563 1431 eam
1584 1357 1931 1430 luxuriam
1947 1414 1966 1446 ,
1994 1383 2077 1429 ea
2101 1356 2292 1446 vitia,

191 1496 269 1547 nt
286 1500 488 1573 paene
508 1474 800 1547 educare
818 1474 1071 1547 liberos
1092 1473 1388 1547 amentis
1407 1493 1601 1545 esset.
1624 1476 1737 1543 Tu
1763 1499 1964 1572 porro
1986 1470 2057 1541 in
2084 1497 2293 1542 uxore

194 1591 372 1665 nihil
402 1590 593 1664 aliud
630 1606 1043 1690 exspectas2,
1069 1616 1287 1691 quam
1320 1587 1870 1662 fecunditatem?
1902 1616 2047 1659 non
2076 1588 2293 1687 parit;
2396 1647 2403 1654 .

195 1708 316 1780 sed
345 1706 766 1806 obsequium
787 1764 807 1798 ,
835 1706 956 1779 sed
988 1706 1200 1779 fidem
1231 1726 1521 1805 praestat.
1552 1704 1687 1778 Sed
1706 1705 1856 1806 jam
1887 1722 2163 1803 tempus
2199 1722 2297 1773 est

196 1822 492 1923 propriis
521 1848 680 1895 eam
704 1823 1084 1895 rationibus
1115 1822 1418 1895 defendi.
1453 1821 1646 1895 Bibit
1670 1819 1841 1893 illud
1861 1878 1881 1911 ,
1912 1847 2137 1917 quum
2162 1840 2297 1891 tres

197 1938 450 2011 liberos
480 1938 803 2011 haberes:
838 1966 965 2011 nec
995 1938 1228 2014 statim
1261 1936 1393 2010 hoc
1419 1962 1656 2009 amore
1684 1955 1747 2007 et
1769 1936 2023 2005 affectu
2056 1933 2301 2004 defen-

202 2051 330 2125 do:
367 2052 650 2125 interim
685 2074 1047 2154 tamquam
1079 2053 1523 2126 ambitiosam
1557 2051 1837 2123 tuebor:
1869 2047 2084 2121 voluit
2112 2048 2301 2119 effu-

205 2194 359 2267 gere
395 2168 668 2241 fabulas
710 2194 1200 2259 novercarum,
1237 2167 1458 2241 voluit
1494 2167 1813 2240 adversus
1856 2188 2051 2237 casus
2092 2162 2301 2233 etiam

205 2310 628 2383 praeparare:
660 2283 856 2356 illam
883 2284 1064 2357 nihil
1093 2286 1166 2356 in
1201 2284 1411 2358 domo
1446 2281 1703 2355 habere
1721 2278 1774 2369 3,
1804 2299 2083 2381 propter
2112 2274 2303 2375 quod
2368 2352 2375 2359 ‚

205 2397 538 2500 privignis
571 2399 929 2472 invideret.
962 2398 1202 2492 Quid?
1231 2399 1287 2472 si
1310 2399 1474 2472 fecit
1500 2398 1631 2470 hoc
1658 2422 1803 2468 non
1834 2394 2307 2468 modonover·

209 2542 332 2608 cae,
364 2516 487 2588 sed
517 2517 731 2589 etiam
759 2519 989 2590 uxoris
1019 2517 1296 2618 optimae
1327 2514 1609 2588 animo?
1636 2513 1920 2614 plenam
1951 2512 2308 2582 invenerat

213 2631 539 2722 domum,
561 2633 856 2732 plenum
881 2654 1397 2707 testamentum.
1415 2631 1615 2722 Quid
1635 2629 1844 2715 mihi,
1868 2627 2125 2725 inquit,
2142 2649 2306 2694 cum

215 2769 412 2845 partu
445 2748 630 2854 erat?
663 2748 943 2822 dederat
971 2749 1147 2821 mihi
1179 2751 1461 2824 fortuna
1481 2747 1808 2847 juvenes:
1846 2766 2075 2837 neque
2102 2736 2310 2808 mari-

289 2966 331 3000 1.
351 2951 565 3004 Novum
585 2952 797 3004 crimen.
820 2953 1026 3017 Ironia,
1042 2963 1093 3003 et
1109 2951 1220 3002 imi·
1301 2949 1354 2999 in
1375 2949 1559 3014 domo,
1582 2944 1783 2998 Schult.
1810 2945 2109 3016 Proeparare
2127 2940 2275 2992 illam
2290 2964 2306 2993 .-

217 3029 342 3082 tatio
370 3029 642 3083 Ciceronis
673 3051 774 3103 pro
803 3034 974 3103 Ligar.
1007 3049 1124 3102 cap.
1160 3045 1177 3080 1
1203 3051 1216 3080 2

221 3131 243 3156 ι
260 3111 470 3165 Novum
493 3114 717 3181 crimen,
736 3113 796 3165 C.
815 3114 1004 3178 Caesar,
1026 3125 1078 3164 et
1096 3125 1218 3166 ante

222 3191 406 3244 ahane
438 3191 580 3244 diem
615 3194 928 3248 inauditum.
951 3220 973 3243 n
1000 3193 1119 3246 vid.
1151 3193 1220 3246 ad

217 3272 336 3322 lust.
363 3269 513 3322 Orat.
539 3271 627 3338 IV,
660 3289 706 3338 ι,
731 3275 778 3342 S.
806 3275 891 3328 38.
921 3275 1088 3326 Banu.

289 3365 337 3399 2.
358 3350 426 3400 In
446 3367 604 3402 uxore
621 3351 764 3404 nihil
783 3351 934 3406 aliud
950 3362 1222 3424 exspectas.

219 3430 430 3494 Potius,
457 3430 600 3483 nihil
629 3433 782 3485 uliud
810 3447 1018 3505 spectas.
1053 3433 1221 3485 Gnou-

218 3509 290 3558 lta
310 3507 638 3576 Obrechtus‚
659 3524 712 3562 et
729 3511 1013 3566 millies-ita
1036 3531 1224 3585 pecca·-

223 3601 332 3640 tum
359 3590 479 3641 fuit.
541 3603 563 3641 ,Ι
1039 3633 1048 3642 .

289 3668 340 3719 3.
373 3667 537 3720 Illam
573 3667 711 3721 nihil
742 3670 797 3722 in
835 3671 987 3723 domo
1026 3669 1223 3722 habere.

221 3748 501 3802 AEmdius:
542 3749 674 3801 Item
711 3751 764 3802 in
796 3750 969 3802 domo.
1009 3749 1223 3802 Scribe:

224 3826 410 3880 Voluit
451 3827 689 3901 effligere
723 3829 940 3900 fabulas
981 3847 1227 3882 never-ca-

219 3927 338 3960 rum
356 3931 372 3960 .·
408 3909 584 3962 voluit
611 3911 850 3966 adversus
873 3929 1013 3964 casus
1039 3929 1090 3964 se
1104 3913 1226 3983 jam

216 4005 515 4058 pra-parare
540 4010 555 4039 .·
603 3988 767 4042 voluit
807 3989 946 4042 nihil
982 3991 1038 4041 in
1075 3991 1232 4042 domo'

225 4069 438 4136 habere,
463 4083 676 4142 propter
699 4071 842 4143 quod
865 4071 1118 4146 privignis
1145 4073 1230 4124 ἰη-

225 4147 431 4204 videm.
447 4149 613 4202 Gnou.
629 4149 922 4222 Proeparan'
941 4149 1054 4204 illa.
1075 4149 1232 4206 Nihil

1298 3029 1439 3082 nihil
1466 3031 1521 3080 in
1549 3028 1733 3091 domo,
1760 3026 1889 3078 Obr.
1926 3024 2113 3078 Voluit
2136 3043 2188 3076 se
2213 3025 2309 3074 ad-

1299 3129 1469 3164 versus
1495 3128 1638 3162 casus
1660 3109 1827 3160 etiam·
1842 3125 2150 3178 proeparare.
2176 3107 2311 3158 Item

1299 3187 1438 3241 nihil
1463 3221 1483 3255 ,.
1533 3185 1712 3239 AErod.
1765 3185 2019 3240 Adversus
2068 3203 2209 3236 casus
2261 3201 2313 3235 se

1301 3271 1459 3321 etiam
1491 3286 1802 3341 proeparare.
1835 3267 1945 3320 Illa
1972 3266 2110 3318 nihil
2136 3268 2192 3317 in
2222 3266 2311 3316 do-

1303 3368 1417 3414 mo,
1446 3351 1529 3403 vel
1548 3369 1842 3423 proeparare
1865 3347 1978 3401 illa.
2002 3347 2188 3412 Nihil,
2210 3360 2310 3397 etc.

1302 3435 1439 3484 Best.
1465 3431 1530 3484 de
1554 3445 1653 3484 rat.
1683 3431 1889 3483 emend.
1911 3430 2081 3500 leges,
2106 3447 2151 3479 c.
2174 3429 2313 3491 xlv,

1301 3513 1350 3580 S.
1385 3529 1440 3581 9.
1471 3541 1544 3551 —-
1574 3510 1675 3564 Sed
1711 3511 1867 3561 etiam
1909 3507 2081 3560 uxoris
2116 3507 2313 3576 opte'mo

1305 3590 1501 3642 animo.
1538 3589 1745 3653 Potius,
1782 3585 2004 3658 optimae.
2045 3585 2211 3637 Gnos.
2244 3611 2316 3622 -—

1307 3667 1535 3719 Plenum
1576 3677 1951 3720 testamentum.
1994 3663 2051 3714 ld
2084 3678 2191 3722 est,
2231 3659 2320 3711 cui

1308 3747 1432 3798 satis
1460 3757 1596 3798 esset
1620 3743 1902 3808 heredum,
1928 3741 2118 3812 quibus
2144 3739 2319 3811 legata

1309 3829 1413 3878 sirit
1452 3828 1693 3878 universa
1728 3825 1967 3876 testantis
2004 3822 2175 3872 bona:
2208 3815 2316 3868 xid.

1309 3907 1386 3960 Cl.
1408 3905 1609 3960 Schult.
1638 3905 1703 3958 ad
1730 3906 1913 3956 Senec.
1938 3905 2114 3956 Contr.
2135 3902 2208 3962 11,
2237 3897 2316 3964 15,

1309 4009 1362 4061 p.
1395 3990 1513 4042 203.
1547 3987 1668 4039 vid.
1709 3985 1777 4038 ad
1804 3983 1949 4036 Decl.
1984 3987 2033 4042 l,
2065 3982 2112 4033 3.
2150 3980 2315 4031 Aliter

1305 4070 1467 4142 plena
1482 4069 1663 4122 domus
1679 4067 1833 4117 etiam
1848 4078 1928 4118 est
1942 4063 2086 4116 dives
2098 4100 2114 4128 .,
2132 4065 2315 4115 Horat.

1309 4149 1413 4202 Od.
1436 4150 1525 4215 lv,
1553 4164 1571 4200 1
1584 4165 1632 4200 2.
1654 4146 1819 4198 Banu.
