2855 4871
384 419 395 440 ²
510 375 1989 499 DECLAMATIONES.CCCXXVI1t.i
2137 433 2254 498 331

168 577 361 660 parte
386 556 535 629 filio
564 583 725 628 meo
748 555 1101 628 conferam
1120 611 1139 644 ,
1170 551 1229 626 si
1261 578 1403 650 qua
1422 574 1697 652 potero:
1721 554 2114 629 advocatus¹
2141 581 2266 655 pro

169 674 575 748 testimonio
611 671 789 744 mihi
824 671 1139 745 remittet.
1183 671 1273 742 At
1304 695 1399 742 ne
1441 669 1536 742 sic
1572 670 1860 770 quidem
1894 671 2043 745 filio
2075 670 2270 744 indi-

172 790 339 864 casti
366 818 383 861 ε
415 789 539 888 qui
566 787 699 860 hoc
722 787 984 887 colligis
1003 845 1021 878 ,
1051 785 1357 859 noluisse
1385 811 1501 858 me
1528 784 1750 860 dicere
1769 843 1787 877 ,
1812 786 2004 886 quod
2032 805 2272 859 contra
2299 773 2304 780 ⁵

168 907 409 1006 ipsum
440 926 619 977 erat:
656 931 810 1005 quae
840 903 1014 978 ratio
1040 902 1315 976 tacendi
1344 901 1523 974 fuit?
1555 901 1611 974 si
1646 901 1870 975 filiurn
1903 929 2147 976 meum
2174 903 2274 976 fe-

173 1020 347 1094 cisse
391 1017 756 1092 credebam
780 1073 799 1108 ,
843 1043 999 1118 quae
1036 1016 1208 1089 ratio
1251 1015 1527 1089 tacendi
1569 1015 1759 1116 apud
1796 1016 2074 1117 ipsum?
2105 1043 2272 1088 nam

173 1137 313 1208 sive
348 1136 633 1228 irascor,
667 1133 1005 1208 vindicari
1045 1160 1329 1234 possum
1366 1133 1498 1206 hac
1536 1159 1700 1205 voce
1721 1190 1740 1225 ,
1781 1160 2000 1233 quam
2041 1154 2278 1206 contra

178 1251 388 1324 illum
414 1251 673 1340 babeo:
700 1253 841 1324 sive
868 1251 1218 1349 imputare
1241 1248 1756 1348 indulgentiam
1783 1249 1971 1340 volo,
1993 1249 2150 1349 plus
2173 1249 2278 1320 illi

176 1366 592 1464 praestitero,
623 1365 678 1438 si
712 1365 937 1438 scierit
966 1392 1036 1438 se
1069 1365 1331 1438 fecisse.
1364 1365 1512 1437 Cur
1545 1387 1710 1463 ergo
1736 1389 1882 1437 non
1919 1363 2282 1464 respondi?

166 1481 327 1582 jam
378 1481 614 1555 videor
660 1480 1017 1582 judicibus
1070 1479 1448 1554 reddidisse
1499 1480 1841 1554 rationem
1869 1508 1885 1552 ε
1939 1480 2038 1551 sic
2087 1478 2280 1551 enim

178 1623 465 1671 causam
492 1599 787 1698 agebam
806 1655 826 1690 ,
852 1599 1012 1670 Non
1042 1596 1427 1697 respondeo
1461 1597 1608 1671 filio
1636 1596 1946 1670 nimium
1971 1594 2280 1669 curioso:

178 1713 357 1813 quid
382 1734 484 1787 est
501 1714 691 1787 enim
720 1714 992 1812 utique,
1022 1741 1147 1787 cur
1176 1712 1479 1787 indicare
1507 1739 1784 1786 necesse
1815 1713 1941 1785 sit?
1961 1715 2122 1784 Non
2148 1737 2286 1784 res-

180 1828 465 1932 pondeo
508 1856 737 1920 nunc,
775 1828 1111 1929 quoniam
1161 1827 1259 1900 sic
1310 1828 1563 1901 instat:
1619 1826 2037 1928 adjiciebam
2079 1825 2282 1897 huic:

182 1943 370 2016 nihil
399 1944 815 2045 respondeo,
846 1945 1183 2042 quoniam
1207 1942 1385 2015 nihil
1414 1942 1584 2016 certi
1615 1943 1790 2015 scio:
1819 1969 1964 2015 non
1995 1967 2286 2040 respon-

182 2059 355 2152 deo,
390 2061 725 2158 quoniam
754 2087 899 2134 non
932 2060 1137 2132 credo
1162 2059 1427 2156 aliquid
1457 2058 1718 2131 dicenti
1736 2071 1800 2129 ²:
1832 2084 1978 2130 non
2006 2081 2290 2157 respon-

184 2174 327 2247 deo
345 2231 365 2265 ,
396 2176 735 2272 quoniam
762 2176 992 2249 adhuc
1018 2200 1290 2275 quaero:
1326 2201 1474 2248 non
1507 2174 1890 2275 respondeo
1908 2231 1928 2266 ,
1953 2172 2290 2273 quoniam

182 2289 325 2364 hoc
354 2291 791 2391 inquisitioni
813 2319 987 2366 meae
1009 2319 1155 2366 non
1184 2293 1492 2393 expedit:
1521 2319 1665 2365 non
1686 2291 2101 2392 respondeo,
2123 2313 2292 2389 quo-

184 2408 389 2482 niam
416 2408 617 2483 illum
636 2469 655 2504 ,
680 2431 763 2485 ut
786 2410 1283 2513 interrogarem
1301 2469 1320 2504 ,
1346 2409 1536 2484 torsi.
1563 2411 1675 2483 An
1694 2435 1854 2484 vero
1881 2433 2128 2509 parum
2143 2406 2296 2507 jus-

187 2546 295 2599 tas
336 2526 659 2601 saeviendi
704 2554 945 2601 causas
982 2528 1332 2600 habebam
1376 2527 1700 2599 adversus
1741 2520 2295 2597 cubicularium?

190 2639 571 2714 dominum
610 2669 821 2715 suum
854 2669 999 2715 non
1036 2640 1474 2732 defenderat,
1515 2667 1662 2713 non
1703 2656 2122 2725 servaverat3
2163 2661 2294 2707 ne-

187 2754 487 2845 sciebat,
532 2756 688 2853 quis
726 2756 1099 2828 dominum
1142 2782 1351 2827 suum
1390 2754 1772 2826 occidisset.
1817 2750 1954 2824 Sed
1995 2750 2051 2821 si
2092 2772 2298 2847 argu-

188 2890 519 2943 mentum
556 2898 637 2943 ex
666 2872 776 2946 his
802 2871 1179 2963 trahimus,
1220 2897 1363 2943 non
1398 2892 1498 2942 est
1535 2869 1762 2969 majus
1795 2886 2032 2939 contra
2064 2862 2296 2935 filium

190 3012 443 3057 meum
472 2985 862 3078 silentium,
889 3012 1107 3085 quam
1136 3012 1263 3086 pro
1286 2986 1470 3085 ipso,
1496 2982 1685 3083 quod
1716 2980 2087 3072 accusavit,
2107 2977 2300 3079 quod

191 3098 470 3173 detulit.
496 3102 755 3175 Irascor
778 3103 1068 3201 quidem
1092 3101 1257 3174 huic
1284 3101 1434 3203 ejus
1461 3098 1894 3201 pertinaciae:
1933 3096 2048 3169 sed
2077 3120 2302 3193 quan-

195 3215 476 3315 doque—⁹·
501 3217 866 3290 vindicabo
884 3275 903 3310 ,
928 3216 1287 3318 quomodo
1316 3218 1417 3289 fas
1449 3239 1582 3309 est,
1618 3215 1973 3314 quomodo
1999 3210 2301 3313 oportet?

194 3332 707 3405 Verumtamen
750 3359 891 3430 qua
931 3332 1192 3406 fiducia
1228 3332 1429 3423 fecit,
1480 3330 1672 3431 quod
1717 3356 1834 3403 me
1875 3353 2021 3400 non
2061 3324 2303 3397 timuit

192 3444 615 3518 offendere?
648 3446 925 3520 Judices
949 3506 967 3538 ,
1006 3448 1277 3546 inquit,
1317 3474 1542 3545 quum
1589 3467 1654 3518 te
1692 3442 2134 3517 absolverunt
2180 3439 2302 3511 de-

192 3558 517 3649 mentiae,
555 3558 687 3632 hoc
720 3560 1251 3661 judicaverunt,
1285 3588 1327 3633 a
1358 3562 1505 3634 filio
1547 3561 1836 3633 fratrem
1874 3555 2086 3628 videri
2123 3552 2305 3628 occi-

278 3778 329 3812 1-
345 3760 658 3818 Advocarus.
678 3765 730 3816 Ε
731 3774 753 3814 t
765 3762 871 3835 (vel
890 3764 973 3835 ut)
994 3764 1212 3816 advoca-
1291 3766 1373 3817 Ita
1388 3762 1570 3816 AErod.
1589 3776 1642 3817 et
1656 3760 1912 3816 Obrecht.
1927 3758 2030 3815 Sed
2046 3755 2307 3811 Schuitin-

198 3856 283 3895 ms
297 3866 314 3894 .·
339 3860 497 3915 porro
518 3845 867 3898 testimonium
886 3844 1023 3897 mihi
1040 3846 1213 3898 remit-
1291 3848 1409 3916 gius
1429 3843 1696 3916 vulgatam
1715 3848 1788 3897 ita
1803 3842 2030 3915 explicat
2045 3878 2060 3905 ,
2076 3839 2231 3904 torsi,
2247 3850 2307 3889 ut

198 3935 357 3977 tetur.
386 3924 606 3978 Senum.
1288 3929 1700 3998 interrogarem,
1721 3944 1832 3978 non
1856 3938 1914 3976 ut
1941 3922 2028 3975 alii
2053 3920 2300 3972 dicerem.

274 4021 326 4055 2.
354 4004 586 4057 Dicenti.
609 4006 907 4067 Indicanti,
937 4005 1118 4059 AErod.
1142 4036 1215 4049 --
1364 4010 1415 4061 3.
1441 4008 1542 4061 Sed
1565 4007 1894 4081 quandoque.
1925 4000 2136 4056 Scribe:
2167 4001 2301 4053 Iras-

195 4083 371 4137 Illum
406 4094 472 4137 ut
504 4087 901 4160 interrogarem,
934 4089 1070 4141 torsi.
1096 4090 1215 4140 Vet-
1294 4104 1385 4140 cor
1402 4089 1610 4161 quidem
1637 4085 1756 4137 huic
1776 4087 1884 4156 ejus
1896 4080 2229 4155 pertinaciae.-
2255 4088 2306 4131 et

198 4164 339 4219 cod.
357 4166 510 4221 illum
527 4168 899 4244 intem-offanum
916 4172 1052 4224 toni.
1067 4170 1215 4223 Pm.
1295 4168 1610 4241 quandoque
1647 4164 1932 4221 vindicabo.
1965 4164 2199 4218 Gronov.
