2855 4871
614 432 734 515 164
1112 431 1204 494 M.
1253 429 1503 493 mnu
1546 425 2176 511 QmNTlLlANt

591 683 600 702 t
629 674 2639 703 mmmm-&mmmmm

1329 884 1481 962 CC
1503 882 1956 959 LXXXV.

1195 1123 1583 1221 Imperator
1610 1120 1862 1194 exsulis
1874 1121 2094 1223 filius.

601 1336 919 1396 Punctum
941 1348 1166 1389 vro-ron
1193 1346 1547 1388 mrem-ron
1572 1346 1869 1388 mortu-r.
1894 1327 2239 1411 Imperator
2254 1338 2299 1405 ¹,
2324 1328 2497 1411 cujus
2516 1340 2667 1411 pater

678 1433 746 1490 in
783 1426 993 1488 exsilio
1029 1426 1444 1506 quinquennii
1488 1436 1655 1499 erat,
1694 1426 1877 1485 vicit:
1924 1425 2096 1485 aliud
2136 1427 2466 1509 praemium
2504 1426 2664 1510 petit:

679 1545 951 1588 reversus
982 1536 1155 1606 peter
1181 1534 1322 1607 post
1345 1522 1849 1604 quinquennium
1873 1523 2139 1584 abdicat.

1462 1730 1831 1797 SERMO.

686 1896 880 1959 Pater
905 1892 1016 1961 hic
1049 1910 1115 1959 et
1137 1890 1461 1959 honestus
1495 1912 1563 1958 et
1592 1895 1795 1961 miser
1830 1910 1965 1973 est,
1998 1908 2075 1959 ut
2112 1893 2229 1985 qui
2266 1893 2456 1959 exsul
2486 1891 2671 1957 filium

585 2000 1066 2089 ,imperatorem
1093 1997 1351 2065 habeat.
1383 1999 1675 2083 Quaestio
1692 2048 1709 2077 ,
1738 2022 1823 2064 an
1854 1998 2295 2090 quinquennii
2328 1998 2531 2079 iuius,
2558 2018 2671 2088 quo

602 2123 790 2195 pater
812 2106 1162 2185 exsulavit,
1191 2105 1329 2171 filio
1361 2106 1445 2171 sit
1468 2106 1634 2171 ratio
1660 2102 2039 2171 reddenda?

1291 2322 2003 2427 DECLAMATIO.

703 2483 1024 2556 Colorate
1055 2483 1261 2556 affert
1285 2485 1575 2584 quidem
1612 2485 1738 2559 iste
1766 2485 1900 2558 tale
1930 2481 2400 2584 patrocinium
2418 2539 2439 2572 ,
2476 2500 2552 2552 ut
2578 2503 2675 2551 me

607 2620 818 2698 neget
839 2599 1146 2673 exsulem
1174 2600 1422 2674 fuisse:
1460 2603 1579 2674 sed
1611 2603 1847 2674 timuit
1868 2628 1959 2674 ne
1977 2658 1997 2692 ,
2022 2601 2081 2673 si
2105 2625 2233 2699 ego
2258 2625 2485 2672 essem
2510 2623 2681 2670 revo-

609 2733 801 2787 catus
819 2772 837 2806 ‚
873 2715 1352 2788 transferretur
1383 2715 1788 2815 imperium.

689 2935 706 2967 1
720 2956 732 2968 .
749 2919 1053 2988 Imperator.
1069 2919 1176 2988 Qui
1194 2939 1292 2992 per
1308 2919 1616 2992 impruden·-
1696 2919 1824 2973 lium
1848 2937 1959 2972 non
1982 2933 2089 2987 est,
2114 2918 2262 2991 quod
2286 2916 2575 2991 temporale
2594 2927 2679 2968 eet.

613 2995 739 3046 tiam
775 2995 1039 3048 hominem
1079 2999 1381 3051 occiderant
1397 3037 1416 3062 ‚
1458 3001 1617 3071 quin·
1696 2997 2033 3072 Igitur-'aliud
2060 3017 2123 3050 ex
2149 2998 2265 3070 lege
2292 2999 2391 3050 viri
2417 2998 2563 3049 fortis
2592 3013 2683 3064 op-

615 3075 900 3144 quennium
912 3073 1463 3148 exsulabant.ltaergo
1480 3076 1616 3130 filius
1696 3091 1811 3130 tare
1832 3077 2049 3140 maluit,
2075 3095 2233 3149 quam
2262 3076 2429 3147 patris
2458 3076 2535 3128 sui
2560 3071 2683 3126 redi-

617 3164 829 3203 excusat
854 3152 1054 3204 factum
1070 3189 1088 3218 ,
1109 3154 1232 3224 quia
1251 3157 1470 3226 proprie
1488 3157 1619 3208 exsi-
1699 3168 1838 3222 tum,
1854 3158 1981 3228 quia
1995 3155 2195 3226 alioqui
2208 3168 2385 3208 certus
2402 3168 2498 3208 ost.
2517 3155 2682 3206 AEaoo.
