2855 4871
1309 196 1319 232 t

463 431 1300 502 DECLAMATlouEs.
1347 435 1817 502 cchxxv.
2056 437 2182 522 485

582 683 772 706 m

835 869 1450 950 CCCLXXV.

1724 1015 1739 1047 N

261 1103 552 1193 Fortis',
567 1100 764 1204 filius
787 1099 1192 1200 proditionis
1222 1104 1322 1174 rei
1332 1157 1354 1190 ,
1363 1100 1602 1201 frater
1628 1102 1999 1177 desertoris.

111 1295 473 1358 Proditionis
504 1317 612 1358 reo
644 1309 851 1380 patre,
883 1295 1036 1356 alter
1064 1317 1135 1357 ex
1163 1293 1307 1356 filiis
1341 1293 1642 1372 deseruit,
1670 1293 1823 1356 alter
1853 1295 2183 1358 fortissime

179 1395 497 1478 pugnavit.
525 1395 780 1476 Rogavit
811 1407 1012 1476 pater,
1039 1406 1111 1454 ut
1141 1393 1545 1455 abolitionem
1578 1415 1753 1455 suam
1782 1407 2039 1478 optaret.
2076 1393 2185 1455 nle

177 1491 374 1554 fratris
407 1494 840 1576 impunitatem
864 1493 1134 1574 optavit:
1161 1505 1222 1553 et
1243 1493 1311 1553 in
1327 1491 1567 1573 judicio
1590 1491 1776 1554 affuit
1797 1493 1981 1577 patri.
2004 1495 2186 1554 Pater

175 1589 492 1652 absolutus
515 1589 778 1652 abdicat.
805 1587 918 1652 Ille
939 1589 1007 1650 C.
1033 1588 1120 1650 D.

790 1765 1483 1831 DECLAMATIO.

189 1917 456 2007 Fateor,
489 1942 632 1988 non
675 1943 954 2016 possum
992 1917 1185 1990 lusus
1223 1943 1545 2016 arguere,
1576 1915 1699 2016 qui
1730 1913 1973 1988 donari
2005 1915 2180 1987 aetati

105 2051 376 2126 possunt
401 2057 416 2101 :
446 2056 588 2102 non
614 2051 717 2103 est
737 2030 1160 2119 luxuriosus,
1185 2030 1306 2103 sed
1337 2050 1709 2104 contumax
1732 2056 1751 2101 ι
1774 2027 1919 2101 baec
1946 2029 2181 2102 minus

101 2143 376 2220 ferenda
402 2167 566 2219 sunt
585 2147 764 2221 vitia.
795 2147 1000 2220 Dicas
1025 2147 1228 2220 licet²
1259 2146 1718 2220 fortissimum
1747 2173 1763 2218 :
1795 2144 1967 2246 quid
2000 2143 2179 2216 mihi

104 2258 405 2356 prodest,
441 2259 496 2332 si
535 2263 756 2361 magis
786 2282 1054 2364 patrem
1083 2253 1515 2336 contemnis?
1550 2262 1749 2352 Mea,
1778 2258 2043 2360 inquit,
2073 2257 2181 2330 lex

105 2394 230 2447 est:
262 2374 650 2477 quidquam
683 2374 811 2451 tibi
845 2405 958 2453 me
987 2377 1136 2451 vivo
1165 2397 1370 2461 tuum
1399 2375 1538 2451 est?
1564 2377 1719 2476 Ego
1743 2396 1808 2450 te
1846 2375 1921 2448 in
1956 2373 2179 2449 aciem

105 2489 286 2583 misi,
314 2517 475 2564 mea
498 2514 597 2565 est
615 2492 862 2585 virtuS,
893 2520 1050 2567 mea
1071 2494 1178 2568 lex
1196 2552 1215 2586 ,
1247 2520 1405 2567 mea
1435 2494 1644 2593 optio.
1672 2494 1831 2565 Non
1858 2492 2178 2590 iniquam

107 2630 236 2677 rem
283 2605 750 2706 postularem,
793 2608 854 2679 si
885 2608 1223 2699 dicerem,
1254 2608 1588 2680 Amicum
1624 2632 1820 2679 reum
1854 2602 2131 2677 vindica
2159 2630 2176 2673 :

103 2719 261 2815 quid
291 2719 352 2789 si
381 2740 642 2817 patrem
661 2778 681 2811 ,
707 2721 919 2793 etiam
947 2721 1393 2795 innocentem
1411 2719 1487 2791 3?
1520 2739 1716 2818 urget
1739 2715 2173 2817 conspiratio.

104 2832 220 2905 Sed
257 2833 478 2933 turpis
518 2856 652 2927 est,
700 2836 964 2937 inquit,
997 2836 1326 2909 abolitio:
1363 2834 1535 2934 quid
1574 2833 1663 2907 ad
1703 2831 1807 2907 te?
1838 2860 1967 2933 ego
2004 2857 2179 2905 meae

104 2949 508 3022 conditionis
541 2950 801 3024 arbiter
827 2978 1007 3024 sum.
1042 2948 1215 3042 Sed,
1251 2950 1517 3051 inquit,
1552 2974 1969 3052 supervacua
1993 2967 2173 3055 erat:

105 3063 427 3139 innocens
465 3092 654 3139 eras:
692 3067 867 3166 quid
895 3064 1217 3140 autem4?
1243 3094 1407 3166 ego,
1444 3066 1609 3166 quia
1654 3091 1906 3143 nocens
1943 3091 2175 3157 eram,

103 3178 467 3275 petieram?
511 3184 797 3257 verebar
843 3184 1199 3255 fortunam
1239 3181 1669 3283 judiciorum
1718 3201 1787 3255 et
1830 3179 2168 3280 exempla.

169 3365 210 3400 1.
253 3350 436 3403 Fortis.
477 3348 598 3402 vid.
648 3352 772 3405 Gur.
815 3352 1088 3405 Fortunat.
1171 3352 1311 3404 tem?
1333 3352 1493 3427 Urget
1509 3352 1835 3425 conspiratio.
1856 3348 1943 3403 Sic
1961 3349 2175 3402 etAE'to-

99 3424 200 3477 Art.
224 3427 322 3480 nh.
349 3427 442 3479 lib.
463 3430 512 3495 1,
532 3447 585 3500 p.
607 3428 707 3495 435
730 3443 784 3483 et
801 3429 1086 3484 Declamm.
1168 3428 1304 3483 dius.
1339 3432 1412 3483 Ut
1442 3448 1628 3483 sensus
1658 3440 1941 3502 appareat,
1978 3424 2172 3479 distin—

101 3502 456 3559 cmxxxvn
479 3519 533 3559 et
552 3508 976 3562 CCCLXXXVH.
1168 3525 1294 3579 gne:
1315 3508 1441 3562 Non
1456 3510 1693 3582 iniquam
1710 3524 1815 3560 rem
1828 3502 2141 3579 postularem
2152 3544 2173 3572 ,

165 3602 209 3636 2.
234 3586 392 3639 Dicas
414 3584 548 3640 lieet.
573 3588 728 3641 Dicas
745 3598 795 3640 te
813 3588 961 3655 lieet,
983 3590 1088 3641 AEr.
1168 3588 1212 3641 si
1235 3588 1484 3653 dicerem,
1512 3588 1749 3638 Amicum
1780 3584 2019 3638 vindica.-
2046 3585 2179 3657 quid

103 3694 164 3704 —
198 3666 252 3718 Si
289 3668 458 3741 maqis
491 3680 694 3741 patrem
739 3688 843 3722 non
887 3670 1088 3724 temnis.
1166 3664 1212 3717 si
1231 3666 1477 3739 patr-ern?
1500 3664 1679 3716 Etiam
1708 3664 2003 3715 innoeentes
2028 3671 2179 3733 uryet

101 3746 565 3819 AErodiuszpatoem
580 3750 1090 3801 contemnis?Fo=-te=
1168 3744 1495 3817 conspiratio.
1524 3742 1691 3796 Gnon.
1720 3742 1897 3795 Etiam
1928 3745 2174 3795 innoeen-

101 3826 138 3875 εἰ
159 3830 316 3902 muqis
334 3838 540 3901 patrem
568 3828 708 3882 hoste
732 3830 930 3881 manis.
955 3828 1090 3880 Nam
1171 3836 1272 3877 tem
1289 3864 1308 3893 ‚
1344 3844 1503 3898 quem
1540 3835 1689 3897 unyet
1721 3842 1767 3875 c.
1805 3823 2021 3875 Senum-r.
2062 3823 2173 3873 Pa-

102 3907 240 3961 fortis
263 3912 356 3961 viri
379 3922 460 3963 eut
482 3910 688 3962 hostem
707 3922 940 3963 temnere
961 3907 1092 3961 bae-
1171 3914 1296 3957 tvvm
1311 3905 1338 3954 ?
1375 3906 1533 3955 etiam
1576 3904 1903 3954 innocentem
1944 3912 2089 3975 uuyet
2124 3918 2171 3954 c.

103 3996 270 4054 tenus,
297 4002 358 4040 ut
387 4005 508 4039 eum
536 4005 648 4039 nou
676 3999 892 4041 metuat.
920 3988 1086 4041 (ὅπου.
1169 3985 1423 4039 Obrecht.

103 4066 299 4120 Patrem
320 4070 631 4133 contemnis,
658 4068 858 4122 Sclmlt.
883 4068 1014 4122 Obr.
1239 4064 1290 4132 4.
1321 4063 1460 4134 Quid
1478 4074 1665 4115 autem.
1696 4061 1838 4131 Quid
1854 4059 1923 4112 ad
1945 4060 2032 4112 te?
2054 4060 2177 4135 Ego

165 4146 212 4198 3.
232 4146 369 4219 Quid
375 4148 420 4202 n·
427 4158 656 4223 patrem,
669 4148 826 4201 etiam
843 4149 1091 4202 innoeen-
1167 4148 1291 4217 quia
1315 4147 1559 4200 innocens
1579 4162 1753 4209 eram,
1778 4140 1953 4197 AErod.
