2855 4871
608 394 1447 461 DECLAMATIONES.
1496 394 2026 460 CCCXXXIII.
2236 396 2363 484 359

257 536 536 614 partem
563 516 1028 615 persuasionis
1057 517 1327 609 liceret,
1365 539 1730 617 amputare
1766 544 2009 593 vocem
2029 576 2048 609 ,
2079 540 2147 592 et
2174 519 2366 593 velut

260 658 556 705 omnem
607 660 819 705 usum
865 634 1203 733 loquendi
1249 634 1633 733 perdidisse
1678 633 2055 707 maluerim
2077 693 2098 726 ‚
2150 663 2365 735 quam

259 774 431 821 cum
455 748 770 823 bomine¹
801 750 886 823 de
911 778 1028 823 me
1047 750 1310 850 optime
1331 750 1575 835 merito
1590 750 1742 851 jam
1760 751 1865 823 bis
1892 749 2365 823 consisterem:

259 883 334 935 et
367 864 616 963 prioris
643 886 882 938 tamen
900 866 1154 966 judicii
1180 866 1553 941 manifesta
1576 867 1917 939 excusatio
1943 888 2085 940 erat
2103 895 2116 937 :
2134 865 2369 966 jussus

257 976 624 1073 loquebar,
652 978 862 1051 hodie
883 1006 1098 1077 quem
1127 979 1421 1054 modum
1450 1000 1728 1053 teneam
1754 978 2046 1053 actionis
2065 1036 2084 1071 ‚
2110 978 2368 1077 quibus

256 1092 552 1165 vocibus
578 1094 842 1193 optime
875 1096 994 1191 (ut
1013 1096 1166 1196 jam
1201 1122 1378 1193 saepe
1409 1095 1585 1190 dixi)
1618 1096 1704 1167 de
1736 1122 1853 1167 me
1890 1095 2134 1169 merito
2168 1094 2369 1167 satis-

255 1205 556 1299 fac-iam»,
583 1208 879 1305 reperire
907 1234 1053 1279 non
1083 1235 1366 1307 possum
1394 1235 1408 1277 z
1436 1235 1595 1281 vera
1622 1229 1785 1281 sunt
1816 1210 2009 1281 enim
2039 1209 2189 1301 illa,
2212 1236 2369 1307 quae

265 1320 462 1393 dixit.

1050 1468 1108 1529 N
1121 1468 1176 1529 A
1187 1466 1244 1529 R
1259 1466 1316 1529 R
1332 1468 1446 1531 AT
1464 1468 1585 1533 10.

357 1626 631 1726 Pauper
687 1652 814 1724 ego
866 1648 1066 1698 natus
1088 1684 1106 1716 ,
1159 1646 1229 1698 et
1280 1647 1515 1698 contra
1568 1626 1977 1698 facultatum
2029 1625 2368 1698 rationem

255 1769 626 1835 mearum,
675 1743 968 1817 infelicis
1012 1743 1222 1845 hujus
1265 1742 1679 1840 eloquentiae
1726 1744 2113 1832 studiosus,
2157 1742 2371 1844 hujus

251 1856 663 1931 liberalitate
687 1917 705 1949 ,
742 1857 954 1959 hujus
997 1859 1244 1959 opibus
1281 1858 1649 1959 peregrina
1682 1858 1911 1931 studia
1935 1915 1954 1949 ,
1994 1858 2373 1930 clarissima

255 1972 579 2073 exempla
597 2032 616 2064 ,
651 1974 874 2047 otium
893 2032 912 2064 ‚
940 2002 1080 2073 quo
1111 1974 1508 2073 plurimum
1536 1972 1781 2046 studiis
1806 1974 2195 2065 confertur,
2212 2000 2371 2045 sum

256 2109 708 2160 consecutus:
745 2089 1014 2160 utinam
1039 2115 1182 2160 non
1211 2116 1429 2187 usque
1455 2088 1545 2160 ad
1572 2086 1945 2160 invidiam!
1976 2089 2162 2159 Nam
2188 2086 2369 2158 mihi

259 2203 628 2301 cogitanti,
669 2233 794 2277 cur
834 2205 1363 2303 integerrimum
1405 2205 1637 2276 virum
1661 2263 1680 2294 ‚
1716 2205 2069 2304 optimum
2108 2204 2371 2295 civem,

255 2318 726 2392 calumniator
757 2319 875 2391 ille
909 2319 1326 2419 proditionis
1356 2346 1557 2391 reum
1582 2321 1857 2411 fecerit,
1890 2319 2067 2391 nihil
2092 2324 2389 2393 succur-'

254 2433 345 2507 rit
380 2432 614 2528 aliud,
651 2435 841 2536 quod
875 2457 1147 2508 secutus
1183 2434 1304 2526 sit,
1343 2463 1562 2535 quam
1598 2458 1676 2509 ut
1707 2465 1834 2535 ego
1871 2463 2147 2536 agerem
2177 2464 2192 2508 z
2237 2434 2371 2508 ha·
2427 2424 2433 2429 ⁵

253 2550 474 2622 bebat
501 2550 695 2623 enim
718 2549 836 2652 jus
872 2550 1154 2650 optandi
1188 2572 1596 2650 patronum,
1634 2573 1701 2622 et
1732 2551 1915 2622 hanc
1948 2551 2132 2648 leges
2162 2549 2371 2620 dede-

256 2687 416 2738 rant
445 2687 854 2765 potestatem
881 2695 894 2737 :
933 2688 1002 2738 et
1025 2665 1318 2737 forsitan
1349 2665 1702 2763 quaerebat
1732 2666 1939 2736 etiam
1973 2685 2209 2736 contra
2239 2666 2369 2736 ab-

257 2781 686 2855 solutionem
720 2782 1112 2856 innocentis
1151 2783 1246 2854 rei
1290 2781 1483 2854 hunc
1525 2782 1864 2872 colorem,
1906 2803 1987 2854 ut
2018 2781 2370 2854 videretur

256 2896 418 2969 ideo
445 2897 805 2991 dimissus,
833 2899 1002 2998 quia
1035 2925 1161 2997 ego
1193 2898 1481 2996 egissem
1510 2926 1523 2968 :
1558 2896 1690 2971 hoc
1724 2897 1787 2969 ei
1823 2918 2001 2970 certe
2027 2925 2173 2971 non
2209 2925 2367 2971 con·

255 3012 438 3112 tigit.
477 3017 707 3087 Reum
743 3015 1049 3106 offendi,
1083 3043 1228 3087 non
1263 3013 1667 3087 mehercule
1704 3041 2127 3114 supervacua
2164 3043 2367 3116 aspe-

259 3132 456 3203 ritate
484 3132 859 3204 verborum
894 3133 1023 3229 (ab
1063 3133 1191 3205 hac
1232 3159 1358 3230 ego
1399 3131 1590 3203 enim
1629 3159 1783 3224 me,
1819 3153 2161 3230 quatenus
2195 3129 2366 3206 fides

255 3246 509 3345 agendi
535 3249 967 3345 permiserat,
999 3247 1414 3320 abstinuisse
1445 3247 1771 3319 animum
1804 3247 2219 3340 confite0r2)
2244 3248 2367 3318 sed

335 3417 380 3452 1.
399 3400 704 3454 Malueram
722 3420 880 3474 quam
899 3421 1016 3454 cum
1039 3402 1264 3456 homine.
1425 3416 1475 3450 2.
1500 3398 1814 3452 Abstinuisse
1834 3400 2073 3450 animum
2097 3395 2360 3470 confiteor.

253 3483 467 3535 Scribe:
497 3482 770 3536 maluerim
788 3523 805 3550 2
829 3503 990 3556 quam
1021 3503 1138 3536 cum
1173 3484 1267 3535 ho-
1347 3480 1503 3531 Forte
1522 3516 1541 3545 9
1578 3481 1880 3532 abstinuisse
1912 3481 2156 3532 nimium.
2192 3481 2358 3533 Giton.

257 3565 402 3616 mine
427 3563 494 3615 de
519 3583 608 3616 me
631 3566 824 3636 optime
849 3568 1031 3619 merito
1043 3569 1162 3637 jam
1195 3567 1267 3618 bis
1345 3566 1603 3616 Animum
1618 3561 1888 3636 corfimr,
1902 3563 2363 3617 assedet-jamju-

255 3647 543 3699 consistere.
575 3647 744 3699 Giton.
783 3645 1096 3712 Μαὶιιεήηι,
1135 3667 1266 3718 quo-
1345 3665 1463 3697 ven.
1498 3647 1602 3698 Sat.
1637 3647 1713 3714 X,
1738 3665 1812 3698 vs.
1854 3663 1985 3716 172:
2020 3667 2042 3691 α
2062 3646 2209 3697 Mors
2242 3647 2357 3698 sola

259 3743 362 3796 que
399 3725 606 3778 Schult.
645 3739 698 3778 et
734 3725 864 3778 Obr.
905 3725 1000 3777 sed
1038 3729 1266 3778 retinent
1351 3750 1372 3774 α
1395 3729 1593 3779 fatetur
1626 3727 1897 3795 Quantula
1938 3729 2043 3779 sint
2076 3727 2356 3780 hominum

257 3809 598 3860 consisterem.
625 3837 698 3848 -—
729 3809 808 3860 De
837 3810 1036 3861 merito.
1071 3809 1152 3860 De
1182 3828 1266 3861 me
1351 3829 1376 3853 «ι
1393 3807 1733 3880 corpuscula.
1756 3832 1777 3855 n
1798 3809 2019 3860 Senum.
2037 3809 2129 3860 Me
2142 3809 2354 3878 ignorat

257 3887 442 3939 merito
456 3925 476 3952 ,
495 3887 748 3938 Francius
768 3900 821 3938 et
837 3887 970 3939 obt.
989 3889 1053 3939 Et
1067 3888 1142 3940 ita
1161 3887 1267 3938 edi·
1342 3888 1523 3942 AErod.
1546 3889 1649 3942 Sed
1668 3892 1918 3944 abstinere
1936 3891 2175 3942 animum
2194 3893 2356 3944 etiam

257 3963 334 4016 dit
361 3965 626 4017 AErodius.
645 3995 712 4006 --
734 3965 870 4017 Edit.
894 3969 1104 4038 Bipont.
1129 3967 1266 4018 duce
1345 3985 1489 4024 recte
1513 3971 1619 4023 dici
1642 3985 1805 4042 puto,
1830 3983 1889 4022 ut
1918 3991 1940 4015 ι
1963 3970 2225 4023 abstinere
2246 3993 2355 4025 ma-

256 4043 422 4095 Περὶ.
455 4045 522 4096 de
549 4046 762 4097 merito.-
797 4064 903 4097 non
931 4045 1066 4098 adeo
1097 4046 1266 4098 felici·
1351 4073 1374 4096 κ
1393 4069 1551 4116 num,
1572 4073 1593 4095 κ
1622 4050 1929 4114 Temnum,
1958 4061 2008 4100 et
2045 4048 2119 4100 ita
2156 4052 2353 4120 passim

260 4139 350 4177 ter.
377 4129 471 4179 Eo,
1348 4131 1453 4182 alii.
1468 4119 1585 4183 vid.
1608 4129 1675 4181 ad
1696 4131 1903 4182 Petron.
1930 4131 2087 4184 CXII.
2103 4133 2269 4184 Bonna.
