<?xml version="1.0" encoding="UTF-8"?>
<!DOCTYPE html PUBLIC "-//W3C//DTD XHTML 1.0 Transitional//EN"
    "http://www.w3.org/TR/xhtml1/DTD/xhtml1-transitional.dtd">
<html xmlns="http://www.w3.org/1999/xhtml" xml:lang="en" lang="en">
 <head>
  <title>
</title>
<meta http-equiv="Content-Type" content="text/html;charset=utf-8" />
  <meta name='ocr-system' content='tesseract 3.04.00' />
  <meta name='ocr-capabilities' content='ocr_page ocr_carea ocr_par ocr_line ocrx_word'/>
</head>
<body>
  <div class='ocr_page' id='page_1' title='image "./marcusfabiusqui06spalgoog_0485.png"; bbox 0 0 2855 4871; ppageno 0'>
   <div class='ocr_carea' id='block_1_1' title="bbox 556 385 2133 468">
    <p class='ocr_par' dir='ltr' id='par_1_1' title="bbox 556 385 2133 468">
     <span class='ocr_line' id='line_1_1' title="bbox 556 385 2133 468; baseline 0.001 -17"><span class='ocrx_word' id='word_1_1' title='bbox 556 387 682 468; x_wconf 72' lang='lat'>4⁸0</span> <span class='ocrx_word' id='word_1_2' title='bbox 1061 385 1157 450; x_wconf 82' lang='lat' dir='ltr'>M.</span> <span class='ocrx_word' id='word_1_3' title='bbox 1205 385 1457 450; x_wconf 70' lang='lat' dir='ltr'>nnn</span> <span class='ocrx_word' id='word_1_4' title='bbox 1490 385 2133 468; x_wconf 74' lang='lat' dir='ltr'><strong>QUINTILIANI</strong></span> 
     </span>
    </p>
   </div>
   <div class='ocr_carea' id='block_1_2' title="bbox 1409 577 1776 648">
    <p class='ocr_par' dir='ltr' id='par_1_2' title="bbox 1409 577 1776 648">
     <span class='ocr_line' id='line_1_2' title="bbox 1409 577 1776 648; baseline -0.008 -1"><span class='ocrx_word' id='word_1_5' title='bbox 1409 577 1776 648; x_wconf 89' lang='lat' dir='ltr'>SERMO.</span> 
     </span>
    </p>
   </div>
   <div class='ocr_carea' id='block_1_3' title="bbox 642 735 1686 828">
    <p class='ocr_par' dir='ltr' id='par_1_3' title="bbox 642 735 1686 828">
     <span class='ocr_line' id='line_1_3' title="bbox 642 735 1686 828; baseline -0.003 -23"><span class='ocrx_word' id='word_1_6' title='bbox 642 740 768 805; x_wconf 84' lang='lat' dir='ltr'>Hic</span> <span class='ocrx_word' id='word_1_7' title='bbox 791 737 878 804; x_wconf 91' lang='lat' dir='ltr'>de</span> <span class='ocrx_word' id='word_1_8' title='bbox 902 737 1241 806; x_wconf 77' lang='lat' dir='ltr'>sanctitate</span> <span class='ocrx_word' id='word_1_9' title='bbox 1255 735 1686 828; x_wconf 84' lang='lat' dir='ltr'>judiciorum.</span> 
     </span>
    </p>
   </div>
   <div class='ocr_carea' id='block_1_4' title="bbox 1248 931 1950 1000">
    <p class='ocr_par' dir='ltr' id='par_1_4' title="bbox 1248 931 1950 1000">
     <span class='ocr_line' id='line_1_4' title="bbox 1248 931 1950 1000; baseline 0 0"><span class='ocrx_word' id='word_1_10' title='bbox 1248 931 1950 1000; x_wconf 84' lang='lat' dir='ltr'>DECLAMATIO.</span> 
     </span>
    </p>
   </div>
   <div class='ocr_carea' id='block_1_5' title="bbox 551 1092 2642 2810">
    <p class='ocr_par' dir='ltr' id='par_1_5' title="bbox 551 1092 2642 2810">
     <span class='ocr_line' id='line_1_5' title="bbox 649 1092 2629 1195; baseline 0.002 -28"><span class='ocrx_word' id='word_1_11' title='bbox 649 1096 817 1168; x_wconf 90' lang='lat' dir='ltr'>Sera</span> <span class='ocrx_word' id='word_1_12' title='bbox 865 1115 1021 1195; x_wconf 91' lang='lat' dir='ltr'>post</span> <span class='ocrx_word' id='word_1_13' title='bbox 1071 1093 1595 1165; x_wconf 79' lang='lat' dir='ltr'><strong>damnationem</strong></span> <span class='ocrx_word' id='word_1_14' title='bbox 1653 1092 2069 1166; x_wconf 84' lang='lat' dir='ltr'>innocentiae</span> <span class='ocrx_word' id='word_1_15' title='bbox 2120 1093 2441 1168; x_wconf 80' lang='lat' dir='ltr'><strong>defensio</strong></span> <span class='ocrx_word' id='word_1_16' title='bbox 2485 1119 2579 1170; x_wconf 81' lang='lat' dir='ltr'>est</span> <span class='ocrx_word' id='word_1_17' title='bbox 2613 1127 2629 1169; x_wconf 91' lang='lat'><strong>:</strong></span> 
     </span>
     <span class='ocr_line' id='line_1_6' title="bbox 553 1207 2633 1311; baseline 0 -27"><span class='ocrx_word' id='word_1_18' title='bbox 553 1211 768 1302; x_wconf 85' lang='lat' dir='ltr'>istud,</span> <span class='ocrx_word' id='word_1_19' title='bbox 787 1209 979 1309; x_wconf 78' lang='lat' dir='ltr'>‘quod</span> <span class='ocrx_word' id='word_1_20' title='bbox 1005 1235 1196 1280; x_wconf 89' lang='lat' dir='ltr'>nunc</span> <span class='ocrx_word' id='word_1_21' title='bbox 1217 1207 1485 1296; x_wconf 82' lang='lat' dir='ltr'>dixisti,</span> <span class='ocrx_word' id='word_1_22' title='bbox 1516 1227 1676 1280; x_wconf 80' lang='lat' dir='ltr'>ante</span> <span class='ocrx_word' id='word_1_23' title='bbox 1705 1207 2017 1280; x_wconf 80' lang='lat' dir='ltr'>dixisses:</span> <span class='ocrx_word' id='word_1_24' title='bbox 2044 1207 2166 1280; x_wconf 90' lang='lat' dir='ltr'>sed</span> <span class='ocrx_word' id='word_1_25' title='bbox 2192 1237 2338 1282; x_wconf 89' lang='lat' dir='ltr'>non</span> <span class='ocrx_word' id='word_1_26' title='bbox 2364 1213 2633 1311; x_wconf 85' lang='lat' dir='ltr'>potuisti</span> 
     </span>
     <span class='ocr_line' id='line_1_7' title="bbox 551 1321 2631 1423; baseline -0 -24"><span class='ocrx_word' id='word_1_27' title='bbox 551 1327 804 1400; x_wconf 85' lang='lat' dir='ltr'>dicere.</span> <span class='ocrx_word' id='word_1_28' title='bbox 851 1327 1056 1396; x_wconf 87' lang='lat' dir='ltr'>Pater</span> <span class='ocrx_word' id='word_1_29' title='bbox 1097 1344 1258 1395; x_wconf 89' lang='lat' dir='ltr'>tuus</span> <span class='ocrx_word' id='word_1_30' title='bbox 1304 1349 1538 1412; x_wconf 87' lang='lat' dir='ltr'>eram,</span> <span class='ocrx_word' id='word_1_31' title='bbox 1573 1321 1735 1423; x_wconf 88' lang='lat' dir='ltr'>jure</span> <span class='ocrx_word' id='word_1_32' title='bbox 1782 1323 2130 1421; x_wconf 67' lang='lat' dir='ltr'>praesentis</span> <span class='ocrx_word' id='word_1_33' title='bbox 2172 1325 2631 1398; x_wconf 85' lang='lat' dir='ltr'>conditionis:</span> 
     </span>
     <span class='ocr_line' id='line_1_8' title="bbox 551 1438 2635 1544; baseline 0.001 -30"><span class='ocrx_word' id='word_1_34' title='bbox 551 1440 870 1514; x_wconf 84' lang='lat' dir='ltr'>abdicare</span> <span class='ocrx_word' id='word_1_35' title='bbox 902 1441 1133 1539; x_wconf 88' lang='lat' dir='ltr'>itaque</span> <span class='ocrx_word' id='word_1_36' title='bbox 1158 1438 1353 1539; x_wconf 90' lang='lat' dir='ltr'>potui</span> <span class='ocrx_word' id='word_1_37' title='bbox 1375 1469 1392 1526; x_wconf 91' lang='lat'>;</span> <span class='ocrx_word' id='word_1_38' title='bbox 1423 1439 1733 1513; x_wconf 89' lang='lat' dir='ltr'>occidere</span> <span class='ocrx_word' id='word_1_39' title='bbox 1762 1441 1961 1538; x_wconf 87' lang='lat' dir='ltr'>potui</span> <span class='ocrx_word' id='word_1_40' title='bbox 1990 1471 2009 1530; x_wconf 81' lang='lat'>3</span> <span class='ocrx_word' id='word_1_41' title='bbox 2040 1467 2331 1514; x_wconf 89' lang='lat' dir='ltr'>omnem</span> <span class='ocrx_word' id='word_1_42' title='bbox 2358 1467 2635 1544; x_wconf 84' lang='lat' dir='ltr'>potesta-</span> 
     </span>
     <span class='ocr_line' id='line_1_9' title="bbox 551 1553 2633 1653; baseline -0 -24"><span class='ocrx_word' id='word_1_43' title='bbox 551 1579 732 1646; x_wconf 85' lang='lat' dir='ltr'>tem,</span> <span class='ocrx_word' id='word_1_44' title='bbox 778 1577 1140 1653; x_wconf 80' lang='lat' dir='ltr'>tamquam</span> <span class='ocrx_word' id='word_1_45' title='bbox 1188 1553 1262 1626; x_wconf 92' lang='lat' dir='ltr'>in</span> <span class='ocrx_word' id='word_1_46' title='bbox 1311 1554 1578 1645; x_wconf 86' lang='lat' dir='ltr'>filium,</span> <span class='ocrx_word' id='word_1_47' title='bbox 1625 1581 1954 1626; x_wconf 82' lang='lat' dir='ltr'>exercere.</span> <span class='ocrx_word' id='word_1_48' title='bbox 2004 1556 2317 1628; x_wconf 85' lang='lat' dir='ltr'>Miraris?</span> <span class='ocrx_word' id='word_1_49' title='bbox 2362 1585 2491 1628; x_wconf 87' lang='lat' dir='ltr'>nec</span> <span class='ocrx_word' id='word_1_50' title='bbox 2528 1557 2633 1630; x_wconf 82' lang='lat' dir='ltr'>ille</span> 
     </span>
     <span class='ocr_line' id='line_1_10' title="bbox 551 1669 2631 1773; baseline 0 -28"><span class='ocrx_word' id='word_1_51' title='bbox 551 1673 781 1773; x_wconf 82' lang='lat' dir='ltr'>potuit</span> <span class='ocrx_word' id='word_1_52' title='bbox 807 1669 1272 1745; x_wconf 79' lang='lat' dir='ltr'>contradicere</span> <span class='ocrx_word' id='word_1_53' title='bbox 1291 1729 1311 1762; x_wconf 88' lang='lat'>,</span> <span class='ocrx_word' id='word_1_54' title='bbox 1353 1671 1478 1769; x_wconf 90' lang='lat' dir='ltr'>qui</span> <span class='ocrx_word' id='word_1_55' title='bbox 1521 1691 1716 1768; x_wconf 85' lang='lat' dir='ltr'>pater</span> <span class='ocrx_word' id='word_1_56' title='bbox 1746 1691 1908 1743; x_wconf 89' lang='lat' dir='ltr'>erat.</span> <span class='ocrx_word' id='word_1_57' title='bbox 1952 1673 2109 1744; x_wconf 89' lang='lat' dir='ltr'>Non</span> <span class='ocrx_word' id='word_1_58' title='bbox 2150 1699 2335 1762; x_wconf 88' lang='lat' dir='ltr'>eras,</span> <span class='ocrx_word' id='word_1_59' title='bbox 2376 1673 2631 1773; x_wconf 82' lang='lat' dir='ltr'>inquit,</span> 
     </span>
     <span class='ocr_line' id='line_1_11' title="bbox 553 1784 2635 1886; baseline -0 -25"><span class='ocrx_word' id='word_1_60' title='bbox 553 1787 884 1862; x_wconf 81' lang='lat' dir='ltr'>naturalis</span> <span class='ocrx_word' id='word_1_61' title='bbox 911 1815 927 1858; x_wconf 90' lang='lat'>:</span> <span class='ocrx_word' id='word_1_62' title='bbox 963 1809 1152 1860; x_wconf 87' lang='lat' dir='ltr'>tanto</span> <span class='ocrx_word' id='word_1_63' title='bbox 1187 1787 1392 1886; x_wconf 80' lang='lat' dir='ltr'>igitur</span> <span class='ocrx_word' id='word_1_64' title='bbox 1419 1784 1577 1885; x_wconf 89' lang='lat' dir='ltr'>plus</span> <span class='ocrx_word' id='word_1_65' title='bbox 1606 1813 1999 1859; x_wconf 77' lang='lat' dir='ltr'>merueram</span> <span class='ocrx_word' id='word_1_66' title='bbox 2028 1816 2043 1859; x_wconf 91' lang='lat'><strong>:</strong></span> <span class='ocrx_word' id='word_1_67' title='bbox 2078 1787 2399 1860; x_wconf 86' lang='lat' dir='ltr'>alienum</span> <span class='ocrx_word' id='word_1_68' title='bbox 2428 1811 2635 1862; x_wconf 85' lang='lat' dir='ltr'>sustu-</span> 
     </span>
     <span class='ocr_line' id='line_1_12' title="bbox 551 1901 2635 2004; baseline -0 -28"><span class='ocrx_word' id='word_1_69' title='bbox 551 1903 805 1995; x_wconf 82' lang='lat' dir='ltr'>leram,</span> <span class='ocrx_word' id='word_1_70' title='bbox 841 1931 1066 2001; x_wconf 89' lang='lat' dir='ltr'>quum</span> <span class='ocrx_word' id='word_1_71' title='bbox 1095 1922 1355 1990; x_wconf 84' lang='lat' dir='ltr'>essent,</span> <span class='ocrx_word' id='word_1_72' title='bbox 1390 1901 1513 2000; x_wconf 90' lang='lat' dir='ltr'>qui</span> <span class='ocrx_word' id='word_1_73' title='bbox 1546 1929 1706 1973; x_wconf 85' lang='lat' dir='ltr'>suos</span> <span class='ocrx_word' id='word_1_74' title='bbox 1740 1902 2170 2004; x_wconf 77' lang='lat' dir='ltr'>projicerent.</span> <span class='ocrx_word' id='word_1_75' title='bbox 2211 1904 2349 1976; x_wconf 91' lang='lat' dir='ltr'>Sed</span> <span class='ocrx_word' id='word_1_76' title='bbox 2386 1926 2471 1978; x_wconf 91' lang='lat' dir='ltr'>ut</span> <span class='ocrx_word' id='word_1_77' title='bbox 2502 1931 2635 1976; x_wconf 87' lang='lat' dir='ltr'>non</span> 
     </span>
     <span class='ocr_line' id='line_1_13' title="bbox 551 2017 2635 2118; baseline -0 -25"><span class='ocrx_word' id='word_1_78' title='bbox 551 2022 846 2110; x_wconf 85' lang='lat' dir='ltr'>fuerim,</span> <span class='ocrx_word' id='word_1_79' title='bbox 891 2041 963 2092; x_wconf 82' lang='lat' dir='ltr'>tu</span> <span class='ocrx_word' id='word_1_80' title='bbox 1007 2041 1239 2092; x_wconf 88' lang='lat' dir='ltr'>tamen</span> <span class='ocrx_word' id='word_1_81' title='bbox 1282 2018 1535 2118; x_wconf 85' lang='lat' dir='ltr'>putasti</span> <span class='ocrx_word' id='word_1_82' title='bbox 1572 2039 1841 2117; x_wconf 88' lang='lat' dir='ltr'>patrem</span> <span class='ocrx_word' id='word_1_83' title='bbox 1870 2047 1887 2090; x_wconf 79' lang='lat' dir='ltr'>t</span> <span class='ocrx_word' id='word_1_84' title='bbox 1924 2017 2031 2091; x_wconf 83' lang='lat' dir='ltr'>lex</span> <span class='ocrx_word' id='word_1_85' title='bbox 2063 2041 2298 2092; x_wconf 84' lang='lat' dir='ltr'>autem</span> <span class='ocrx_word' id='word_1_86' title='bbox 2334 2043 2635 2094; x_wconf 81' lang='lat' dir='ltr'>mentem</span> 
     </span>
     <span class='ocr_line' id='line_1_14' title="bbox 553 2132 2642 2236; baseline -0 -29"><span class='ocrx_word' id='word_1_87' title='bbox 553 2135 796 2236; x_wconf 87' lang='lat' dir='ltr'>punit:</span> <span class='ocrx_word' id='word_1_88' title='bbox 829 2156 906 2207; x_wconf 88' lang='lat' dir='ltr'>ut</span> <span class='ocrx_word' id='word_1_89' title='bbox 932 2135 1104 2207; x_wconf 87' lang='lat' dir='ltr'>scias</span> <span class='ocrx_word' id='word_1_90' title='bbox 1131 2159 1374 2206; x_wconf 86' lang='lat' dir='ltr'>verum</span> <span class='ocrx_word' id='word_1_91' title='bbox 1405 2159 1547 2206; x_wconf 84' lang='lat' dir='ltr'>esse</span> <span class='ocrx_word' id='word_1_92' title='bbox 1580 2132 1712 2205; x_wconf 89' lang='lat' dir='ltr'>hoc</span> <span class='ocrx_word' id='word_1_93' title='bbox 1732 2148 1779 2224; x_wconf 86' lang='lat'>¹,</span> <span class='ocrx_word' id='word_1_94' title='bbox 1812 2133 2198 2233; x_wconf 86' lang='lat' dir='ltr'>impetravi.</span> <span class='ocrx_word' id='word_1_95' title='bbox 2230 2135 2367 2207; x_wconf 90' lang='lat' dir='ltr'>Sed</span> <span class='ocrx_word' id='word_1_96' title='bbox 2396 2157 2511 2224; x_wconf 83' lang='lat' dir='ltr'>tu,</span> <span class='ocrx_word' id='word_1_97' title='bbox 2542 2137 2642 2208; x_wconf 89' lang='lat' dir='ltr'>in-</span> 
     </span>
     <span class='ocr_line' id='line_1_15' title="bbox 554 2245 2639 2347; baseline 0.001 -27"><span class='ocrx_word' id='word_1_98' title='bbox 554 2249 742 2346; x_wconf 85' lang='lat' dir='ltr'>quit,</span> <span class='ocrx_word' id='word_1_99' title='bbox 773 2247 1073 2339; x_wconf 86' lang='lat' dir='ltr'>sciebas,</span> <span class='ocrx_word' id='word_1_100' title='bbox 1117 2273 1260 2319; x_wconf 91' lang='lat' dir='ltr'>non</span> <span class='ocrx_word' id='word_1_101' title='bbox 1291 2273 1434 2320; x_wconf 87' lang='lat' dir='ltr'>esse</span> <span class='ocrx_word' id='word_1_102' title='bbox 1466 2245 1691 2319; x_wconf 82' lang='lat' dir='ltr'>filium</span> <span class='ocrx_word' id='word_1_103' title='bbox 1724 2269 1929 2320; x_wconf 88' lang='lat' dir='ltr'>tuum</span> <span class='ocrx_word' id='word_1_104' title='bbox 1958 2277 1973 2319; x_wconf 74' lang='grc' dir='ltr'>ε</span> <span class='ocrx_word' id='word_1_105' title='bbox 2014 2269 2321 2347; x_wconf 86' lang='lat' dir='ltr'>poteram</span> <span class='ocrx_word' id='word_1_106' title='bbox 2356 2249 2639 2347; x_wconf 83' lang='lat' dir='ltr'>quidem</span> 
     </span>
     <span class='ocr_line' id='line_1_16' title="bbox 553 2363 2639 2467; baseline 0.001 -30"><span class='ocrx_word' id='word_1_107' title='bbox 553 2365 720 2438; x_wconf 86' lang='lat' dir='ltr'>scire</span> <span class='ocrx_word' id='word_1_108' title='bbox 750 2391 765 2435; x_wconf 91' lang='lat'><strong>:</strong></span> <span class='ocrx_word' id='word_1_109' title='bbox 797 2363 918 2437; x_wconf 84' lang='lat' dir='ltr'>sed</span> <span class='ocrx_word' id='word_1_110' title='bbox 947 2363 1206 2435; x_wconf 83' lang='lat' dir='ltr'>meritis</span> <span class='ocrx_word' id='word_1_111' title='bbox 1238 2384 1430 2463; x_wconf 84' lang='lat' dir='ltr'>pater</span> <span class='ocrx_word' id='word_1_112' title='bbox 1458 2389 1648 2435; x_wconf 86' lang='lat' dir='ltr'>eram</span> <span class='ocrx_word' id='word_1_113' title='bbox 1668 2423 1686 2455; x_wconf 91' lang='lat'>‚</span> <span class='ocrx_word' id='word_1_114' title='bbox 1720 2365 1839 2437; x_wconf 90' lang='lat' dir='ltr'>sed</span> <span class='ocrx_word' id='word_1_115' title='bbox 1874 2384 1948 2437; x_wconf 92' lang='lat' dir='ltr'>tu</span> <span class='ocrx_word' id='word_1_116' title='bbox 1982 2385 2347 2465; x_wconf 88' lang='lat' dir='ltr'>tamquam</span> <span class='ocrx_word' id='word_1_117' title='bbox 2380 2387 2639 2467; x_wconf 86' lang='lat' dir='ltr'>patrem</span> 
     </span>
     <span class='ocr_line' id='line_1_17' title="bbox 553 2478 2641 2581; baseline 0.001 -28"><span class='ocrx_word' id='word_1_118' title='bbox 553 2480 912 2553; x_wconf 59' lang='lat' dir='ltr'>cecideras</span> <span class='ocrx_word' id='word_1_119' title='bbox 953 2480 1089 2553; x_wconf 91' lang='lat' dir='ltr'>Sed</span> <span class='ocrx_word' id='word_1_120' title='bbox 1127 2500 1364 2569; x_wconf 87' lang='lat' dir='ltr'>testor,</span> <span class='ocrx_word' id='word_1_121' title='bbox 1406 2478 1601 2551; x_wconf 88' lang='lat' dir='ltr'>nolui</span> <span class='ocrx_word' id='word_1_122' title='bbox 1634 2507 1649 2551; x_wconf 91' lang='lat'>:</span> <span class='ocrx_word' id='word_1_123' title='bbox 1688 2480 2075 2579; x_wconf 85' lang='lat' dir='ltr'>expositum</span> <span class='ocrx_word' id='word_1_124' title='bbox 2111 2509 2395 2581; x_wconf 89' lang='lat' dir='ltr'>quoque</span> <span class='ocrx_word' id='word_1_125' title='bbox 2436 2484 2641 2556; x_wconf 85' lang='lat' dir='ltr'>colle-</span> 
     </span>
     <span class='ocr_line' id='line_1_18' title="bbox 553 2594 2641 2695; baseline 0.001 -28"><span class='ocrx_word' id='word_1_126' title='bbox 553 2622 827 2695; x_wconf 76' lang='lat' dir='ltr'>geram:</span> <span class='ocrx_word' id='word_1_127' title='bbox 857 2594 1196 2694; x_wconf 78' lang='lat' dir='ltr'>indignati</span> <span class='ocrx_word' id='word_1_128' title='bbox 1221 2616 1384 2667; x_wconf 86' lang='lat' dir='ltr'>sunt</span> <span class='ocrx_word' id='word_1_129' title='bbox 1401 2594 1613 2667; x_wconf 86' lang='lat' dir='ltr'>amici</span> <span class='ocrx_word' id='word_1_130' title='bbox 1640 2623 1655 2667; x_wconf 91' lang='lat'>:</span> <span class='ocrx_word' id='word_1_131' title='bbox 1684 2594 1832 2694; x_wconf 90' lang='lat' dir='ltr'>ipse</span> <span class='ocrx_word' id='word_1_132' title='bbox 1850 2597 2069 2668; x_wconf 85' lang='lat' dir='ltr'>fassus</span> <span class='ocrx_word' id='word_1_133' title='bbox 2092 2618 2207 2669; x_wconf 81' lang='lat' dir='ltr'>est.</span> <span class='ocrx_word' id='word_1_134' title='bbox 2230 2598 2433 2688; x_wconf 90' lang='lat' dir='ltr'>Quid</span> <span class='ocrx_word' id='word_1_135' title='bbox 2458 2626 2641 2672; x_wconf 88' lang='lat' dir='ltr'>nunc</span> 
     </span>
     <span class='ocr_line' id='line_1_19' title="bbox 551 2710 2258 2810; baseline -0.001 -27"><span class='ocrx_word' id='word_1_136' title='bbox 551 2710 803 2784; x_wconf 76' lang='lat' dir='ltr'>facies?</span> <span class='ocrx_word' id='word_1_137' title='bbox 833 2710 1158 2810; x_wconf 73' lang='lat' dir='ltr'>praeci-des</span> <span class='ocrx_word' id='word_1_138' title='bbox 1185 2736 1474 2800; x_wconf 84' lang='lat' dir='ltr'>manus,</span> <span class='ocrx_word' id='word_1_139' title='bbox 1510 2735 1665 2807; x_wconf 84' lang='lat' dir='ltr'>quae</span> <span class='ocrx_word' id='word_1_140' title='bbox 1697 2730 1762 2782; x_wconf 86' lang='lat' dir='ltr'>te</span> <span class='ocrx_word' id='word_1_141' title='bbox 1791 2710 2258 2784; x_wconf 82' lang='lat' dir='ltr'>sustulerunt?</span> 
     </span>
    </p>
   </div>
   <div class='ocr_carea' id='block_1_6' title="bbox 549 2898 2637 3372">
    <p class='ocr_par' dir='ltr' id='par_1_6' title="bbox 549 2898 2637 3372">
     <span class='ocr_line' id='line_1_20' title="bbox 628 2898 2637 2976; baseline 0.001 -25"><span class='ocrx_word' id='word_1_142' title='bbox 628 2916 672 2951; x_wconf 85' lang='grc' dir='ltr'>ι.</span> <span class='ocrx_word' id='word_1_143' title='bbox 707 2900 762 2951; x_wconf 86' lang='lat' dir='ltr'><em>V</em></span> <span class='ocrx_word' id='word_1_144' title='bbox 754 2917 898 2951; x_wconf 81' lang='lat' dir='ltr'>emm</span> <span class='ocrx_word' id='word_1_145' title='bbox 927 2918 1027 2953; x_wconf 77' lang='lat' dir='ltr'>esse</span> <span class='ocrx_word' id='word_1_146' title='bbox 1055 2898 1165 2952; x_wconf 80' lang='lat' dir='ltr'>hoc.</span> <span class='ocrx_word' id='word_1_147' title='bbox 1201 2898 1256 2951; x_wconf 85' lang='lat' dir='ltr'><em>V</em></span> <span class='ocrx_word' id='word_1_148' title='bbox 1248 2918 1394 2952; x_wconf 81' lang='lat' dir='ltr'>erum</span> <span class='ocrx_word' id='word_1_149' title='bbox 1425 2916 1524 2951; x_wconf 72' lang='lat' dir='ltr'>esse</span> <span class='ocrx_word' id='word_1_150' title='bbox 1538 2918 1555 2948; x_wconf 81' lang='grc'>.-</span> <span class='ocrx_word' id='word_1_151' title='bbox 1644 2921 1666 2945; x_wconf 76' lang='grc' dir='ltr'>ι</span> <span class='ocrx_word' id='word_1_152' title='bbox 1688 2899 1993 2973; x_wconf 79' lang='lat' dir='ltr'>quicunque</span> <span class='ocrx_word' id='word_1_153' title='bbox 2028 2918 2253 2972; x_wconf 79' lang='lat' dir='ltr'>puerum</span> <span class='ocrx_word' id='word_1_154' title='bbox 2290 2903 2373 2954; x_wconf 82' lang='lat' dir='ltr'>vel</span> <span class='ocrx_word' id='word_1_155' title='bbox 2412 2902 2637 2976; x_wconf 76' lang='lat' dir='ltr'>pueliam</span> 
     </span>
     <span class='ocr_line' id='line_1_21' title="bbox 555 2978 2637 3054; baseline 0.002 -25"><span class='ocrx_word' id='word_1_156' title='bbox 555 2979 652 3031; x_wconf 76' lang='lat' dir='ltr'>hoc</span> <span class='ocrx_word' id='word_1_157' title='bbox 685 2978 963 3047; x_wconf 73' lang='lat' dir='ltr'>impetravi</span> <span class='ocrx_word' id='word_1_158' title='bbox 973 3018 994 3045; x_wconf 85' lang='lat'>‚</span> <span class='ocrx_word' id='word_1_159' title='bbox 1031 2978 1209 3031; x_wconf 78' lang='lat' dir='ltr'>AErod.</span> <span class='ocrx_word' id='word_1_160' title='bbox 1247 3008 1319 3019; x_wconf 91' lang='lat'>·-</span> <span class='ocrx_word' id='word_1_161' title='bbox 1351 2980 1559 3030; x_wconf 70' lang='lat' dir='ltr'>Meritis</span> <span class='ocrx_word' id='word_1_162' title='bbox 1642 3004 1665 3027; x_wconf 78' lang='grc' dir='ltr'>ι</span> <span class='ocrx_word' id='word_1_163' title='bbox 1682 2986 1973 3053; x_wconf 70' lang='lat' dir='ltr'>proJectam</span> <span class='ocrx_word' id='word_1_164' title='bbox 1999 2979 2065 3032; x_wconf 88' lang='lat' dir='ltr'>de</span> <span class='ocrx_word' id='word_1_165' title='bbox 2085 2981 2245 3033; x_wconf 87' lang='lat' dir='ltr'>domo</span> <span class='ocrx_word' id='word_1_166' title='bbox 2266 2985 2433 3054; x_wconf 77' lang='lat' dir='ltr'>patris</span> <span class='ocrx_word' id='word_1_167' title='bbox 2450 2984 2533 3036; x_wconf 73' lang='lat' dir='ltr'>vel</span> <span class='ocrx_word' id='word_1_168' title='bbox 2548 2984 2637 3035; x_wconf 89' lang='lat' dir='ltr'>do·</span> 
     </span>
     <span class='ocr_line' id='line_1_22' title="bbox 549 3058 2637 3133; baseline 0.003 -24"><span class='ocrx_word' id='word_1_169' title='bbox 549 3068 701 3130; x_wconf 75' lang='lat' dir='ltr'>pater</span> <span class='ocrx_word' id='word_1_170' title='bbox 709 3076 868 3111; x_wconf 78' lang='lat' dir='ltr'>emm.</span> <span class='ocrx_word' id='word_1_171' title='bbox 879 3058 1014 3111; x_wconf 79' lang='lat' dir='ltr'>Vide</span> <span class='ocrx_word' id='word_1_172' title='bbox 1025 3059 1174 3111; x_wconf 87' lang='lat' dir='ltr'>Decl.</span> <span class='ocrx_word' id='word_1_173' title='bbox 1191 3060 1553 3113; x_wconf 80' lang='lat' dir='ltr'>OCLxxvm.</span> <span class='ocrx_word' id='word_1_174' title='bbox 1642 3084 1665 3107; x_wconf 77' lang='grc' dir='ltr'>ι</span> <span class='ocrx_word' id='word_1_175' title='bbox 1684 3063 1813 3113; x_wconf 85' lang='lat' dir='ltr'>mini</span> <span class='ocrx_word' id='word_1_176' title='bbox 1849 3061 1961 3129; x_wconf 85' lang='lat' dir='ltr'>(ita</span> <span class='ocrx_word' id='word_1_177' title='bbox 1996 3062 2267 3133; x_wconf 71' lang='lat' dir='ltr'>distingue</span> <span class='ocrx_word' id='word_1_178' title='bbox 2284 3063 2339 3133; x_wconf 91' lang='lat'>),</span> <span class='ocrx_word' id='word_1_179' title='bbox 2370 3064 2637 3117; x_wconf 71' lang='lat' dir='ltr'>voluntate</span> 
     </span>
     <span class='ocr_line' id='line_1_23' title="bbox 551 3136 2635 3212; baseline 0.002 -23"><span class='ocrx_word' id='word_1_180' title='bbox 551 3136 768 3189; x_wconf 74' lang='lat' dir='ltr'>Senot-r.</span> <span class='ocrx_word' id='word_1_181' title='bbox 789 3166 860 3175; x_wconf 88' lang='lat'>—</span> <span class='ocrx_word' id='word_1_182' title='bbox 876 3136 1187 3209; x_wconf 77' lang='lat' dir='ltr'>Expositum</span> <span class='ocrx_word' id='word_1_183' title='bbox 1205 3156 1426 3211; x_wconf 81' lang='lat' dir='ltr'>quoque.</span> <span class='ocrx_word' id='word_1_184' title='bbox 1449 3140 1559 3190; x_wconf 81' lang='lat' dir='ltr'><strong><em>Ex·-</em></strong></span> <span class='ocrx_word' id='word_1_185' title='bbox 1643 3162 1665 3185; x_wconf 76' lang='grc' dir='ltr'>ι</span> <span class='ocrx_word' id='word_1_186' title='bbox 1684 3142 2009 3212; x_wconf 78' lang='lat' dir='ltr'>scientiaque</span> <span class='ocrx_word' id='word_1_187' title='bbox 2027 3141 2319 3212; x_wconf 60' lang='lat' dir='ltr'>collegerit.</span> <span class='ocrx_word' id='word_1_188' title='bbox 2338 3166 2363 3190; x_wconf 69' lang='grc' dir='ltr'>ι</span> <span class='ocrx_word' id='word_1_189' title='bbox 2386 3145 2448 3195; x_wconf 83' lang='lat' dir='ltr'>Et</span> <span class='ocrx_word' id='word_1_190' title='bbox 2466 3145 2536 3195; x_wconf 79' lang='lat' dir='ltr'>ita</span> <span class='ocrx_word' id='word_1_191' title='bbox 2552 3160 2635 3194; x_wconf 69' lang='lat' dir='ltr'>st·</span> 
     </span>
     <span class='ocr_line' id='line_1_24' title="bbox 550 3214 2635 3293; baseline 0.002 -24"><span class='ocrx_word' id='word_1_192' title='bbox 550 3216 780 3285; x_wconf 76' lang='lat' dir='ltr'>positum</span> <span class='ocrx_word' id='word_1_193' title='bbox 809 3216 1122 3289; x_wconf 80' lang='lat' dir='ltr'>quandoque</span> <span class='ocrx_word' id='word_1_194' title='bbox 1137 3252 1156 3281; x_wconf 93' lang='lat'>‚</span> <span class='ocrx_word' id='word_1_195' title='bbox 1185 3234 1346 3286; x_wconf 77' lang='lat' dir='ltr'>marg.</span> <span class='ocrx_word' id='word_1_196' title='bbox 1375 3214 1554 3268; x_wconf 81' lang='lat' dir='ltr'>AErod.</span> <span class='ocrx_word' id='word_1_197' title='bbox 1637 3240 1705 3293; x_wconf 85' lang='lat' dir='ltr'>pe</span> <span class='ocrx_word' id='word_1_198' title='bbox 1730 3240 1793 3273; x_wconf 81' lang='lat' dir='ltr'>eo</span> <span class='ocrx_word' id='word_1_199' title='bbox 1816 3221 1989 3273; x_wconf 83' lang='lat' dir='ltr'>titulo.</span> <span class='ocrx_word' id='word_1_200' title='bbox 2012 3222 2147 3274; x_wconf 81' lang='lat' dir='ltr'>Just.</span> <span class='ocrx_word' id='word_1_201' title='bbox 2172 3224 2365 3290; x_wconf 73' lang='lat' dir='ltr'>XXIV,</span> <span class='ocrx_word' id='word_1_202' title='bbox 2390 3224 2453 3291; x_wconf 58' lang='grc' dir='ltr'>ξε</span> <span class='ocrx_word' id='word_1_203' title='bbox 2481 3226 2635 3275; x_wconf 68' lang='lat' dir='ltr'>upan-</span> 
     </span>
     <span class='ocr_line' id='line_1_25' title="bbox 551 3292 2635 3372; baseline 0.004 -28"><span class='ocrx_word' id='word_1_204' title='bbox 551 3292 974 3368; x_wconf 73' lang='lat' dir='ltr'>—Colleqeram.</span> <span class='ocrx_word' id='word_1_205' title='bbox 995 3295 1234 3365; x_wconf 68' lang='lat' dir='ltr'>Propi-iet</span> <span class='ocrx_word' id='word_1_206' title='bbox 1255 3292 1396 3347; x_wconf 80' lang='lat' dir='ltr'>idem</span> <span class='ocrx_word' id='word_1_207' title='bbox 1414 3296 1557 3347; x_wconf 85' lang='lat' dir='ltr'>enim</span> <span class='ocrx_word' id='word_1_208' title='bbox 1643 3322 1666 3346; x_wconf 76' lang='grc' dir='ltr'>ιι</span> <span class='ocrx_word' id='word_1_209' title='bbox 1684 3298 1866 3351; x_wconf 83' lang='lat' dir='ltr'>vulurn</span> <span class='ocrx_word' id='word_1_210' title='bbox 1880 3298 2153 3372; x_wconf 71' lang='lat' dir='ltr'>recolligit.</span> <span class='ocrx_word' id='word_1_211' title='bbox 2176 3326 2201 3349; x_wconf 69' lang='lat' dir='ltr'>n</span> <span class='ocrx_word' id='word_1_212' title='bbox 2226 3302 2291 3353; x_wconf 79' lang='lat' dir='ltr'>Et</span> <span class='ocrx_word' id='word_1_213' title='bbox 2306 3305 2379 3353; x_wconf 70' lang='lat' dir='ltr'>itt</span> <span class='ocrx_word' id='word_1_214' title='bbox 2396 3320 2515 3354; x_wconf 77' lang='lat' dir='ltr'>mox</span> <span class='ocrx_word' id='word_1_215' title='bbox 2528 3320 2635 3353; x_wconf 84' lang='lat' dir='ltr'>ser·</span> 
     </span>
    </p>
   </div>
   <div class='ocr_carea' id='block_1_7' title="bbox 552 3370 2629 3525">
    <p class='ocr_par' dir='ltr' id='par_1_7' title="bbox 552 3370 2629 3525">
     <span class='ocr_line' id='line_1_26' title="bbox 553 3370 2629 3445; baseline 0.002 -20"><span class='ocrx_word' id='word_1_216' title='bbox 553 3385 634 3426; x_wconf 79' lang='lat' dir='ltr'>est</span> <span class='ocrx_word' id='word_1_217' title='bbox 670 3371 815 3443; x_wconf 83' lang='lat' dir='ltr'>qnod</span> <span class='ocrx_word' id='word_1_218' title='bbox 851 3370 1063 3438; x_wconf 79' lang='lat' dir='ltr'>tollere,</span> <span class='ocrx_word' id='word_1_219' title='bbox 1091 3373 1353 3445; x_wconf 71' lang='lat' dir='ltr'>suscipere.</span> <span class='ocrx_word' id='word_1_220' title='bbox 1385 3375 1466 3424; x_wconf 76' lang='lat' dir='ltr'>lta</span> <span class='ocrx_word' id='word_1_221' title='bbox 1502 3376 1557 3426; x_wconf 81' lang='lat' dir='ltr'>in</span> <span class='ocrx_word' id='word_1_222' title='bbox 1636 3397 1793 3431; x_wconf 87' lang='lat' dir='ltr'>mone</span> <span class='ocrx_word' id='word_1_223' title='bbox 1834 3380 2245 3433; x_wconf 82' lang='lat' dir='ltr'>Declamationis</span> <span class='ocrx_word' id='word_1_224' title='bbox 2282 3380 2629 3437; x_wconf 59' lang='lat' dir='ltr'>OGCIAEXVI.</span> 
     </span>
     <span class='ocr_line' id='line_1_27' title="bbox 552 3452 1803 3525; baseline 0.002 -20"><span class='ocrx_word' id='word_1_225' title='bbox 552 3456 612 3505; x_wconf 73' lang='lat' dir='ltr'>L.</span> <span class='ocrx_word' id='word_1_226' title='bbox 655 3471 674 3505; x_wconf 88' lang='lat'>1</span> <span class='ocrx_word' id='word_1_227' title='bbox 693 3490 710 3517; x_wconf 82' lang='lat'><strong>‚</strong></span> <span class='ocrx_word' id='word_1_228' title='bbox 745 3453 876 3507; x_wconf 87' lang='lat' dir='ltr'>Cod.</span> <span class='ocrx_word' id='word_1_229' title='bbox 908 3452 1115 3507; x_wconf 79' lang='lat' dir='ltr'>Theod.</span> <span class='ocrx_word' id='word_1_230' title='bbox 1153 3452 1221 3505; x_wconf 82' lang='lat' dir='ltr'>de</span> <span class='ocrx_word' id='word_1_231' title='bbox 1257 3454 1520 3525; x_wconf 80' lang='lat' dir='ltr'>Expositis</span> <span class='ocrx_word' id='word_1_232' title='bbox 1539 3493 1557 3523; x_wconf 88' lang='lat'>‚</span> <span class='ocrx_word' id='word_1_233' title='bbox 1638 3460 1803 3513; x_wconf 75' lang='grc' dir='ltr'><strong>Βυιιιι.</strong></span> 
     </span>
    </p>
   </div>
   <div class='ocr_carea' id='block_1_8' title="bbox 2818 693 2821 840">
    <p class='ocr_par' dir='ltr' id='par_1_8' title="bbox 2818 693 2821 874">
     <span class='ocr_line' id='line_1_28' title="bbox 2818 693 2821 840; baseline 0 20"><span class='ocrx_word' id='word_1_234' title='bbox 2818 693 2821 840; x_wconf 84' lang='grc' dir='ltr'>Ι</span> 
     </span>
    </p>
   </div>
  </div>
 </body>
</html>
