2855 4871
592 433 665 499 16
1092 435 1185 500 M.
1230 434 1481 499 FABII
1526 433 2160 518 QUINTILIANI

581 583 737 662 non
767 557 951 630 illius
992 557 1462 648 festinatione,
1499 557 1641 629 noli
1671 580 1904 658 tamen
1933 561 2172 632 mirari
2201 561 2570 660 pudicam,
2609 563 2664 634 si

583 672 851 745 castitas
883 700 1027 745 non
1060 673 1293 745 statim
1334 673 1450 743 irae
1485 699 1623 744 suae
1661 673 1999 772 imperare
2029 675 2280 772 potuit:
2313 677 2470 748 satis
2499 703 2671 775 prae-

582 808 710 859 stat
737 809 957 887 rapta,
994 815 1147 887 quae
1190 813 1334 860 non
1372 788 1506 859 cito
1541 807 1748 886 optat.
1794 791 1886 859 At
1911 789 2102 860 enim
2127 789 2277 889 jam
2305 792 2666 863 vulnerato

583 905 871 1005 optavit,
915 906 1251 1004 quoniam
1284 903 1704 977 moriturum
1737 904 2027 998 sciebat:
2073 907 2367 1006 captavit
2393 908 2672 980 heredi-

581 1042 819 1094 tatem.
842 1025 1034 1093 Num
1060 1021 1273 1119 igitur
1292 1022 1614 1094 animum
1642 1021 1886 1121 puellae
1907 1048 1948 1094 a
1973 1023 2220 1120 primis
2242 1025 2670 1124 temporibus

584 1159 815 1236 raptor
868 1135 1266 1236 ignoravit?
1320 1139 1666 1235 Magnum
1716 1136 2096 1210 clementiae
2147 1161 2664 1239 argumentum.

553 1255 718 1328 -Cui
752 1275 1051 1354 potestas
1094 1252 1399 1327 adeundi
1448 1253 1876 1352 magistratus
1909 1255 2177 1347 statim,
2213 1257 2464 1328 emissa
2497 1283 2668 1328 con-

580 1371 777 1443 tinuo
800 1396 929 1441 vox
946 1427 965 1459 ‚
998 1396 1138 1469 qua
1163 1396 1232 1442 se
1258 1390 1325 1441 et
1355 1369 1686 1470 injuriam
1710 1395 1909 1449 suam
1935 1369 2410 1459 ulcisceretur,
2443 1371 2672 1442 finiret

584 1512 793 1558 onera
839 1485 1124 1583 pudoris
1165 1486 1310 1577 sui,
1352 1485 1548 1557 audit
1592 1505 1906 1583 rogantes
1955 1485 2080 1557 diu
2119 1513 2134 1556 ε
2180 1485 2490 1586 primum
2537 1485 2668 1557 hoc

584 1598 1067 1700 praejudicium
1100 1599 1249 1700 ejus
1281 1621 1416 1691 est,
1453 1623 1606 1698 quoe
1636 1597 1895 1672 exorari
1924 1600 2156 1698 possit.
2188 1601 2440 1698 Rogati
2461 1599 2665 1688 velle,

582 1741 707 1815 pro
741 1736 979 1814 rogato
1006 1736 1143 1788 est:
1189 1715 1323 1788 hoc
1350 1735 1624 1786 tantum
1653 1741 1798 1786 non
1829 1727 1848 1759 ¹
1885 1714 2044 1787 satis
2073 1735 2245 1807 erat,
2274 1714 2582 1815 judices,
2615 1713 2670 1785 si

585 1831 917 1923 dicerem,
957 1859 1100 1906 non
1140 1833 1438 1932 negavit.
1483 1833 1694 1930 Atqui
1745 1832 1945 1905 dolor
1985 1832 2320 1932 erumpit,
2357 1854 2425 1906 et
2463 1859 2673 1904 num-

583 1974 796 2047 quam
840 1948 941 2020 ira
981 1951 1125 2022 fere
1166 1948 1440 2022 silentio
1473 1949 1885 2021 continetur.
1929 1949 2214 2020 Miseret
2251 1975 2366 2020 me
2409 1946 2672 2020 adoles-

584 2062 797 2134 centis
845 2064 1095 2164 optimi
1156 2063 1417 2164 alioqui
1473 2085 1542 2136 et
1593 2064 1802 2137 nimis
1849 2063 2224 2138 verecundi
2261 2121 2280 2154 ,
2336 2063 2527 2162 quod
2577 2063 2672 2134 sic

583 2176 906 2249 animum
954 2177 1102 2278 ejus
1142 2179 1739 2279 interpretamini:
1791 2179 2003 2252 satius
2041 2198 2188 2251 erat
2220 2178 2487 2268 dicere,
2530 2191 2672 2250 non

583 2279 895 2389 negavit:
949 2293 1171 2366 audeo
1215 2293 1444 2367 dicere
1468 2352 1487 2385 ,
1542 2293 1718 2368 illud
1766 2293 2119 2396 promisit,
2167 2320 2396 2393 neque
2443 2321 2672 2366 unum

584 2406 1041 2505 promittendi
1066 2435 1289 2509 genus
1318 2429 1434 2483 est.
1464 2409 1808 2482 Voluntas
1829 2409 2206 2483 hominum
2232 2437 2378 2483 non
2401 2429 2674 2502 tantum

582 2550 748 2596 voce
776 2524 1039 2623 signata
1069 2547 1189 2598 est.
1216 2527 1325 2598 An
1346 2552 1506 2598 vero
1525 2528 1581 2599 si
1603 2554 1820 2599 manu
1846 2527 2302 2627 promisisset,
2322 2553 2412 2598 an
2437 2525 2674 2597 ²vultu

584 2640 938 2714 annuisset
958 2700 977 2733 ,
1008 2643 1277 2717 dedisse
1300 2642 1516 2715 fidem
1542 2663 1620 2715 et
1633 2643 2079 2715 confirmasse
2102 2668 2298 2741 spem
2323 2641 2562 2741 puella
2585 2640 2678 2712 vi·

552 2776 559 2784 '
586 2754 859 2828 deretur
876 2816 895 2846 ,
927 2784 1079 2855 quae
1106 2759 1283 2831 facie
1308 2759 1640 2830 affectum
1657 2813 1677 2846 ,
1703 2783 1860 2856 quae
1878 2756 2033 2830 totis
2057 2754 2278 2829 oculis
2305 2755 2678 2827 misericor-

588 2871 781 2944 diam
828 2873 1175 2970 prodidit?
1216 2874 1403 2949 flevit
1439 2901 1453 2945 ε
1500 2873 1692 2946 idem
1726 2873 1891 2947 fecit
1921 2872 2112 2972 quod
2144 2871 2279 2961 illi,
2327 2871 2447 2969 qui
2481 2896 2679 2970 roga·

590 2985 797 3075 bant,
811 2985 899 3057 ad
924 2987 1359 3061 mentionem
1382 2988 1708 3087 periculi,
1739 2988 1828 3060 ad
1853 2988 2285 3060 mentionem
2311 2985 2676 3075 carnificis,

592 3099 837 3171 uberes
879 3099 1195 3175 lacrimas
1240 3104 1592 3204 profudit3
1651 3124 1828 3175 certe
1874 3130 2018 3175 non
2059 3102 2262 3174 video
2303 3101 2636 3172 affectum
2661 3154 2678 3187 ,

590 3214 714 3312 qui
758 3215 1049 3287 occidat.
1084 3217 1220 3290 Sed
1262 3219 1477 3291 tacuit
1513 3246 1528 3289 :
1577 3218 1839 3318 alioqui
1874 3217 2006 3289 hoc
2035 3244 2154 3290 vos
2187 3214 2558 3314 exigebatis
2593 3214 2679 3286 ab

591 3355 704 3417 ea,
752 3356 906 3428 quae
954 3332 1165 3405 modo
1214 3332 1406 3433 virgo
1448 3334 1672 3408 fuerat
1687 3332 1741 3425 3,
1777 3358 1930 3431 quae
1970 3333 2104 3405 hoc
2135 3358 2396 3405 nomen
2443 3330 2683 3429 paullo

669 3534 712 3567 1.
758 3518 988 3570 Tantum
1034 3538 1161 3573 non.
1197 3522 1321 3592 [οὗ.
1366 3532 1601 3574 tantum-
1680 3520 2050 3594 donon,quod
2067 3520 2309 3594 pluribus
2328 3519 2415 3572 hic
2434 3518 2684 3591 persequi

594 3614 727 3663 non,
764 3614 873 3649 uno
918 3598 1215 3668 vocabulo,
1258 3599 1405 3673 quod
1443 3604 1600 3655 etiam
1679 3622 1790 3657 non
1827 3617 1908 3656 est
1928 3605 2154 3656 instituti
2183 3603 2368 3655 nostri.
2397 3602 2544 3653 Prm.
2584 3596 2685 3653 Sed

590 3673 833 3747 pluribus
874 3691 1151 3731 auctorum
1196 3693 1432 3733 veterum
1469 3679 1600 3733 locis
1681 3704 1776 3738 cur
1795 3705 1906 3739 non
1941 3685 2116 3739 divisis
2141 3682 2396 3736 vocibus?
2431 3694 2492 3735 ut
2526 3682 2684 3733 toties

590 3758 927 3827 ignoratione
973 3774 1283 3831 corruptum
1334 3775 1440 3829 est,
1487 3781 1599 3814 non
1673 3766 1788 3834 jam
1822 3767 1878 3816 iu
1908 3761 2395 3817 Declamationibus
2416 3759 2686 3833 prioribus

590 3836 753 3890 modo
796 3839 943 3911 apud
977 3840 1246 3893 Valerium
1280 3844 1600 3913 Maximum,
1681 3845 1924 3899 vidimus.

594 3916 685 3969 sed
722 3931 777 3969 et
811 3918 953 3991 apud
992 3920 1273 3987 Senecam,
1308 3924 1598 3975 Ascanium
1753 3947 1802 3981 2.
1832 3928 1918 3980 An
1947 3926 2115 3980 vultu.
2135 3928 2260 3997 Leg.
2285 3934 2380 3977 aut
2399 3921 2562 3975 vultu.

595 4010 648 4048 et
697 3996 1009 4051 Suetonium
1053 4000 1424 4071 Tranquillum
1445 4039 1463 4068 ,
1508 4004 1600 4074 qui
1750 4006 1801 4058 3.
1845 4006 1971 4075 Quoe
1999 4006 2154 4058 modo
2186 4004 2333 4078 virgo
2359 4002 2565 4075 fuerat.
2603 3998 2684 4052 Cl.

578 4088 647 4149 ‘et
682 4074 865 4129 eadem
898 4078 1068 4130 forma
1097 4080 1448 4154 tantumquod
1469 4079 1602 4135 dixit
1679 4086 1880 4137 Bestius
1915 4084 1983 4137 de
2015 4086 2206 4137 ration.
2233 4080 2454 4135 Emend.
2487 4081 2612 4150 Leg.
2635 4096 2681 4129 c.

596 4172 723 4223 pro,
748 4155 987 4223 vixdum,
1014 4170 1074 4210 ut
1096 4156 1462 4227 Marcellinus,
1487 4178 1599 4212 mo·
1679 4164 1817 4229 XIV,
1842 4163 1886 4234 §.
1921 4164 1987 4217 8:
2011 4166 2087 4217 ita
2119 4162 2248 4234 legit
2285 4176 2340 4215 et
2380 4160 2681 4229 distinguit:
