2855 4871
844 370 1678 436 DECLAMATIONES.
1728 374 1801 435 L.

2245 324 2367 463 59'5

244 490 673 595 infamem?
712 519 803 563 an
845 512 1055 591 negat
1100 492 1603 591 gladiatorem?
1651 515 2024 591 utrumque
2073 497 2370 569 menda-

250 610 473 681 cium
495 630 625 681 est:
650 636 878 707 neque
900 610 1092 680 enim
1112 608 1509 681 conditione
1530 608 1925 708 gladiatoria
1940 626 1956 655 ¹
1979 611 2368 710 quidquam

250 742 383 794 est
408 722 749 795 humilius
782 722 856 794 in
884 722 1090 822 vulgo
1110 780 1129 813 ,
1160 750 1288 795 nec
1322 750 1482 796 meo
1514 725 1800 796 nomine
1834 726 2224 825 quidquam
2255 754 2371 799 no-

251 839 493 912 bilius
544 840 617 912 in
661 840 852 912 ludo.
899 842 1254 930 Fortunae,
1301 838 1566 938 inquit,
1612 842 1785 913 fuit:
1828 869 2191 941 quousque
2237 845 2370 914 for-

250 976 529 1027 tunam
564 956 903 1027 facimus²
931 954 1411 1027 humanorum
1445 956 1884 1055 negotiorum
1919 956 2150 1028 ream?
2188 979 2364 1029 esto:

252 1072 558 1167 fortuna
588 1070 787 1160 fecit,
824 1092 902 1143 ut
933 1097 1251 1170 caperer:
1288 1071 1442 1169 quis
1477 1070 1677 1161 fecit,
1716 1091 1792 1143 ut
1823 1099 2032 1143 nemo
2070 1071 2370 1144 redime-

256 1184 421 1259 ret?
444 1187 591 1259 Etsi
610 1184 637 1231 3
662 1187 947 1260 victoria
976 1188 1178 1260 solita
1207 1187 1633 1286 provenerit,
1669 1208 1822 1287 post
1848 1188 2096 1259 rudem
2123 1189 2370 1260 trium-

258 1302 533 1400 phabo.

254 1501 381 1562 qat.
408 1489 616 1541 Scribe:
646 1469 821 1543 utrum
847 1492 1007 1565 ἐρίων
1021 1490 1282 1563 qladiato-
1353 1492 1513 1559 jaune
1533 1492 1771 1563 Enfan13
1791 1505 1842 1544 et
1864 1492 2003 1563 apol.
2025 1493 2146 1555 vll,
2169 1491 2252 1556 14.
2273 1492 2364 1541 En.

259 1586 383 1619 rem
408 1578 566 1641 rte-qut
583 1568 777 1640 aliquis
800 1568 1085 1638 infamem,
1110 1588 1181 1620 an
1200 1588 1284 1619 me

261 1657 434 1719 negat
473 1646 821 1719 gladiatorem
838 1651 865 1699 Ρ
908 1649 1071 1701 Gnou.
1124 1646 1283 1699 Haud

261 1740 588 1778 cunctanter
623 1729 864 1798 corrigo,
904 1728 1087 1779 Utrum
1123 1726 1286 1799 iqitur

256 1804 613 1879 qladiatorem
630 1817 788 1877 negat
798 1804 989 1878 aliquis
1003 1806 1284 1878 infamem?

261 1903 345 1935 an
369 1902 453 1934 me
480 1893 635 1955 neyat
655 1882 1039 1957 gladiatorem?
1072 1882 1283 1936 Ummi-

264 1980 377 2037 quae
394 1965 727 2016 mendacium
752 1976 840 2018 est.
870 1966 1088 2018 Senum-r.
1118 1964 1284 2017 Rece-

262 2043 351 2115 pit
372 2042 799 2095 doctissimorum
820 2046 1051 2097 virorum
1075 2046 1281 2115 conjec-

263 2136 419 2175 turas
444 2122 764 2176 Obrechtus.

350 2218 369 2253 ι
382 2240 394 2254 .
409 2204 596 2275 Neque
612 2205 751 2255 enim
770 2204 1069 2259 conditione
1078 2204 1282 2277 qladia-

267 2286 433 2351 toria,
454 2298 556 2337 etc.
576 2285 809 2338 Pertinet
830 2284 899 2337 ad
918 2284 1027 2338 haec
1046 2287 1185 2339 Flor.
1205 2289 1278 2353 11,

274 2382 369 2434 ¹95
396 2378 445 2417 et
470 2368 565 2430 111,
593 2380 659 2416 20
682 2366 795 2416 init.
824 2365 1042 2419 Senum.

345 2463 393 2497 2.
425 2446 702 2517 Quousque
718 2445 997 2518 fortunam
1017 2447 1277 2519 facimus,

264 2537 372 2578 etc.
400 2521 609 2576 Sallust.
634 2525 859 2594 graviter
877 2523 944 2576 de
968 2525 1123 2579 bisin
1146 2545 1279 2596 prae-

266 2605 474 2656 fatione
492 2601 619 2656 belii
636 2603 882 2676 Jugunh.
904 2606 1125 2658 Senum.
1144 2607 1278 2659 vide

267 2685 431 2735 etiam
462 2685 714 2735 nostratis
748 2683 822 2736 La
855 2679 1111 2736 Foittaine
1144 2705 1277 2756 apo-

264 2763 481 2834 logum,
506 2764 594 2816 cui
617 2761 799 2816 titulus
830 2763 883 2815 la
907 2761 1133 2816 Fortune
1155 2775 1205 2814 et
1229 2764 1277 2816 le

1359 1570 1668 1622 —Facimus
1679 1571 2029 1622 humanorum
2047 1570 2368 1645 negotiorum

1362 1664 1519 1697 ream.
1561 1649 1803 1700 Heinsius
1839 1650 1894 1699 in
1931 1667 2024 1699 ora
2057 1648 2254 1699 codicis
2289 1646 2368 1699 sui

1359 1724 1626 1777 Juvenalis
1651 1726 1757 1778 Sat.
1783 1728 1859 1791 X,
1879 1744 2010 1777 vers.
2039 1724 2134 1775 ult.
2160 1724 2370 1793 legebat

1361 1802 1466 1855 hoc
1501 1802 1732 1855 adducto
1766 1802 1918 1854 loco:
1957 1825 1978 1847 u
2000 1806 2110 1855 Nos
2145 1816 2227 1866 te,
2257 1802 2369 1853 Nos

1368 1905 1390 1928 ι
1410 1882 1662 1947 facimus,
1677 1884 1930 1947 Fortuna,
1945 1900 2086 1933 ream
2099 1918 2115 1945 ,
2134 1880 2368 1949 caeloque

1368 1987 1390 2010 ι
1411 1962 1664 2015 locamus.
1689 1986 1711 2009 ι
1738 1964 1822 2014 Sic
1848 1974 1900 2013 et
1925 1960 2070 2033 apud
2090 1958 2301 2030 Apuiei.
2321 1960 2368 2008 V

1359 2046 1575 2097 Metam.
1598 2044 1834 2115 legebat,
1859 2068 1880 2090 a
1896 2044 1975 2094 En
1999 2061 2030 2093 ο
2051 2060 2142 2093 rea
2162 2052 2215 2091 et
2233 2058 2367 2091 saeva

1367 2147 1389 2171 ιι
1410 2137 1462 2176 et
1496 2126 1678 2195 iniqua
1717 2124 1965 2186 fortuna,
1988 2144 2009 2167 n
2050 2118 2142 2170 ubi
2173 2116 2332 2187 vulgo
2350 2156 2366 2182 ,

1360 2222 1425 2258 en
1449 2206 1583 2258 orba.

1431 2288 1482 2341 3.
1505 2288 1578 2339 Et
1595 2286 1656 2338 si.
1680 2285 1892 2349 Malim,
1912 2285 2020 2335 etsi
2039 2303 2087 2335 v.
2107 2303 2145 2335 ε.
2167 2300 2224 2353 p.
2244 2302 2300 2354 p.
2323 2300 2365 2333 r.

1360 2366 1708 2441 triumphabo.
1731 2370 1874 2418 Prru.
1898 2364 2263 2417 Divellendum
2279 2364 2368 2415 Ee·

1358 2449 1417 2500 εἰ.
1440 2449 1598 2498 Forte
1621 2461 1673 2498 et
1698 2445 2008 2498 mutandum
2037 2446 2092 2496 in
2117 2444 2190 2495 At
2215 2443 2289 2504 si,-
2315 2456 2367 2495 et

1360 2527 1773 2594 interrogatione
1793 2521 2046 2594 periodus
2072 2519 2362 2573 efferenda.

1358 2605 1663 2676 Exprimere
1675 2605 1812 2655 enirn
1825 2604 1934 2654 vult
1948 2603 2221 2671 indignum
2233 2619 2363 2667 esse,
2447 2629 2454 2636 ·

1360 2697 1417 2736 ut
1442 2683 1545 2751 ini,
1574 2685 1664 2754 qui
1686 2681 1946 2754 gladiator
1969 2681 2130 2734 fuerit
2153 2691 2206 2733 et
2228 2681 2364 2732 infa-

1358 2766 1488 2830 mis»,
1523 2759 1849 2822 concedatur
1888 2759 2201 2832 triumphus,
2241 2759 2358 2810 Seu.
