2855 4871
614 434 741 502 206
1110 434 1204 496 M.
1254 432 1506 497 mnu
1553 432 2198 515 QumTlmAm

1383 644 1930 710 NARRATIO.

708 803 779 876 Si
806 803 943 876 alio
966 822 1329 875 accusante
1352 800 1656 877 dicerem
1682 830 1964 879 causam
1981 860 1998 893 ‚
2025 804 2358 896 sciebam,
2385 826 2452 877 et
2477 832 2720 907 exper-

612 942 723 991 tus
766 919 1073 1018 proxime
1114 944 1341 1006 eram,
1381 943 1525 989 esse
1563 915 1764 990 nobis
1797 945 2108 1016 aequam,
2144 920 2353 992 etiam
2383 922 2718 993 adversus

612 1035 891 1124 divites»,
931 1033 1362 1107 libertatem:
1405 1032 1527 1104 sed
1563 1060 1714 1125 me,
1755 1060 2190 1133 quamquam
2229 1035 2717 1135 indignissime

610 1171 836 1250 petar,
876 1176 1017 1220 non
1057 1170 1200 1219 tam
1240 1146 1385 1240 lex,
1431 1175 1650 1247 quam
1693 1148 1862 1222 ratio
1903 1149 2227 1248 prohibet
2270 1178 2314 1223 a
2357 1152 2714 1225 conviciis.

608 1266 759 1363 Ego
809 1264 998 1335 hunc
1049 1262 1361 1335 amicum
1412 1260 1688 1364 semper
1731 1265 2009 1363 optavi,
2065 1264 2278 1337 etiam
2327 1288 2717 1365 antequam

610 1407 831 1453 essem
856 1405 1071 1467 socer,
1098 1400 1168 1451 et
1191 1378 1416 1469 colui,
1449 1399 1515 1452 et
1538 1380 1806 1479 aliquid
1829 1380 2042 1453 etiam
2069 1406 2278 1481 supra
2299 1380 2472 1454 vires
2499 1382 2721 1455 facul·

611 1516 831 1567 tatum
869 1520 1187 1566 mearum
1207 1552 1226 1583 ,
1254 1494 1325 1565 in
1354 1494 1763 1595 excipiendo
1792 1521 1909 1583 eo,
1939 1482 2147 1567 ausus
2173 1522 2355 1567 sum.
2381 1498 2616 1595 Atque
2643 1497 2718 1570 id

614 1636 726 1681 me
767 1608 1002 1681 fecisse
1052 1630 1210 1681 ante
1254 1608 1496 1681 omnia
1537 1608 1894 1699 confiteor,
1939 1629 2014 1680 ut
2043 1607 2384 1708 potiorem
2425 1608 2722 1683 haberet

615 1725 763 1799 filia
791 1752 950 1799 mea
970 1741 986 1770 ¹
1014 1754 1029 1797 :
1067 1752 1259 1797 nunc
1286 1751 1446 1797 vero
1477 1752 1640 1799 eum
1675 1724 1852 1797 mihi
1879 1726 2160 1797 fortuna
2192 1726 2340 1826 ipsa
2369 1752 2718 1825 generum

614 1839 837 1929 dedit,
864 1869 1077 1941 quem
1114 1840 1416 1913 maxime
1453 1840 1836 1940 diligebam
1863 1868 1876 1912 :
1913 1861 2052 1914 tota
2085 1842 2316 1941 itaque
2344 1842 2534 1932 haec,
2559 1870 2716 1943 quae

616 1982 740 2055 pro
773 1956 1175 2029 innocentia
1216 1984 1375 2028 mea
1406 1955 1803 2046 adhibetur,
1843 1983 1987 2029 non
2021 1977 2164 2029 tam
2200 1956 2516 2030 defensio
2555 1960 2714 2049 erit,

616 2097 829 2167 quam
862 2070 1267 2143 satisfactio:
1300 2070 1581 2143 fortasse
1606 2068 1968 2142 detrectet:
1999 2069 2120 2143 sed
2145 2090 2384 2143 tamen
2409 2070 2712 2163 audebo,

614 2212 703 2257 ne
739 2212 866 2259 nos
894 2184 1208 2257 fastidiat.
1241 2186 1402 2257 Non
1424 2210 1584 2255 sum
1609 2182 1902 2283 quidem
1925 2182 2270 2283 locuples,
2303 2184 2426 2257 sed
2455 2207 2714 2284 quotus

616 2298 955 2398 quisque?
997 2298 1199 2398 inops
1234 2325 1480 2389 censu,
1515 2299 1637 2371 sed
1670 2298 1968 2397 integer,
2011 2299 2157 2373 sine
2191 2288 2524 2389 crimin'e,
2567 2300 2716 2373 sine

616 2416 937 2490 fabula²z
976 2443 1120 2490 nou
1152 2414 1485 2516 indignus
1513 2414 1888 2517 aliquando
1922 2415 2086 2490 huic
2114 2415 2302 2490 diviti
2336 2416 2560 2508 visus»,
2597 2416 2714 2516 qui

614 2533 882 2606 amicus
922 2559 1200 2605 vocarer
1242 2560 1258 2602 ι
1310 2531 1399 2604 ad
1448 2531 1555 2632 cuj
1567 2559 1646 2604 us
1688 2557 1946 2605 mensae
1984 2558 2267 2632 quoque
2311 2531 2714 2604 societatem

618 2649 985 2721 abundans
1016 2667 1083 2720 et
1107 2645 1417 2749 locuples
1449 2646 1836 2737 accederet,
1863 2666 1929 2718 et
1953 2647 2370 2720 existimaret
2401 2648 2555 2719 fore
2587 2647 2714 2718 hoc

617 2791 897 2864 quoque
924 2763 1107 2837 inter
1124 2789 1361 2836 causas
1382 2761 1738 2851 amicitiae,
1764 2762 1820 2834 si
1839 2761 2186 2836 coenulam
2219 2763 2418 2836 diviti
2449 2789 2716 2863 pauper

614 2880 911 2968 fecisset,
936 2906 1081 2952 non
1108 2878 1302 2952 illam
1328 2878 1609 2950 beatam
1627 2935 1647 2968 ,
1682 2904 1810 2950 nec
1838 2876 2122 2975 qualem
2149 2877 2264 2951 hic
2287 2897 2542 2977 potest,
2575 2903 2714 2949 non

615 2993 1016 3068 instructam
1054 2993 1488 3068 ministeriis:
1521 2992 1706 3066 unde
1743 2991 1930 3066 enim
1967 2992 2171 3064 nobis
2199 2991 2443 3064 omnia
2477 2991 2716 3090 profe-

618 3110 829 3180 renda
848 3108 875 3154 ³
908 3133 1070 3181 sunt
1104 3111 1175 3181 in
1205 3111 1519 3182 medium
1539 3169 1557 3201 ,
1587 3137 1810 3210 quum
1840 3109 2217 3208 praesertim
2245 3108 2366 3181 iste
2399 3134 2530 3180 nos
2557 3135 2718 3209 pro-

616 3285 675 3323 ut
708 3271 852 3323 Decl.
886 3273 1091 3326 OCCV:
1132 3297 1155 3318 a
1174 3291 1327 3324 sume
1360 3273 1624 3326 carnifici·
1777 3289 1827 3324 a.
1851 3273 1978 3325 Sine
1989 3270 2202 3344 fabula.
2225 3273 2294 3323 Ut
2311 3269 2462 3324 Deci.
2483 3269 2712 3341 pra-ted.

620 3375 647 3398 ιι
664 3352 919 3406 animum.
940 3375 963 3398 ιο
982 3352 1198 3405 Senum.
1214 3354 1482 3420 Iracundi,
1498 3355 1626 3426 quia
1709 3373 1732 3400 ι
1755 3351 1912 3404 Nulla
1939 3351 2120 3404 fabula
2143 3365 2265 3404 ante
2288 3365 2504 3424 partun
2533 3365 2714 3404 secuta

618 3442 794 3503 mpla,
820 3430 1001 3486 AErod.
1424 3443 1432 3448 ·
1709 3455 1732 3480 ιι
1751 3447 1847 3486 est.
1868 3455 1892 3481 ι»
1915 3433 1982 3485 Et
1999 3433 2194 3486 OOCVI
2215 3454 2228 3483 ε
2251 3455 2276 3480 ι
2295 3433 2408 3486 Cur
2423 3433 2478 3483 in
2501 3432 2716 3485 fabulas

694 3530 738 3564 1.
766 3513 832 3565 Ut
850 3515 1107 3586 potiorem
1128 3511 1471 3587 habeoetfila'a
1489 3531 1622 3566 mea.
1711 3535 1734 3560 ιι
1755 3528 1856 3566 eat.
1879 3539 1901 3562 a
1927 3543 2000 3556 --
2025 3513 2310 3568 Coenulam.
2347 3517 2412 3567 Et
2445 3513 2558 3566 hoc
2589 3531 2716 3587 pro-

618 3595 891 3662 AErodius,
918 3607 977 3646 ut
1000 3597 1253 3667 potiorem
1278 3615 1363 3649 me
1386 3597 1621 3649 haberet.-
1704 3598 1845 3668 prio,
1867 3595 1974 3648 vid.
1999 3595 2069 3648 ad
2093 3599 2304 3648 Petrou.
2329 3595 2516 3646 xxvl.

620 3673 687 3726 ad
728 3674 859 3727 alios
901 3677 1063 3728 refert
1088 3697 1103 3728 ε
1148 3687 1207 3728 ut
1240 3678 1478 3749 potentia
1519 3680 1624 3750 ejus
1773 3677 1824 3728 3.
1841 3678 2004 3731 Nobis
2015 3679 2194 3731 munia
2209 3677 2546 3750 proferenda.
2573 3677 2714 3730 Unde

619 3759 863 3809 maritum
880 3761 1137 3830 potiorem
1164 3759 1381 3812 haberet.
1399 3757 1536 3810 vide
1553 3775 1622 3810 an
1701 3759 1844 3810 enim
1859 3759 2036 3812 nobis?
2051 3761 2234 3811 omnia
2247 3759 2572 3832 proferendo
2583 3798 2600 3824 ,
2615 3773 2710 3812 ete.

616 3851 729 3888 non
746 3837 809 3888 sit
826 3837 989 3889 tutius
1007 3859 1021 3887 ε
1044 3847 1103 3888 ut
1119 3850 1403 3909 patronum
1421 3835 1626 3890 habent
1701 3839 1961 3892 Obrecht.
1979 3839 2070 3893 sed
2081 3840 2440 3910 Schultingius
2455 3839 2714 3913 (undique

604 3911 735 3986 filia
750 3915 1140 3967 meassnottJm
1156 3919 1315 3968 etiam
1328 3915 1621 3986 schultinss.
1703 3919 1844 3970 enim
1864 3919 2010 3970 nobis
2031 3938 2079 3972 ο.
2101 3936 2158 3989 p.
2183 3937 2220 3972 s.
2250 3919 2284 3969 ι’.
2305 3937 2376 3970 m.
2403 3937 2457 3990 q.
2475 3939 2534 3991 p.
2563 3923 2602 3972 ἰ.
2629 3935 2712 3970 nos

621 3997 935 4065 conjecerat.
984 3995 1052 4046 Ut
1086 4003 1424 4066 prote-etonem
1441 4035 1457 4062 ,
1491 3995 1621 4048 Obr.
1701 3999 1916 4070 propius
1953 4015 2062 4050 non
2099 3996 2438 4073 ooqnoven't)
2475 4011 2532 4050 et
2577 4011 2712 4050 eme

620 4075 767 4146 quod
780 4077 1173 4148 minueelegans
1184 4090 1237 4130 et
1246 4095 1434 4150 parum
1445 4078 1619 4131 latine.
1703 4081 1926 4150 primam
1949 4080 2113 4132 fuisse
2135 4079 2426 4142 coenulam,
2451 4097 2614 4152 quam
2637 4077 2714 4128 di-

622 4157 1004 4212 *Adhibet-r.
1036 4162 1148 4234 Rip.
1170 4159 1506 4215 adhibebitur.
1529 4161 1618 4213 En.
1701 4162 1793 4214 viti
1815 4163 2014 4215 faceret
2035 4179 2258 4236 pauper,
2281 4179 2344 4214 ex
2367 4159 2707 4234 nequet-abne
