2855 4871
562 344 689 427 264
1068 344 1161 419 M·
1209 344 1460 413 FA1311
1505 343 2142 427 an‘rmlml

559 462 761 537 nulla
788 462 1029 551 dilatio
1063 484 1183 549 est.
1216 463 1411 554 Quid
1439 485 1506 537 te
1533 464 1792 537 movit?
1821 464 1996 564 quid
2019 467 2310 540 attulisti
2337 468 2428 540 ad
2445 471 2634 573 judi-

564 578 761 652 cem?
782 578 915 650 hoc
943 577 1137 651 enim
1155 578 1304 660 vult
1327 578 1438 651 lex
1455 578 1646 678 prius
1670 579 1878 658 etiam
1901 582 2270 680 approbari
2295 584 2428 683 ipsi
2449 611 2637 657 accu-

562 696 795 769 satori.
829 698 1011 795 Ergo
1042 695 1249 777 etiam
1278 696 1598 797 voluntas
1633 696 1802 797 legis
1841 724 1966 797 pro
1999 698 2200 773 nobis
2237 721 2372 791 est,
2409 722 2473 773 et
2497 728 2636 775 non

564 833 843 885 tanturn
885 810 1257 909 scriptum,
1297 811 1489 910 quod
1517 811 1680 893 satis
1718 834 1866 890 erat
1897 840 1912 885 :
1955 812 2088 889 nisi
2121 814 2224 887 ita
2253 814 2638 888 recedamus

564 930 656 1001 ab
703 955 783 1001 eo
804 943 855 1018 ¹,
905 927 1093 1024 quod
1138 948 1413 1027 propter
1457 949 1524 999 te
1568 950 1887 1013 nostrum
1929 950 2068 1018 est,
2122 950 2204 1001 ut
2245 932 2638 1005 concessisse

564 1042 951 1115 videamur.
982 1041 1120 1113 Sed
1151 1062 1227 1127 ut
1251 1041 1698 1134 transissetiS,
1729 1068 2004 1133 rursuS,
2031 1042 2107 1119 id
2127 1043 2322 1143 quod
2350 1043 2633 1133 dicebat,

566 1184 793 1260 quum
838 1178 1189 1256 suspectus
1233 1180 1405 1241 esset
1445 1184 1600 1237 reus
1619 1212 1638 1247 ‚
1685 1158 1854 1239 honi
1895 1179 2042 1233 erat
2080 1159 2246 1233 civis
2286 1186 2632 1233 accusare:

568 1300 801 1381 neque
838 1272 1039 1353 aliter
1081 1293 1253 1359 stare
1294 1274 1479 1372 leges
1525 1295 1848 1373 possunt,
1898 1300 2127 1374 neque
2169 1274 2369 1353 aliter
2403 1276 2636 1351 civitas.

568 1386 936 1471 Accusavi:
970 1386 1143 1486 quid
1171 1386 1451 1487 postea?
1479 1388 1813 1486 quoniam
1845 1387 2060 1472 homo
2089 1388 2357 1462 occisus
2382 1389 2640 1465 videba-

568 1522 728 1575 tur:
772 1500 885 1571 hic
929 1522 1163 1573 tamen
1206 1502 1430 1600 perire
1467 1501 1730 1601 potuit,
1771 1522 1840 1575 ot
1869 1502 2090 1575 occidi
2123 1504 2391 1604 potuit,
2431 1525 2498 1583 et
2523 1504 2638 1577 hoc

564 1615 949 1716 indignum
984 1638 1103 1689 est.
1130 1618 1455 1704 Primum
1485 1616 1808 1691 omnium
1843 1617 2102 1704 durum
2133 1640 2266 1712 est,
2301 1646 2516 1693 unam
2541 1621 2640 1695 in-

574 1733 713 1805 dici
739 1734 1018 1833 utrique
1037 1736 1395 1807 fortunam
1414 1790 1433 1824 ‚
1461 1754 1529 1805 et
1547 1732 1768 1815 occidi
1790 1732 2158 1819 hominem
2176 1792 2196 1827 ‚
2217 1735 2390 1834 quia
2411 1734 2636 1832 aliquis

574 1850 796 1922 occidi
819 1850 1157 1949 potuerit:
1184 1850 1398 1951 hujus
1422 1849 1640 1949 culpae
1671 1849 1766 1921 ita
1782 1864 1807 1894 ²
1839 1876 2098 1949 magna
2119 1877 2322 1951 poena
2347 1871 2479 1943 est,
2501 1877 2642 1922 cau-2

575 1990 727 2037 sam
756 1963 1045 2037 edicitis.
1078 1965 1352 2037 Deinde
1380 1965 1513 2037 hoc
1547 1990 1690 2036 non
1719 1984 1992 2038 tantum
2021 1965 2432 2039 accusatoris
2457 1965 2642 2063 culpa

574 2079 841 2169 factum
866 2101 997 2152 est:
1022 2080 1303 2152 for-tasse
1327 2080 1424 2152 ita
1441 2078 1731 2152 vixeras:
1766 2078 1987 2152 multa
2009 2077 2420 2178 petulanter,
2447 2077 2643 2149 multa

579 2215 835 2277 temere
847 2251 865 2285 ,
894 2196 1118 2267 multa
1135 2216 1419 2267 cruente
1441 2194 1905 2269 commiseraS.
1923 2194 2342 2293 Turpissimi
2360 2192 2642 2268 hominis

580 2330 1075 2408 argumentum
1101 2330 1201 2401 est
1226 2310 1670 2401 innocentem
1687 2334 1885 2409 posse
1911 2308 2271 2396 damnari:
2303 2336 2448 2395 non
2475 2309 2644 2393 enim

662 2577 707 2612 ῐ.
724 2561 843 2614 Nisi
854 2562 928 2614 ita
947 2561 1241 2616 recedamus
1258 2562 1321 2616 ab
1338 2581 1415 2616 eo.
1437 2563 1591 2615 AEro-
1671 2581 1774 2634 que
1799 2562 2006 2634 puniri,
2035 2579 2098 2613 ac
2120 2561 2295 2632 perire
2323 2557 2484 2612 simul
2513 2569 2648 2610 accu-⁸

585 2640 735 2694 dius:
756 2641 875 2694 Nisi
889 2661 919 2692 a
925 2645 1050 2714 jure
1071 2644 1386 2708 recedamus,
1410 2642 1586 2694 habeo.
1671 2654 1896 2694 satorem
1921 2655 1974 2692 et
1995 2659 2142 2692 reum
2159 2661 2173 2690 ε
2201 2637 2484 2710 cecidique
2503 2633 2648 2688 homi-

582 2718 718 2784 Alii,
740 2721 859 2774 Nisi
874 2723 1003 2792 jura
1036 2721 1400 2774 rescindamus.
1425 2721 1592 2773 Dein·
1668 2739 1790 2773 nem
1805 2758 1823 2787 ‚
1847 2739 1957 2773 non
1981 2721 2102 2790 quia
2125 2717 2315 2789 aliquis
2341 2719 2546 2770 occisus
2565 2716 2646 2776 sit,

586 2797 682 2850 de:
712 2799 817 2850 Sed
842 2812 901 2851 ut
932 2801 1185 2852 transisset
1215 2799 1307 2867 lis,
1344 2819 1510 2852 rursus
1536 2797 1592 2850 id
1671 2794 1765 2854 sed
1785 2801 1908 2870 quia
1925 2799 2129 2871 legibus
2149 2797 2322 2850 occidi
2339 2797 2650 2869 potuerit‚et

582 2876 730 2946 quod
764 2877 1012 2938 dicebam.
1054 2877 1189 2935 Mihi
1228 2878 1549 2934 nascebatur
1573 2897 1587 2928 ε
1673 2883 1908 2953 quamvis
1925 2919 1941 2946 ‚
1971 2883 2258 2945 innocens,
2279 2890 2553 2950 suspectus
2579 2885 2647 2924 u·-

583 2955 747 3006 Nunc
788 2967 847 3006 ut
888 2956 1177 3008 recedamus
1214 2958 1281 3008 ab
1318 2976 1412 3023 eo,
1450 2951 1596 3029 quod
1671 2980 1826 3025 men,
1855 2958 1974 3011 ideo
2005 2959 2284 3010 damnatus
2307 2969 2360 3008 et
2383 2957 2646 3008 convictus.

580 3032 791 3104 proprie
820 3044 1043 3091 nostrum
1076 3046 1148 3086 est
1160 3071 1178 3099 ,
1212 3046 1271 3086 ut
1304 3034 1594 3088 concessisse
1669 3041 1852 3092 AEnon.
1871 3039 2078 3090 Durum
2097 3048 2170 3090 cst
2187 3054 2294 3089 uon
2313 3053 2480 3088 unam
2497 3028 2645 3085 indici.

586 3111 884 3178 videamur,
922 3125 1095 3166 tamen
1134 3127 1257 3167 essct
1298 3133 1466 3172 rursus
1506 3115 1590 3181 ei,
1671 3119 1890 3171 sonum.

585 3191 731 3264 quod
753 3190 956 3243 diceret.
990 3192 1159 3260 Quum
1182 3205 1462 3264 suspectus,
1489 3207 1590 3246 etc.
1743 3213 1792 3248 2.
1822 3197 1993 3268 Hujus
2023 3193 2194 3267 cuipoe
2223 3194 2314 3245 ita.
2345 3192 2420 3244 H.
2455 3210 2498 3244 c.
2523 3191 2564 3242 si
2589 3187 2646 3237 ita

586 3271 822 3324 Gnouov.
864 3271 1084 3343 Proprie
1126 3285 1355 3330 nostrum
1376 3294 1393 3322 .-
1435 3274 1593 3328 etiam
1672 3293 1745 3327 m.
1766 3293 1822 3345 p.
1847 3293 1893 3326 e.
1917 3291 2126 3328 causam
2150 3271 2350 3323 edicite.
2377 3271 2582 3322 Senum.
2599 3263 2649 3316 Si

586 3350 945 3421 Schultingius
960 3390 977 3417 ,
1008 3365 1061 3404 et
1076 3389 1093 3420 ‚
1123 3354 1211 3406 sed
1245 3365 1307 3406 ut
1338 3355 1594 3409 transisse-
1673 3365 1779 3408 tam
1800 3375 1996 3428 magua
2009 3371 2166 3426 poena
2184 3365 2282 3420 est,
2303 3369 2508 3404 causam
2523 3343 2648 3400 cedis

586 3449 716 3482 mus.
744 3449 783 3482 r.
812 3432 845 3482 i.
873 3450 924 3503 q.
948 3431 1196 3484 dicebam.
1219 3433 1321 3485 Sed
1346 3443 1406 3486 ut
1429 3446 1594 3487 traus—
1673 3435 1872 3501 dicitis,
1907 3431 2036 3486 ohr.
2071 3433 2242 3504 Hujus
2265 3431 2435 3503 mlpoe
2467 3447 2561 3482 non
2586 3423 2648 3474 ἕω

586 3514 702 3565 isset
718 3513 759 3564 is
778 3532 974 3579 rursus,
996 3515 1050 3565 id
1067 3515 1205 3589 quod
1224 3514 1437 3582 licebat,
1460 3515 1590 3568 Obr.
1674 3531 1748 3564 m.
1767 3531 1824 3584 p.
1845 3531 1889 3563 e.
1915 3531 2076 3584 quam
2101 3511 2156 3562 in
2175 3527 2260 3560 me
2281 3508 2476 3574 dicitis,
2495 3498 2646 3558 AErod.

587 3623 659 3634 —
684 3591 944 3663 Quoniam
980 3592 1151 3648 homo.
1190 3595 1447 3666 Quoniam
1485 3615 1596 3648 non
1673 3619 1746 3630 —
1787 3591 1914 3642 Non
1953 3591 2094 3642 anim
2133 3587 2278 3640 dicit.
2317 3587 2494 3656 Lege,
2528 3578 2646 3634 dicis·

586 3671 751 3725 habet
783 3671 959 3724 AErod.
993 3701 1063 3713 —-
1093 3673 1293 3728 Durum
1328 3685 1401 3727 est
1433 3693 1594 3726 unam
1673 3669 1910 3722 Gnosov.
1939 3697 2012 3707 -
2039 3669 2124 3718 Ita
2159 3685 2268 3720 non
2301 3663 2551 3718 erubescis.
2579 3657 2650 3708 Ita

588 3751 751 3805 indici
766 3753 971 3824 utrique
975 3751 1270 3824 for-tunam.
1288 3755 1482 3807 Sensus
1497 3767 1594 3818 est,
1675 3745 1818 3818 (non
1837 3745 2144 3818 erubescisi')
2164 3744 2426 3800 homicida
2450 3743 2568 3795 visus
2585 3754 2648 3798 ὅ)

589 3835 753 3904 Atqui
792 3835 1047 3884 innocens
1090 3831 1262 3896 occidi
1298 3835 1504 3902 potuit,
1541 3833 1598 3884 ni
1677 3829 1807 3884 Obr.
1845 3859 1914 3872 α·-
1949 3831 2076 3884 Non
2115 3829 2354 3880 omnium
2399 3819 2645 3878 sententia

590 3912 728 3962 intra
746 3913 1069 3964 tricesimum
1091 3911 1232 3967 diem
1254 3929 1413 3981 poena
1437 3910 1600 3962 dilata
1677 3910 1930 3960 Francius
1963 3907 2158 3960 clarius
2187 3904 2416 3978 putabat
2453 3904 2586 3962 fore,
2611 3909 2648 3944 ⁸¹

594 4003 759 4055 esset,
776 3991 921 4061 quod
935 4004 1077 4044 certe
1096 3989 1369 4061 indiguum
1384 4002 1480 4046 est.
1497 3988 1601 4042 Sed
1677 3987 1958 4058 legeretur,
1975 4005 2084 4040 nou
2101 3984 2341 4039 omnium
2359 3983 2464 4039 istoe
2476 3985 2646 4035 sumn?

594 4063 729 4118 iuud
749 4069 1011 4139 indignius
1030 4084 1084 4123 et
1102 4068 1344 4122 acerbius
1356 4107 1375 4136 ‚
1396 4081 1601 4120 utrum-
1681 4068 1786 4119 tioe.
1798 4118 1827 4130 ⁸
