2855 4871
360 2204 383 2233 ἱ

608 434 737 522 296
1106 434 1202 495 Μ.
1252 430 1500 495 mnu
1547 429 2194 511 Qnm'rtmmr·
2252 426 2260 435 ·

604 557 866 628 obstitit
888 554 1088 628 tacita
1108 552 1402 627 natura?
1426 578 1567 625 non
1593 552 1947 652 sanguinis
1965 554 2123 654 jus?
2148 582 2290 627 non
2317 554 2670 627 sceleribus

606 698 854 743 manus
879 698 1033 743 suas
1057 670 1340 773 objecit,
1372 694 1804 766 quaecunque
1834 690 1933 741 est
1957 669 2115 759 illa,
2144 696 2294 769 quae
2319 691 2506 742 certe
2535 696 2674 741 cre-

554 864 562 871 ,
604 782 788 859 ditur
812 814 990 878 esse,
1021 784 1275 885 pietas?
1300 785 1580 855 fratrem
1611 784 1917 855 occisum
1952 811 2095 856 non
2121 784 2461 856 succurrit
2491 811 2670 855 com-

604 902 842 995 munis
867 900 1141 973 uterus?
1163 925 1306 971 non
1336 897 1580 969 eadem
1607 924 1812 970 causa
1837 898 2027 971 vitae?
2051 925 2194 969 non
2223 926 2362 969 una
2388 898 2674 998 primor-

601 1016 756 1089 dia?
781 1046 923 1089 non
945 1017 1100 1107 illa,
1128 1042 1277 1114 quae
1296 1016 1590 1087 alien0s¹
1621 1015 1830 1087 etiam
1855 1042 1934 1088 ac
1961 1015 2155 1087 nulla
2183 1014 2672 1087 necessitudine

600 1134 779 1205 inter
808 1161 880 1206 se
909 1134 1312 1234 conjunctos
1344 1157 1763 1230 componere
1783 1149 1853 1201 et
1877 1130 2294 1229 adstringere
2322 1128 2672 1202 affectibus

597 1271 850 1349 potest,
883 1249 1317 1352 consuetudo,
1341 1269 1502 1320 actae
1533 1246 1787 1347 pariter
1819 1246 2166 1335 infantiae,
2204 1248 2520 1347 pueritiae
2551 1268 2675 1317 stu-

596 1360 747 1453 dia,
773 1363 996 1452 lusus,
1021 1362 1311 1454 tristitia,
1332 1361 1516 1464 joci?
1541 1361 1863 1434 Membra
1885 1362 2166 1435 hercule
2187 1364 2368 1435 inter
2391 1390 2464 1434 se
2491 1362 2674 1433 citius

599 1478 1093 1577 pugnaverint,
1134 1500 1203 1550 et
1228 1477 1285 1549 si
1317 1477 1564 1577 quain
1603 1477 1802 1549 nobis
1837 1500 2082 1549 natura
2121 1478 2545 1577 geminavit,
2577 1476 2672 1546 di-

596 1618 822 1661 versos
848 1591 1161 1690 ceperint
1183 1591 1503 1663 affectus:
1537 1618 1702 1661 nam
1730 1590 1904 1689 quid
1919 1612 2019 1663 est
2042 1591 2242 1663 aliud
2263 1591 2672 1675 fraternitaS,

597 1732 814 1803 quam
856 1706 1113 1777 divisus
1157 1704 1476 1804 spiritus?
1517 1726 1584 1776 et
1615 1731 1770 1803 quae
1807 1704 1894 1776 ad
1933 1706 2226 1777 tuendos
2268 1732 2399 1777 nos
2443 1725 2676 1777 natura

598 1846 915 1892 concessa
942 1841 1139 1913 sunt,
1176 1820 1670 1918 multiplicata3
1709 1846 1792 1891 eo
1823 1820 2116 1919 quidem
2153 1820 2429 1892 felicius
2452 1878 2472 1911 ,
2501 1816 2672 1918 quod

598 1936 874 2013 diversis
908 1940 1117 2011 etiam
1146 1936 1618 2011 assistentibus
1650 1937 1817 2009 ldcis
1834 1951 1886 2025 ²,
1920 1962 2063 2009 esse
2089 1938 2302 2009 iidem
2324 1994 2345 2027 ,
2375 1964 2460 2009 ac
2495 1936 2676 2035 plura

596 2052 812 2125 simul
845 2055 1039 2127 obire
1067 2055 1436 2155 possimus.
1471 2053 1656 2159 Huic
1689 2055 2182 2126 necessitudini
2217 2054 2338 2151 qui
2369 2055 2536 2125 d'are
2567 2078 2673 2121 ve-

599 2192 867 2239 nenum
901 2190 1153 2267 potest,
1184 2196 1326 2241 non
1358 2168 1595 2240 oculos
1623 2168 1908 2241 effodiet
1933 2168 2136 2241 suos?
2165 2195 2310 2239 non
2339 2194 2590 2241 manus
2613 2166 2672 2235 in

592 2282 849 2354 viscera
869 2310 992 2354 sua
1016 2284 1345 2355 armabit?
1372 2283 1586 2355 habet
1615 2310 1774 2384 ergo
1800 2284 1931 2355 hoc
1958 2284 2310 2383 primum,
2331 2304 2418 2355 ut
2445 2281 2680 2382 parcis-

558 2404 563 2409 “
596 2395 772 2469 sime
806 2396 1097 2469 dixerim
1119 2457 1137 2489 ,
1172 2398 1724 2472 admirationem.
1760 2403 2005 2498 Neque
2037 2426 2166 2498 ego
2193 2398 2481 2498 ignoro,
2503 2394 2677 2498 judi·-

598 2538 749 2601 ces,
792 2535 1053 2612 quanto
1098 2542 1212 2586 me
1252 2541 1465 2587 onere
1508 2541 1863 2615 premam:
1913 2515 2057 2614 ipse
2101 2513 2449 2586 confiteor·
2484 2510 2678 2583 nullis

598 2628 991 2728 suppliciis,
1021 2629 1233 2703 nullis
1265 2632 1521 2729 poenis,
1561 2630 1766 2703 nulla
1796 2657 1908 2703 me
1945 2631 2272 2704 omnium
2309 2627 2676 2700 hominum

598 2742 699 2814 ira
726 2771 922 2843 posse
946 2746 1253 2843 pensari,
1288 2747 1347 2817 si
1372 2745 1530 2817 feci.
1555 2747 1731 2819 Vult
1757 2745 2122 2818 detrahere
2137 2743 2544 2816 fraternitati
2570 2766 2680 2812 au·

678 2963 722 2998 1.
742 2949 867 3002 Non
888 2947 985 3000 itta
1000 2950 1331 3017 consuetudo,
1348 2966 1467 3024 qaoe
1481 2948 1608 3003 alie-
1687 2954 1776 3006 vit.
1803 2955 1872 3005 Ut
1893 2952 2112 3006 brachia
2128 2991 2144 3018 ‚
2169 2951 2366 3024 pedes,
2395 2965 2501 3004 ete.
2529 2963 2678 3020 quare

600 3045 708 3079 nos.
731 3028 953 3081 Videtur
977 3051 1075 3082 vox
1098 3033 1411 3085 consuetudo
1439 3031 1609 3084 abun·
1687 3031 1822 3084 male
1857 3033 2176 3104 qermt‘mwit
2222 3031 2328 3082 alii.
2373 3061 2449 3070 —
2493 3027 2681 3080 Diuisus

596 3107 755 3172 dare,
774 3123 829 3161 et
852 3109 1187 3162 scribendum
1205 3135 1219 3164 ε
1248 3131 1355 3165 non
1380 3133 1486 3165 una
1504 3114 1612 3187 pri·
1686 3115 1906 3184 spiritus.
1957 3111 2162 3164 Divisus
2205 3111 2419 3184 quidam
2472 3110 2678 3182 spiritus.

594 3189 835 3242 nordio?
848 3209 955 3246 non
968 3189 1067 3242 itta
1080 3193 1101 3261 (
1108 3211 1226 3266 qua
1238 3193 1439 3248 alienos
1449 3195 1609 3248 etiam

596 3286 661 3318 ac
707 3267 860 3318 nulla
905 3269 1274 3323 necessitudine
1314 3275 1615 3344 conjunctos

596 3365 907 3418 componere
929 3359 983 3400 et
999 3350 1313 3424 adstrinyere
1334 3353 1612 3424 affectibus

596 3429 795 3500 potest)
816 3433 1127 3484 consuetudo
1150 3445 1279 3485 actoe
1301 3434 1501 3504 pariter
1524 3436 1610 3486 in-

588 3503 786 3574 fantioe
802 3546 819 3572 ‚
862 3511 1097 3578 pueritiae
1114 3512 1140 3560 P
1174 3511 1359 3563 Studia
1376 3551 1393 3578 ,
1435 3511 1574 3573 lasus
1587 3549 1607 3578 ,

600 3588 807 3638 tristitia
821 3627 839 3654 ,
848 3593 965 3662 joci
977 3593 1004 3641 Ρ
1020 3590 1181 3658 Quod
1199 3607 1377 3644 autem
1396 3595 1611 3666 irrepsit

600 3668 653 3718 in
692 3669 989 3724 Pithoeanas
1026 3673 1179 3724 nulla
1214 3677 1606 3744 consuetudine,

602 3746 875 3799 sciendum
916 3763 969 3801 et
1009 3750 1154 3822 apud
1192 3751 1520 3806 'rhaddaeum
1555 3767 1608 3806 et

599 3824 745 3893 apud
768 3825 1039 3879 AErodium
1068 3827 1171 3900 legi
1206 3833 1605 3898 necessitudine,

602 3919 661 3956 ut
692 3905 825 3959 illud
857 3927 1139 3980 operarum
1166 3912 1352 3964 vitium
1383 3931 1498 3964 esse
1529 3914 1608 3963 vi-

602 3981 807 4037 deatur.
836 3987 1008 4039 Grion.
1044 3987 1265 4041 Sustulit
1296 3991 1606 4042 consuetudo

602 4061 735 4114 Obr.
772 4093 843 4105 —-
880 4067 1113 4122 Tristitia
1132 4109 1151 4136 ,
1179 4071 1311 4142 joci.
1356 4071 1607 4123 Francius

604 4143 859 4213 malebat,
883 4147 1070 4202 Ioetitia
1084 4187 1105 4216 ,
1113 4151 1247 4221 joci.
1272 4181 1343 4192 —
1364 4151 1608 4204 Gemina-

1691 3191 1907 3244 Scmwr.
1941 3189 2148 3244 Divisus
2173 3209 2272 3264 per
2297 3191 2425 3244 duos
2453 3190 2679 3260 spis-itm,

1687 3271 1958 3322 Francius.

1763 3366 1808 3399 2.
1836 3348 2058 3401 Diversis
2079 3347 2238 3401 etiam
2261 3346 2598 3400 assistentibus
2618 3341 2684 3394 Io-

1687 3428 1775 3479 cis.
1797 3429 2024 3480 Forsan:
2052 3427 2256 3481 diversis
2281 3427 2438 3478 etiam
2465 3444 2529 3478 ac
2551 3423 2680 3474 dissi-

1689 3509 1922 3561 dentibus
1931 3508 2400 3562 tociacum—Al.
2413 3509 2678 3560 existentes·

1691 3587 1835 3638 Pri-n.
1861 3590 1975 3652 An,
1999 3589 2156 3638 etiam
2185 3605 2290 3638 non
2321 3581 2684 3638 assistentibus?

1686 3667 1770 3718 vel
1787 3705 1803 3731 ‚
1827 3669 2028 3722 diversis
2052 3671 2211 3720 etiam
2235 3667 2552 3724 absistentes,
2577 3660 2684 3726 vel,

1688 3747 1986 3802 insistentes.
2027 3751 2246 3802 Senum.
2283 3747 2506 3800 Diversis
2536 3745 2682 3796 etiam

1686 3828 1988 3881 exsistentes.
2020 3827 2197 3894 Locis,
2225 3825 2357 3880 Obr.
2391 3827 2581 3887 Forte,
2608 3819 2686 3871 di-

1688 3909 1819 3960 versi
1857 3911 2014 3961 etiam
2055 3927 2120 3961 ac
2159 3908 2402 3961 distantes
2437 3905 2576 3957 locis.
2613 3902 2686 3952 Do

1685 4005 1819 4038 voce
1833 3988 2074 4052 diversus,
2087 3987 2190 4039 vid.
2207 3983 2278 4038 ad
2291 3983 2448 4039 ovid.
2463 3985 2560 4053 Ep.
2577 3980 2682 4042 ΧΠ,

1693 4067 1819 4134 ι45ς
1841 4068 1926 4119 vel
1949 4069 2092 4139 lege,
2116 4067 2502 4120 dives-sisetiam
2524 4079 2587 4113 ac
2607 4059 2682 4112 di-

1683 4149 1935 4204 stantibus
1947 4149 2087 4203 locis.
2103 4179 2168 4190 -
2179 4148 2363 4202 Iidem.
2381 4146 2464 4200 Al.
2481 4142 2677 4197 ibidem·
