2855 4871
406 440 1243 509 DECLAMATIONES.
1289 443 1961 518 CCCLXXXVLII.
2099 450 2224 520 518

152 584 280 637 est:
310 564 482 663 quid
510 565 811 655 mirum,
835 565 962 637 ubi
983 565 1219 665 piratae
1242 566 1624 665 vagantur?
1655 571 1855 661 Quid
1883 594 1959 647 tu
1988 602 2222 673 porro,

148 680 431 779 impune
462 706 641 778 saepe
682 680 937 752 maria¹
977 680 1195 783 trajici
1224 681 1467 781 putas?
1497 709 1642 755 non
1674 687 1908 761 minus
1941 716 2230 787 possum

149 796 365 869 dicere
394 796 705 868 alienum
742 796 988 888 fuisse,
1020 824 1234 895 quam
1262 820 1468 871 tuum
1501 800 1730 873 filium
1763 831 1777 873 :
1823 805 2022 903 signa
2061 834 2230 881 con-

147 914 294 985 fusa
330 934 535 985 sunt:
579 913 795 985 immo
834 913 1231 987 credibilius
1258 934 1393 1005 est,
1430 918 1748 1018 naufragi
1781 920 1992 993 fuisse
2025 922 2232 1018 (litus

146 1030 327 1101 enim
373 1054 765 1120 amomum,
814 1056 959 1102 non
1008 1030 1285 1103 infestos
1328 1030 1651 1131 scopulos
1694 1034 1944 1133 habet>
1987 1039 2230 1137 utique

144 1164 287 1242 post
326 1170 585 1243 paucos
632 1143 812 1235 diez,
858 1170 1083 1243 quum
1126 1144 1311 1218 dicas
1358 1147 1726 1244 expulsum
1764 1176 1779 1221 :
1823 1149 2030 1221 illum
2068 1176 2228 1225 vero

144 1256 344 1357 longo
393 1280 699 1358 tempore
748 1286 891 1331 non
936 1260 1345 1358 expulsum,
1395 1261 1515 1333 sed
1557 1262 1984 1337 advolutum.
2032 1268 2232 1358 Quo-

143 1374 347 1446 modo
388 1394 619 1445 autem
661 1374 894 1473 potuit
934 1376 1224 1445 confusa
1266 1376 1446 1447 facie
1487 1376 1812 1475 agnosci?
1853 1383 2073 1467 AEtaS‚
2119 1382 2231 1454 in-
2298 1436 2308 1445 ,

143 1489 314 1585 quit,
344 1488 795 1561 conveniebat
820 1516 836 1559 :
862 1487 996 1561 hoc
1023 1490 1201 1561 inter
1224 1512 1638 1589 argumenta
1661 1520 1820 1566 mea
1842 1494 2228 1569 minimum

142 1615 313 1691 est²;
361 1623 665 1674 statura:
714 1601 847 1675 hoc
891 1603 963 1674 in
1008 1603 1281 1675 actione
1325 1603 1478 1676 loci.
1525 1606 1764 1695 Quare
1806 1635 1967 1707 ergo
2010 1630 2228 1682 mater

140 1716 479 1815 sepelivit?
498 1716 764 1789 nescio:
794 1714 924 1789 hoc
946 1744 1174 1790 uuum
1195 1717 1348 1791 dico
1363 1773 1381 1808 ,
1406 1745 1554 1793 non
1573 1741 1890 1820 potuerat
1907 1723 2221 1823 agnosci:

135 1832 475 1906 festinavit
506 1832 579 1903 in
612 1833 821 1906 bona.

989 2043 1352 2111 SERMO.

212 2200 1149 2295 Summovimusperegrinum
1168 2201 1480 2269 cadaver:
1507 2220 1710 2271 restat
1732 2218 1807 2269 ut
1828 2200 2220 2271 inducamus

134 2304 359 2373 filium.

820 2454 1523 2521 DECLAMATIO.

216 2607 534 2697 Primus,
561 2607 825 2704 inquit,
851 2607 1049 2679 heres
1078 2608 1386 2705 sepultus
1412 2628 1548 2680 est:
1577 2607 1694 2680 hic
1719 2635 1881 2706 ergo
1905 2607 2062 2706 quis
2086 2606 2222 2679 est?

128 2721 359 2796 unde?
388 2748 527 2820 qua
557 2720 855 2792 fiducia?
883 2723 1073 2792 AEtas
1102 2721 1345 2794 eadem
1372 2743 1506 2794 est:
1544 2722 1760 2821 quid?
1789 2721 1845 2794 si
1869 2721 2041 2794 solet
2067 2721 2220 2820 qui-

126 2839 285 2911 dem
317 2835 451 2908 hoc
478 2857 969 2936 argumentum
1000 2835 1183 2936 apud
1216 2859 1279 2910 te
1300 2837 1566 2910 valere?
1587 2837 1709 2910 sed
1737 2866 1861 2910 cur
1884 2827 1962 2910 ex
1992 2865 2222 2938 aequa-

126 2951 311 3024 libus
338 2976 547 3022 nemo
572 2950 749 3024 alius
772 2951 955 3022 hanc
977 2977 1173 3049 spem
1197 2951 1538 3024 vindicat?
1562 2954 1696 3025 hoc
1720 2975 2220 3051 argumentum

126 3087 399 3138 transeo
426 3092 439 3135 :
472 3086 729 3138 statura
756 3067 1173 3163 suffragatur
1203 3094 1217 3138 ε
1253 3094 1381 3138 nec
1417 3065 1550 3140 hoc
1582 3095 1699 3140 me
1732 3088 2004 3140 movet:
2039 3089 2107 3140 et
2142 3089 2221 3142 tu

126 3181 265 3254 haec
293 3179 492 3252 dicis.
518 3179 651 3252 Sed
676 3180 819 3253 haec
843 3180 1110 3254 valeant
1127 3239 1146 3272 ,
1172 3181 1295 3253 ubi
1318 3177 1649 3254 confusus
1669 3203 1768 3255 est
1793 3182 2057 3271 vultu3‚
2087 3181 2214 3254 ubi

129 3294 549 3369 lineamenta
571 3295 743 3386 oris,
770 3296 1133 3368 oculorum
1155 3353 1175 3386 ‚
1206 3317 1273 3368 et
1291 3297 1535 3368 coloris
1562 3297 1980 3396 proprietas»,
2011 3295 2218 3394 capil-

130 3409 498 3510 lorumque
526 3412 804 3484 habitus
821 3469 841 3504 ,
868 3414 1106 3487 omnia
1134 3435 1405 3488 staturae
1431 3412 1608 3486 levia
1624 3411 1674 3484 ³.
1709 3415 1799 3484 At
1821 3410 2212 3484 similitudo

199 3631 243 3666 1.
267 3615 420 3684 Soepe
442 3615 628 3667 maria.
653 3615 881 3688 Semper.
906 3617 1125 3670 Senot-r.
1208 3620 1325 3672 Hoc
1352 3621 1407 3670 in
1437 3620 1640 3670 actione
1648 3617 1833 3688 jocus=
1867 3613 1922 3668 id
1955 3628 2064 3680 est,
2101 3634 2210 3668 non

126 3721 192 3730 —
226 3695 398 3766 Quam
439 3703 583 3745 tuum
610 3691 819 3765 filium.
862 3693 1031 3762 Quam
1073 3707 1131 3746 tu
1210 3713 1289 3750 est
1308 3699 1502 3751 serium
1520 3694 1912 3766 apudjudicem
1933 3712 2211 3760 argumen-

127 3781 265 3824 ταωνι
302 3773 356 3845 f.
404 3773 585 3824 AErod.
626 3801 695 3812 —
734 3774 858 3825 Non
902 3773 1127 3843 infestos.
1208 3773 1452 3840 tum‚sed
1471 3773 1624 3825 ludus
1640 3772 2034 3841 «θήσεται-[ιι
2057 3773 2208 3822 bono.

126 3853 297 3905 Etiam
316 3853 441 3916 ‚vel
458 3891 475 3919 ‚
506 3865 678 3905 tamen
697 3893 713 3914 ,
750 3853 973 3924 infestos.
1004 3855 1125 3908 Seu.
1207 3854 1418 3908 Malim:
1447 3855 1504 3903 in
1527 3853 1677 3902 bona.
1705 3855 1847 3903 Prrn.
1875 3849 2016 3902 Delr.
2039 3849 2105 3901 ad
2125 3849 2212 3900 Se-
2295 3877 2304 3884 -

194 3951 241 3984 2.
271 3934 565 3985 Minimum
593 3945 681 3986 est.
714 3934 1000 3986 Minimum
1026 3945 1125 4000 est,
1206 3953 1323 3986 nec.
1342 3930 1584 3986 Medeam
1610 3929 1738 3998 276,
1762 3927 1916 3998 legit,
1941 3947 2044 3979 non
2067 3939 2209 3999 pote-

126 4024 349 4066 statum.-
390 4013 486 4066 hoc
514 4014 570 4064 in
596 4016 830 4080 actione,
866 4027 924 4066 ut
956 4014 1125 4066 loeus.-
1208 4024 1289 4064 rat
1320 4010 1545 4083 aquoscr'.
1577 4006 1891 4068 Fesfr'navr'u
1923 4007 2008 4057 eui
2037 4009 2210 4060 bono?

130 4105 179 4141 ut
217 4105 623 4163 argumentum,
662 4091 809 4164 quod
846 4092 993 4144 nihili
1030 4106 1127 4144 est.
1209 4089 1353 4163 quod
1376 4087 1536 4140 dehet
1559 4085 1794 4138 AErotlio'.

128 4171 341 4226 Senum.
380 4174 496 4226 Hoc
528 4177 687 4228 inane
720 4173 806 4228 hic
838 4173 969 4239 Ioci,
997 4173 1127 4230 Obr.
1280 4169 1329 4221 3.
1345 4170 1569 4222 Staturoe
1585 4167 1734 4222 levia.
1750 4169 1860 4233 An,
1877 4164 2204 4236 plenaPScu.
