2855 4871
620 390 1464 457 DECLAMATmNES.
1513 370 1822 459 cccvl.
2139 418 2266 487 227

162 516 565 591 diffidentia
583 514 929 615 petitoris:
950 533 1109 586 ante
1132 516 1778 587 consummavimus
1795 517 2084 591 bellum.
2106 522 2268 595 Non

160 633 517 707 fraudabo
540 654 638 724 te,
659 631 971 732 juvenis,
992 628 1209 729 gloria
1232 652 1385 704 tua:
1414 653 1488 704 tu
1514 634 1764 735 fugasti
1791 634 2016 709 hostes
2035 652 2052 681 ¹
2081 666 2096 711 ε
2123 638 2272 713 feli-

164 778 319 840 ces,
354 750 412 823 si
440 749 565 849 qui
594 749 721 821 tibi
752 770 917 821 sunt
948 769 1263 847 parentes
1294 747 1307 819 !
1344 747 1620 821 utinam
1647 749 2010 823 credibilia
2035 754 2274 829 finxis-

164 867 317 941 ses!
358 866 720 955 effeceras,
758 886 835 937 ut
862 885 925 936 te
950 880 1283 963 cuperent
1314 890 1708 962 agnoscere.
1741 866 1876 938 Hic
1901 866 2072 941 libet
2099 869 2275 942 allo-

170 982 297 1079 qui
339 980 679 1081 juvenem
721 1007 737 1049 :
785 1000 861 1051 tu
908 978 1199 1076 quidem
1244 978 1512 1052 fortiter
1555 980 1778 1053 fecisti
1818 1007 1834 1052 :
1879 981 1999 1054 sed
2044 985 2278 1058 minor

170 1096 483 1195 corporis
506 1096 762 1170 virtus:
796 1092 953 1193 plus
982 1094 1181 1167 estin
1204 1094 1426 1167 animi
1451 1094 1960 1187 moderatione,
1990 1124 2078 1169 ne
2101 1098 2276 1196 quid

171 1211 501 1311 improbe
532 1230 761 1310 petae,
790 1237 881 1283 ne
904 1209 1195 1283 videaris
1230 1210 1356 1283 isto
1394 1211 1634 1283 animo
1677 1211 2000 1311 litigasse.
2043 1214 2272 1308 Licet,

170 1327 445 1423 inquit,
488 1326 671 1399 mihi
702 1346 966 1425 optare,
1002 1326 1195 1424 quod
1226 1326 1438 1401 velim
1470 1355 1485 1399 :
1523 1327 1806 1399 nullum
1843 1330 2278 1427 manifestius

172 1443 517 1543 improbae
549 1443 853 1543 optionis
876 1464 1373 1543 argumentum
1402 1466 1539 1535 est,
1569 1472 1784 1545 quam
1813 1446 1954 1517 vim
1987 1448 2124 1547 legi
2157 1448 2280 1521 ad-

173 1559 421 1633 hibere
452 1586 469 1629 ε
506 1558 663 1656 quis
688 1558 880 1631 enim
908 1558 1077 1631 dicit
1094 1614 1113 1648 ‚
1141 1584 1415 1631 necesse
1441 1560 1580 1632 est?
1614 1559 1736 1659 qui
1767 1560 1996 1633 dicere
2021 1582 2276 1661 potest,

174 1696 467 1774 oportet.
513 1678 674 1747 Non
718 1696 955 1747 tamen
1000 1675 1131 1746 hoc
1179 1696 1427 1748 natura
1469 1675 1744 1774 recipit,
1789 1696 1868 1747 ut
1905 1698 2046 1748 tam
2091 1680 2281 1777 gravi

175 1790 499 1863 servitute
520 1788 699 1890 juris
725 1788 1163 1861 obstrinxerit
1190 1788 1697 1888 rempublicam
1715 1847 1734 1880 ,
1767 1789 1888 1887 qui
1920 1790 2146 1889 legem
2181 1792 2284 1865 di-

176 1907 396 1979 cebat.
426 1905 581 1977 Sibi
610 1932 777 1978 sane
811 1905 1043 1979 tulerit
1060 1906 1223 2007 jura
1254 1905 1644 2004 simplicius
1677 1927 1832 1977 aetas
1861 1927 2102 1978 vetus:
2141 1893 2282 1979 mi-

181 2049 450 2122 norque
506 2022 717 2094 fuerit
758 2022 1133 2094 verborum
1190 2022 1500 2093 custodia
1521 2079 1540 2112 ‚
1593 2048 1817 2120 quum
1869 2022 2282 2095 intellecturi

180 2165 323 2211 non
368 2138 873 2211 timebantur2.
918 2140 1061 2210 Has
1104 2137 1297 2213 enim
1337 2137 1602 2237 primas
1643 2136 1934 2209 rudibus
1979 2136 2150 2227 illis,
2197 2164 2278 2211 ac

176 2253 605 2327 militaribus
632 2253 793 2327 viris
827 2253 1145 2325 existimo
1179 2252 1517 2352 placuisse
1559 2251 1781 2350 legeS,
1816 2250 2070 2347 quibus
2107 2251 2287 2323 inter

182 2368 527 2440 continua
552 2367 735 2440 bella
762 2368 1132 2467 praemium
1158 2394 1303 2440 non
1329 2368 1543 2440 avaris
1561 2366 1928 2440 virtutihus
1954 2365 2284 2440 dabatur:

184 2512 415 2583 neque
451 2511 579 2584 ego
620 2483 1066 2582 crediderim,
1102 2484 1460 2582 optionem
1488 2505 1653 2556 tunc
1683 2483 1874 2554 illam
1919 2484 2285 2582 respexisse

180 2599 273 2671 ad
306 2625 519 2671 onera
556 2597 973 2698 reipublicae.
1014 2597 1357 2669 Liberalis
1390 2617 1534 2666 erat
1561 2595 1862 2694 populus
1889 2621 1969 2666 ex
2003 2595 2236 2693 praeda
2265 2626 2280 2668 :

183 2713 379 2786 testis
412 2713 803 2785 carminum
836 2711 1244 2810 antiquitas,
1280 2709 1403 2780 ubi
1435 2708 1538 2780 illi
1563 2707 1771 2810 primi
1801 2707 2037 2779 heroes
2067 2736 2283 2782 cane-

184 2829 483 2900 bantur:
502 2827 787 2900 bellator
808 2826 977 2898 huic
998 2823 1305 2916 currus3,
1330 2823 1492 2896 huic
1514 2823 1777 2894 ducum
1799 2823 2086 2916 exuviae,
2112 2815 2284 2897 non·
2313 2851 2332 2876 ⁸

258 3023 303 3058 ι.
336 3006 553 3058 Iloua.-
572 3003 775 3077 felices.
800 3005 1052 3056 Francius
1071 3041 1087 3064 ‚
1101 3001 1195 3073 fe·-

184 3084 259 3138 lis
274 3097 329 3137 et
344 3085 417 3152 εἰ,
441 3098 544 3136 etc.
568 3084 733 3136 male:
758 3101 883 3134 nam
906 3081 1197 3136 laudabant

183 3179 435 3240 parentes
473 3165 545 3218 ob
580 3165 715 3218 filios
750 3165 917 3216 fortes
956 3178 1007 3217 et
1044 3181 1195 3232 egre-

182 3249 317 3316 gioe.
334 3245 473 3298 vide
492 3245 561 3297 ad
578 3247 787 3296 Petron.
806 3244 984 3308 xciv,
1001 3241 1195 3313 quibus

184 3325 325 3378 adde
350 3324 466 3390 Val.
510 3323 649 3376 Flac.
682 3326 750 3389 V,
782 3322 917 3388 384,
952 3335 1006 3374 et
1042 3322 1195 3374 Lucas

184 3407 387 3474 Evnng.
416 3405 495 3468 11,
522 3419 603 3473 27.
635 3403 806 3454 Banu.
830 3429 895 3440 —-
933 3401 1004 3454 Ut
1032 3411 1080 3452 te
1104 3419 1198 3452 cu-

183 3495 369 3554 perem
402 3497 691 3555 aquoso-ere.
730 3483 853 3534 Non
888 3481 1093 3550 accipio
1130 3479 1197 3532 de

184 3565 323 3615 veris
354 3561 627 3633 quibusvis
649 3559 987 3631 parentibus,
1014 3558 1108 3610 sed
1128 3558 1197 3610 de

186 3645 286 3696 hac
314 3646 435 3715 ipsa
462 3657 703 3695 matrona
720 3679 736 3706 ‚
762 3645 975 3712 quicum
998 3642 1200 3693 consti-

186 3726 249 3774 tit
274 3745 287 3774 ε
340 3736 395 3772 et
444 3720 563 3791 lego
592 3741 607 3771 ε
666 3720 884 3772 Utinam
933 3718 1199 3772 credibilia

170 3797 450 3873 finxisset!
490 3799 767 3871 effeceras,
808 3811 866 3852 ut
908 3811 957 3852 te
994 3811 1201 3870 cuperet

184 3898 480 3954 aquea-ere.
504 3880 745 3932 Gnosov.
772 3882 847 3931 Ita
872 3879 1002 3933 Obr.

1276 3012 1409 3052 ceat.
1446 3001 1590 3052 Alias
1629 2997 1977 3052 inteuecturi:
2013 3016 2064 3054 et
2099 3023 2285 3059 sensus

1276 3091 1383 3144 est,
1424 3099 1546 3130 nam
1583 3097 1744 3150 quum
1779 3078 1934 3130 verba
1975 3097 2282 3153 captantur,

1275 3177 1373 3210 nec
1409 3179 1442 3210 a
1473 3159 1670 3233 syllaba
1701 3157 1824 3210 licet
1859 3158 2057 3231 absque
2095 3163 2282 3218 fraude

1274 3240 1518 3293 recedere
1531 3247 1560 3305 .,'
1572 3255 1684 3294 tum
1704 3239 1888 3292 harum
1911 3241 2284 3313 formularum,

1274 3340 1327 3380 et
1363 3325 1526 3376 litere
1547 3321 1862 3394 syllabaeque
1894 3323 2282 3377 tendicularum

1274 3409 1578 3480 peritior-eat,
1604 3419 1662 3456 ut
1684 3408 1890 3476 Appius
1913 3407 1998 3458 ille
2023 3421 2144 3459 ante
2167 3407 2284 3458 Fla-

1274 3488 1345 3538 vii
1382 3484 1714 3546 aedilitatem,
1748 3503 1872 3538 sane
1905 3501 2182 3552 caventur,
2216 3488 2287 3539 ti·-

1278 3577 1613 3634 menturque.
1643 3565 1824 3617 AEnon.
1853 3593 1925 3604 -
1948 3565 2072 3618 Non
2101 3567 2284 3620 avar-is.

1277 3646 1403 3697 Non
1424 3642 1660 3708 avarius,
1687 3643 1863 3696 AErod.

1350 3725 1400 3776 3.
1429 3720 1668 3774 Bellator
1687 3741 1877 3775 cunm.
1901 3728 1983 3777 An
2007 3743 2194 3797 equus,
2219 3739 2288 3774 an

1280 3799 1536 3853 bellatori.
1597 3801 1815 3854 Scnuun
1873 3803 1949 3853 lta
2011 3825 2034 3848 ιι
2063 3801 2288 3853 bellator

1286 3901 1310 3926 ι
1330 3899 1526 3950 equus,
1547 3903 1570 3925 ι
1596 3883 1738 3949 Virg.
1771 3880 1962 3950 Geor-g.
1991 3883 2062 3944 ΙΙ,
2091 3879 2216 3946 145,
2235 3889 2289 3930 et

260 3981 313 4015 2.
340 3964 516 4032 Quum
538 3959 831 4014 intellectus
855 3960 911 4013 1ιί
932 3979 1041 4013 non
1062 3961 1205 4012 time·
1281 3959 1422 4012 alibi.
1449 3959 1623 4012 Valer.
1647 3961 1788 4011 Flac.
1811 3962 1884 4020 ΙΙ,
1900 3959 2034 4020 386;
2059 3973 2110 4011 ct
2134 3982 2156 4004 a
2177 3957 2288 4009 bel-

186 4043 396 4094 Μηίων.
418 4041 490 4094 Ut
514 4039 615 4094 sub
638 4043 817 4112 specie
838 4041 994 4112 legis,
1021 4053 1070 4092 et
1092 4059 1203 4093 ver·

188 4120 271 4173 bia
294 4119 441 4172 illins
464 4119 653 4184 salvis,
674 4121 915 4190 iniquum
939 4133 1125 4191 optare
1142 4121 1205 4172 li-

1288 4061 1311 4088 ·
1330 4039 1481 4092 latrix
1495 4039 1650 4110 gleba
1668 4061 1689 4084 n
1710 4037 1878 4090 eidem
1901 4037 1986 4088 vn
2001 4077 2016 4100 ‚
2037 4038 2158 4089 612.
2181 4035 2294 4090 Bel-

1292 4139 1313 4164 ·
1334 4118 1472 4170 lator
1499 4136 1746 4189 campus,
1771 4139 1794 4164 u
1819 4115 2288 4184 Stat.‘rheb.vlll‚

1922 4207 2000 4256 15.
