2855 4871
645 416 1494 489 DECLAMATIONES.
1541 418 1778 486 CCCI.
2133 442 2256 509 207

158 548 325 647 pius
358 539 797 642 cognoverit?
831 539 1177 639 quidquid
1214 538 1390 645 illud
1426 540 1595 629 fuit,
1637 566 1728 611 ne
1771 540 2266 641 dedignaretur

158 662 393 749 dives,
439 657 751 730 maxima
798 674 984 753 parte
1032 653 1302 746 curavi,
1354 653 1503 753 ipse
1547 654 1946 763 composui,
1999 676 2066 726 et
2114 676 2267 755 post

158 775 653 862 securitatem,
701 768 913 842 modo
955 769 1281 841 conviva¹
1336 794 1528 840 serus
1575 769 1852 841 accessi.
1905 770 2041 841 Sed
2091 798 2266 869 opus

159 910 307 961 erat
329 885 763 959 ministerio:
794 882 926 955 hoc
956 908 1359 982 paraveram
1386 882 1564 954 mihi
1591 909 1734 954 non
1757 885 2056 981 pecunia
2074 940 2094 975 ,
2121 910 2263 956 non

160 1004 569 1103 emptioue3
610 1000 730 1072 sed
760 1024 1045 1071 uxorem
1074 998 1397 1071 ducendo
1415 1054 1436 1088 ‚
1473 997 1839 1071 educando
1863 998 2048 1071 hanc
2067 1001 2271 1098 puel·-

160 1118 331 1189 lam.
368 1115 819 1188 Admiratum
852 1112 1112 1185 credidi
1135 1169 1154 1202 ,
1187 1112 1377 1211 quod
1417 1111 1533 1183 hic
1570 1138 1766 1185 sexus
1803 1111 2266 1187 ministraret:

162 1259 391 1333 eoque
431 1230 661 1329 magis
701 1228 953 1328 pudori
1002 1227 1182 1299 mihi
1228 1226 1416 1299 fuit²
1441 1285 1461 1317 ,
1499 1227 1812 1299 confiteri
1854 1254 1996 1299 esse
2045 1228 2268 1299 filiam

164 1376 406 1423 meam
431 1376 447 1420 ε
477 1374 647 1419 nam
673 1372 901 1446 neque
928 1366 1069 1417 erat
1090 1345 1148 1415 is
1172 1344 1436 1435 cultus,
1465 1363 1530 1416 et
1553 1345 1792 1417 notitia
1816 1344 2016 1417 nobis
2040 1345 2270 1419 adhuc

163 1493 341 1539 nova
374 1492 393 1537 :
436 1484 509 1538 et
542 1484 819 1555 tamen,
859 1463 915 1535 si
956 1489 1073 1534 me
1102 1487 1383 1561 quoque
1423 1462 1938 1563 interrogasset,
1979 1485 2274 1561 respon-
2325 1510 2330 1515 -

164 1583 421 1655 dissem
442 1637 462 1670 ,
490 1578 743 1651 servuli
765 1578 867 1650 tui
892 1604 1157 1650 sumus.
1184 1579 1344 1648 Non
1380 1576 1770 1677 persuadeo
1795 1598 2032 1649 tamen
2059 1577 2272 1667 mihi,

166 1718 241 1769 ut
282 1694 655 1770 crediderit
688 1719 703 1765 t
756 1718 987 1791 neque
1029 1692 1223 1763 enim
1263 1690 1534 1765 irritare
1575 1710 1722 1791 tarn
1763 1692 2090 1765 delicatas
2126 1691 2276 1792 ejus

168 1810 583 1910 cupiditates
618 1808 953 1906 potuisset
984 1805 1283 1878 ancilla:
1320 1832 1448 1877 nec
1479 1807 1682 1896 fecit,
1717 1806 1908 1906 quod
1949 1800 2277 1881 adversti's

168 1928 349 2001 hanc
382 1925 911 2000 conditionem³
947 1925 1097 1998 fieri
1132 1927 1413 1997 fortasse
1449 1923 1816 2023 potuisset:
1853 1925 2080 2023 rapuit
2100 1946 2280 1996 tam-

168 2156 417 2214 apparet3
440 2143 631 2195 notitia
649 2140 821 2199 adluoe
836 2160 991 2195 nova.
1015 2144 1183 2195 Βυιιι.
1267 2140 1380 2193 ravi
1392 2180 1409 2207 ,
1444 2141 1552 2212 ipse
1574 2139 1843 2212 ‚composui
1855 2161 1876 2201 ,-
1905 2157 1976 2192 ue
1998 2154 2103 2209 qua
2132 2136 2280 2191 diviti

169 2250 241 2260 —-
272 2222 483 2275 cin-avi.
520 2220 585 2272 Et
619 2220 725 2273 hoc
755 2220 893 2271 inter
930 2218 1185 2272 culinaria
1265 2222 1489 2293 periculi
1513 2235 1605 2275 aut
1627 2222 1819 2273 veneni
1839 2221 2074 2292 euspicio
2099 2232 2280 2291 posset

170 2298 587 2352 verbaxrerem.
610 2296 776 2351 Andr.
796 2299 848 2365 1,
876 2314 928 2350 1:
956 2310 1057 2349 «ut
1074 2294 1187 2350 hoec
1267 2304 1426 2355 oriri:
1463 2303 1582 2355 vide
1615 2322 1762 2376 supr.
1797 2300 1942 2356 Decl.
1980 2300 2094 2368 XV,
2128 2302 2194 2369 6,
2228 2312 2282 2355 et

177 2401 200 2423 ι
220 2392 366 2431 recte
390 2390 665 2431 curentur.
686 2400 711 2425 κ

248 2477 269 2511 1
281 2499 293 2510 .
312 2461 441 2514 Post
456 2463 779 2514 semitam
800 2458 955 2512 modo
970 2458 1187 2511 conviva

170 2559 327 2594 serus.
360 2539 425 2593 ld
457 2557 567 2608 est,
600 2555 951 2612 posteaquam
978 2543 1050 2592 ita
1078 2559 1188 2592 me-

171 2637 305 2672 cum
338 2633 519 2672 actum
546 2622 873 2686 existimavi,
908 2631 969 2672 ut
1003 2635 1189 2672 secure

172 2716 401 2770 possem
422 2697 631 2751 divitem
656 2698 725 2750 ad
745 2715 949 2750 coenam
969 2715 1190 2766 vocare,

172 2777 259 2828 sic
286 2787 349 2826 ut
376 2794 493 2826 eam
518 2779 729 2828 omnino
760 2795 869 2827 non
896 2775 1189 2841 fastidiret,

176 2871 283 2907 uec
320 2851 726 2924 dedignaretur,
768 2852 929 2906 modo
970 2855 1191 2908 conviva

175 2951 336 2986 carus
356 2933 585 3000 accessi,
604 2945 706 2984 etc.
720 2934 903 2986 AEnon.
922 2931 1193 2998 Rhodius,

176 3015 334 3067 modo
357 3015 585 3066 conviva
608 3034 774 3078 canas,
799 3015 1035 3077 accessit,
1060 3013 1191 3064 alios

179 3098 253 3148 ait
270 3095 482 3166 legere:
506 3107 561 3148 et
578 3105 697 3166 post
718 3095 853 3147 hane
874 3113 1051 3146 curam
1076 3105 1193 3146 tan-

180 3177 451 3228 tummodo
510 3176 731 3230 conviva
790 3193 942 3226 carus
991 3174 1191 3226 accessi.

180 3254 473 3324 Quomodo
500 3273 659 3308 ausus
688 3273 901 3306 movere
927 3252 1059 3305 illud
1086 3267 1195 3306 tam

180 3335 389 3410 liquido
414 3336 677 3407 probum,
699 3337 869 3390 unu?
889 3332 995 3388 dmi
1013 3335 1101 3387 τοῦ
1117 3353 1197 3388 se-

180 3420 454 3470 caritatem
488 3416 637 3470 haud
668 3417 829 3470 dubie
862 3416 1200 3470 scribendum

182 3496 534 3548 sedulitatem.
570 3499 672 3548 Pro
704 3495 891 3562 modo,
924 3507 1079 3566 potes
1113 3497 1200 3547 de-

184 3597 359 3645 mm,
379 3579 463 3629 vel
490 3589 629 3630 tuuc.
656 3578 769 3630 Nisi
793 3579 989 3629 mavis:
1016 3589 1067 3629 et
1085 3587 1203 3649 post

182 3659 517 3712 sedulitatem
549 3660 789 3712 dominus
815 3659 1043 3712 convivae
1067 3677 1203 3712 serus

184 3742 386 3795 accessi.
414 3741 551 3793 Nam
577 3740 844 3806 dominus,
868 3741 959 3811 qui
982 3741 1202 3812 excipit,

184 3821 412 3872 conviva
426 3859 445 3885 ,
487 3815 579 3890 q'ui
620 3819 894 3890 excipitur.
930 3817 1097 3870 (3⁸0⁸.
1138 3819 1201 3871 Et

180 3901 642 3974 pensatun‘tatem
662 3899 815 3953 modo
834 3901 1063 3952 convivoe
1074 3901 1204 3952 senis

184 3981 393 4033 neceni.
407 3977 669 4034 Obrecht.
684 3979 865 4031 nescio
881 3997 948 4032 an
966 3979 1205 4052 secur-itas

182 4057 281 4112 hic
312 4062 515 4113 moveri
542 4059 765 4126 debeat,
792 4079 954 4133 quum
979 4079 1203 4134 respon-

186 4141 322 4194 dent
348 4155 471 4214 apte
502 4141 919 4215 praecedentibus
934 4180 951 4209 ‚
984 4145 1089 4214 ipse
1119 4161 1207 4194 eu·

1264 2382 1393 2438 hinc
1419 2398 1556 2458 supe
1587 2384 1774 2440 divites
1789 2424 1806 2452 ‚
1839 2384 1988 2458 apud
2018 2401 2281 2458 pauperes

1268 2465 1588 2533 coenabant,
1626 2468 1748 2538 quia
1789 2466 1864 2518 ibi
1905 2479 2056 2518 erant
2095 2484 2280 2518 secura

1268 2545 1508 2597 convivia
1525 2583 1542 2612 ‚
1566 2559 1618 2597 et
1642 2558 1702 2597 ut
1722 2545 2001 2607 Horatius,
2021 2541 2281 2594 Maecena-

1269 2636 1377 2675 tem
1407 2641 1634 2690 vocaus,
1668 2623 1769 2688 ait,
1799 2623 1898 2686 111,
1936 2620 2026 2672 od.
2047 2635 2144 2688 29,
2181 2621 2278 2671 132

1275 2723 1297 2748 α
1320 2701 1634 2774 Plerumque
1657 2713 1816 2771 graue
1839 2697 2091 2752 divitibus
2112 2700 2251 2751 vices
2266 2735 2282 2764 ‚

1277 2802 1299 2824 ι
1321 2777 1638 2848 Mundaeque
1671 2796 1837 2848 parvo
1872 2775 1972 2829 sub
2005 2776 2114 2829 lare
2144 2795 2282 2847 pau-

1276 2879 1301 2905 «
1318 2852 1718 2929 perumGoenae‚
1735 2858 1848 2908 siue
1867 2855 2044 2908 aulaeis
2063 2867 2116 2908 et
2137 2870 2284 2910 ostro
2351 2859 2358 2868 '

1276 2961 1301 2986 ι
1320 2938 1610 2992 Sollicitam
1649 2937 1950 3010 explicuere
1985 2938 2233 2990 frontem.
2256 2961 2278 2984 ι.

1272 3021 1342 3071 Ut
1374 3035 1554 3074 autem
1587 3033 1767 3072 noster
1794 3021 2105 3072 convivator
2135 3036 2285 3073 serus

1274 3099 1478 3152 accedit
1515 3113 1737 3172 propter
1773 3119 1952 3152 curam
1991 3115 2154 3152 coenae
2188 3118 2287 3172 pa-

1274 3180 1451 3234 randoe
1465 3183 1758 3255 impensam
1770 3222 1787 3250 .,
1807 3185 1879 3235 ita
1894 3198 1946 3234 et
1962 3182 2286 3235 Trimalchio

1274 3278 1372 3333 per
1402 3260 1738 3314 insolentiam
1773 3260 1990 3314 ultimus
2023 3259 2286 3314 recumbit

1277 3341 1421 3415 apud
1447 3343 1658 3394 Petron.
1687 3341 1859 3394 XXXI
1884 3353 1936 3392 et
1958 3339 2176 3394 xxxm
2192 3379 2208 3406 ,
2233 3353 2287 3392 et

1279 3434 1337 3473 ut
1360 3434 1540 3473 noster
1565 3419 1654 3474 hic
1669 3459 1686 3486 ‚
1717 3421 1790 3472 ita
1813 3417 2103 3470 Fortunata
2123 3458 2139 3485 ‚
2163 3437 2281 3490 cap.

1276 3501 1460 3554 van
1475 3539 1490 3568 ,
1521 3504 1677 3553 etiam
1709 3501 1858 3554 abest
1873 3538 1890 3566 ,
1915 3501 2140 3554 convivii
2165 3519 2286 3553 om-

1278 3582 1364 3632 nia
1390 3597 1599 3632 curans.
1625 3581 1794 3632 Eunu.

1354 3681 1401 3714 2.
1443 3659 1652 3714 Pudore
1697 3659 1836 3712 mihi
1867 3661 2001 3734 fuit.
2049 3659 2248 3712 Pudore·
2267 3699 2284 3728 ‚

1282 3739 1460 3796 AErod.
1497 3739 1750 3796 Obrecht.
1785 3755 1838 3795 et
1871 3761 1972 3796 nos
2002 3761 2124 3794 cum
2160 3737 2282 3794 edit.

1280 3821 1491 3894 Bipont.
1523 3851 1589 3862 —
1607 3823 1750 3874 Nam
1775 3837 1940 3893 nequ-e
1963 3831 2087 3872 erat.
2111 3816 2286 3872 Nam-

1280 3918 1381 3975 que
1401 3911 1512 3954 erat
1535 3902 1598 3966 is,
1625 3898 1805 3951 AErod.
1827 3901 1950 3951 Non
1969 3897 2138 3958 male3
2165 3915 2287 3948 nam

1282 3981 1695 4052 subintelligitur
1713 3979 1890 4032 cultus
1909 3997 2084 4032 novus.
2102 3979 2197 4030 En.

1355 4061 1405 4113 3.
1443 4057 1822 4112 Conditt'onem.
1861 4055 2108 4111 Seu-vilem
2148 4055 2290 4110 scili·

1284 4153 1386 4194 cet.
1415 4129 1604 4193 Justin.
1629 4139 1732 4202 Vl,
1759 4138 1824 4190 3:
1862 4161 1883 4185 ιι
1903 4136 2110 4209 Populo
2138 4139 2290 4191 resti-
