2855 4871
565 406 1404 475 DECLAMATIONES.
1450 406 1912 477 CCCXXHI.
2156 410 2281 479 313

181 530 372 630 plis;
420 556 568 603 non
607 516 913 631 profecto
955 530 1422 635 acciperemus
1464 557 1479 601 :
1530 530 1745 630 pluris
1786 530 1984 604 nobis
2029 531 2282 631 pietas,

181 644 419 743 pluris
463 644 666 716 nobis
711 642 987 743 opinio,
1035 643 1252 742 pluris
1297 642 1667 742 disciplina
1707 643 1987 717 civitatis
2028 644 2283 719 fuisset.

179 760 496 831 Moritur
525 758 727 831 miles
753 758 1120 831 Alexandri
1159 786 1174 830 :
1223 759 1343 830 sed
1388 758 1733 857 templum
1768 759 1914 831 sine
1952 759 2285 852 numine,

183 874 352 946 sine
391 873 770 974 religione:
807 873 926 947 sed
968 874 1315 974 templum
1353 873 1585 946 adhuc
1627 893 1727 946 est
1767 874 1943 947 inter
1976 874 2289 973 praesidia

183 988 506 1061 hostium
550 1017 564 1060 :
617 990 736 1061 sed
785 1016 930 1062 non
975 989 1071 1060 ire
1119 988 1335 1080 mihi,
1387 1014 1531 1060 non
1581 990 1837 1079 colere,
1887 1016 2032 1063 non
2066 1017 2285 1089 agno-

184 1129 420 1195 scere,
446 1130 591 1177 non
615 1129 816 1202 agere
839 1103 1085 1201 gratias
1109 1102 1292 1175 licet.
1309 1105 1456 1175 Vos
1479 1130 1682 1202 porro
1711 1131 1835 1175 cur
1860 1104 2082 1203 perire
2106 1130 2293 1175 exer-

185 1218 420 1291 citum
461 1217 880 1311 Alexandri,
925 1244 1048 1291 cur
1093 1243 1523 1317 perseverare
1571 1218 1772 1290 istam
1821 1218 2289 1317 pestilentiam

185 1334 452 1408 vultis?
501 1362 760 1436 nempe
807 1361 896 1407 ne
944 1333 1217 1406 bellum
1263 1316 1603 1406 haberetis
1644 1361 1659 1406 :
1708 1333 1977 1407 habetis
2023 1360 2288 1432 pacem.

187 1451 634 1525 Beneficium
661 1451 978 1541 dedistis3
1011 1478 1092 1523 ex
1117 1450 1261 1541 illo,
1290 1477 1503 1550 quem
1526 1450 2008 1550 gravissimum
2026 1450 2293 1523 hostem

187 1566 665 1657 timebamus,
726 1567 1068 1640 habemus
1127 1566 1687 1666 potentissimum
1746 1566 2084 1639 amicum.
2143 1565 2296 1637 Sint

189 1711 366 1757 sane
407 1684 781 1784 pertinacia
807 1684 1000 1757 odia.
1046 1684 1437 1757 Alexander
1482 1710 1805 1785 responso
1840 1683 2289 1756 satisfecerat:

193 1799 392 1898 quod
437 1799 525 1873 ad
567 1801 797 1900 ipsum
843 1799 1211 1900 pertinuit,
1245 1800 1595 1899 templum
1630 1799 2013 1871 restituerat
2047 1826 2061 1869 :
2106 1796 2296 1897 quod

193 1914 287 1987 ad
317 1914 698 1988 secundam
729 1942 1012 2015 quoque
1041 1934 1309 2014 partem
1341 1913 1649 2015 responsi
1677 1911 2093 2013 pertinebat,
2123 1912 2297 1984 fece-

195 2053 301 2103 rat
335 2052 738 2131 potestatem
767 2031 1169 2125 dedicandi,
1201 2030 1598 2105 mercedem
1629 2050 1965 2130 quantam
1996 2028 2294 2102 maxime

197 2146 348 2219 dari
371 2161 388 2191 ¹
432 2168 731 2247 poterat,
768 2147 1168 2247 reipublicae
1200 2146 1419 2220 dedit.
1450 2148 1631 2218 Tam
1673 2145 1962 2245 injustos
1990 2172 2108 2218 vos
2147 2170 2297 2216 cre-

199 2263 358 2335 ditis
392 2265 556 2337 deos
585 2264 1015 2337 immortales
1034 2321 1053 2356 ,
1097 2284 1180 2337 ut
1210 2291 1356 2335 non
1385 2263 1652 2336 fuerint
1681 2260 2069 2363 cogitaturi,
2100 2260 2299 2363 cujus

197 2378 406 2480 culpa
459 2379 804 2480 tem'plum
849 2378 1159 2453 vacaret?
1215 2405 1422 2470 nam,
1477 2398 1556 2452 ut
1606 2378 1787 2469 dixi,
1852 2378 1907 2451 si
1964 2377 2299 2478 pestilen-

201 2495 371 2566 tiam
405 2495 597 2567 finiri
639 2495 736 2568 dii
771 2495 1195 2568 immortales
1234 2496 1656 2584 noluissent,
1692 2515 1811 2567 aut
1836 2493 2119 2567 nullum
2155 2517 2299 2564 res-

143 2609 156 2628 “
201 2637 546 2709 pensum,
581 2632 706 2683 aut
735 2610 930 2683 aliud
969 2631 1144 2684 certe
1175 2611 1563 2684 dedissent:
1597 2610 2067 2682 demonstrata
2106 2606 2302 2678 satis-

203 2726 407 2798 factio
434 2725 604 2798 etin
632 2726 764 2799 hoc
791 2725 1003 2817 valet,
1033 2747 1117 2798 ut
1142 2725 1551 2826 accipienda
1576 2724 1682 2796 sit.
1706 2727 1989 2812 Vereor,
2003 2721 2298 2822 judices,

205 2867 298 2912 ne
333 2842 506 2942 quid
549 2843 809 2944 fingere
852 2870 932 2916 ex
965 2842 1362 2916 necessitate
1395 2841 1683 2942 periculi
1714 2840 1982 2928 videar,
2015 2866 2299 2911 verum-

204 2977 442 3030 tamen
483 2983 602 3030 me
635 2957 990 3058 religionis
1019 2983 1190 3029 meae
1225 2955 1687 3046 dissimulare,
1719 2981 1869 3055 quae
1904 2953 2305 3027 acciderunt

205 3102 345 3149 non
391 3076 566 3150 sinit
607 3077 796 3149 ratio.
839 3074 1316 3148 Alexandrum
1353 3073 1547 3175 apud
1590 3101 1705 3146 me
1731 3073 2029 3146 valuisse
2069 3071 2299 3144 solum

205 3191 462 3288 putatis
483 3250 504 3283 ,
547 3212 667 3264 aut
697 3191 916 3264 ullam
965 3189 1404 3264 mercedem?
1451 3216 1578 3289 ego
1621 3189 1825 3262 illum
1872 3212 2301 3261 recessurum

204 3305 583 3402 putabam,
636 3305 907 3377 etiamsi
953 3332 1098 3378 non
1150 3304 1661 3404 pacisceretur:
1716 3303 1923 3391 deus,
1970 3300 2141 3373 deus
2186 3299 2301 3371 ille

207 3418 450 3512 (testor
489 3418 720 3518 ipsum
762 3438 828 3491 et
867 3420 1379 3519 praesentissimi
1415 3418 1914 3491 conscientiam
1952 3414 2303 3510 numinis)

207 3531 322 3606 ille
349 3533 616 3632 adegit,
653 3535 772 3607 ille
799 3534 1040 3636 jussit,
1075 3535 1192 3608 ille
1223 3536 1296 3607 in
1333 3535 1457 3607 has
1487 3547 1765 3633 preces²
1798 3532 1989 3605 misit
2017 3559 2031 3604 :
2064 3556 2304 3604 secun-

207 3647 378 3720 dum
405 3649 545 3722 hoc
576 3651 1105 3749 quodammodo
1139 3652 1272 3724 fuit
1304 3677 1741 3750 responsum.

283 3828 325 3864 1.
356 3813 624 3882 Quantam
655 3815 887 3867 maxime
916 3815 1048 3868 dar-i.
1078 3816 1217 3869 Scri-
1371 3829 1420 3865 a.
1443 3813 1509 3864 In
1531 3813 1624 3866 has
1641 3831 1829 3884 preces.
1855 3812 1967 3875 An,
1987 3819 2182 3882 partes,
2207 3825 2302 3872 an,

205 3888 364 3944 bend.
383 3902 644 3966 quantam
667 3894 956 3946 maximam
979 3893 1102 3946 dare
1119 3911 1214 3966 po·
1291 3911 1492 3965 preces,
1516 3910 1631 3962 quae
1648 3895 1703 3944 in
1728 3889 2065 3943 dedicatione
2088 3884 2300 3938 fiebant.

212 3979 351 4022 terat.
387 3971 560 4024 Gnou.
583 3969 706 4023 vid.
743 3972 810 4024 ad
841 3974 950 4024 Liv.
988 3971 1059 4024 lx
1075 4011 1091 4040 ,
1128 3973 1212 4039 24.
1295 3972 1517 4024 Senum.
1533 3973 1667 4024 Hinc
1678 3970 1869 4040 aliquis
1880 3969 2145 4038 vulgatam
2162 3967 2305 4039 apud

215 4050 422 4118 Quanta
459 4053 696 4102 maxima
729 4052 847 4104 dari
863 4089 882 4117 ‚
919 4050 1211 4124 Schulting.
1295 4051 1449 4106 Ovid.
1472 4055 1636 4124 Epist.
1663 4052 1753 4117 lv,
1778 4051 1843 4118 37
1866 4070 1875 4096 ;
1908 4071 1929 4094 ι
1954 4051 2162 4119 ignotas
2185 4047 2305 4100 mit-

213 4141 267 4179 et
284 4130 415 4184 Obr.
1302 4152 1324 4177 σι
1344 4144 1430 4183 tor
1452 4132 1509 4182 in
1533 4127 1703 4194 artes‘,
1724 4152 1747 4176 n
1774 4128 2099 4181 defenderet.
